1551 2462
311 187 373 216 254
622 185 787 217 ROTULI
810 184 1047 218 SOACGARH
1268 187 1359 216 1464.

307 278 355 319 liij
373 283 395 310 ἔ.
412 278 459 319 iiij
477 278 505 310 d.
523 278 562 310 de
584 279 768 310 molendino
791 279 934 320 ejusdem
957 278 1089 309 dominii
1113 278 1151 309 de
1166 278 1360 309 Houstoune

308 328 348 359 de
364 327 448 359 dicto
465 339 556 359 anno.
602 329 645 359 Et
667 328 706 360 de
730 329 772 369 vij
791 333 812 360 ἔ.
830 329 861 369 vj
880 328 908 359 d.
926 328 964 359 de
988 328 1130 368 quinque
1147 328 1226 359 acris
1242 328 1360 368 cotagi-

309 387 399 408 orum
411 377 490 409 dicti
502 378 636 409 dominii
651 378 690 409 de
706 378 817 409 eodem
833 388 924 409 anno.
963 378 1006 409 Et
1021 377 1059 408 de
1076 377 1110 418 iij
1127 377 1158 408 fi.
1175 377 1207 418 vj
1226 381 1248 408 ἓ.
1261 377 1315 418 viij
1329 377 1358 408 d.

308 427 348 459 de
360 428 459 459 firmis
476 427 652 459 molendini
665 428 790 459 noviter
802 427 940 459 edificati
953 437 1049 468 prope
1061 427 1191 468 Lithqw
1207 427 1247 458 ad
1263 427 1361 458 finem

309 477 496 508 orientalem
518 477 670 518 ejusdem.
715 478 757 509 Et
781 477 820 509 de
843 488 888 508 xx
909 477 941 507 fi.
959 477 997 508 de
1020 477 1121 508 firmis
1141 479 1298 508 terrarum
1321 476 1361 507 de

310 527 508 564 Gunstoune,
533 527 761 563 Crounarland‚
788 530 820 558 et
850 527 1056 568 Mannuelrig
1086 527 1120 557 in
1150 526 1291 557 dominio
1321 526 1361 557 de

308 577 460 614 Manwel,
483 576 522 608 de
546 576 640 608 dictis
663 577 817 608 terminis.
863 577 906 607 Et
928 576 967 607 de
991 576 1037 617 iiij
1061 576 1093 607 11,
1111 576 1166 617 viij
1190 580 1212 607 ἓ.
1229 587 1251 606 x
1275 575 1304 606 d.
1320 575 1359 607 (18

308 627 408 658 firmis
425 629 582 657 terrarum
604 626 688 657 infra
711 626 874 657 baroniam
898 626 937 657 de
960 626 1126 663 Mannuel,
1143 625 1361 667 spectancium

310 676 471 717 quondam
487 676 608 707 Thome
631 675 775 716 Malwyl,
791 676 826 706 in
849 675 955 706 warda
978 676 1198 713 existencium,
1221 675 1361 716 demptis

309 726 417 757 terciis
433 726 549 757 debitis
565 726 688 757 duabus
706 726 893 757 dominabus
910 726 949 757 de
965 726 1093 758 eisdem.
1139 726 1181 757 Et
1194 725 1292 756 nichil
1308 725 1361 755 1118

310 778 395 809 dele
412 777 554 810 Colhoch
577 778 652 818 quia
668 781 767 814 vasta,
783 781 821 808 ut
844 778 956 809 asserit
978 781 1176 819 computans.
1222 778 1265 808 Et
1287 777 1326 808 de
1345 777 1358 817 j

310 830 415 861 celdra
431 830 513 861 ordii
533 830 545 870 j
571 829 677 861 celdra
700 839 873 860 avenarum
895 832 1053 860 terrarum
1076 829 1115 861 de
1136 829 1299 870 Kyncavil
1322 828 1361 859 de

311 892 395 912 anno
411 882 562 922 computi.
610 881 652 912 Et
667 881 706 912 de
723 881 756 922 iij
774 881 868 912 bouis
882 881 895 921 j
919 881 1032 912 serlota
1055 891 1128 912 cum
1151 881 1248 913 tercia
1271 884 1361 922 parte

311 930 424 961 ferlote
441 931 559 961 farrine
583 930 746 962 avenatice
770 930 947 961 molendini
970 930 1009 961 de
1024 930 1190 968 Mannuel,
1206 930 1242 961 in
1257 930 1362 961 warda

312 980 488 1017 existentis,
504 980 544 1011 de
560 980 696 1011 termino
712 980 823 1011 Sancti
838 980 975 1011 Martini
990 980 1075 1012 infra
1090 980 1149 1012 hoc
1166 983 1362 1022 computum,

312 1029 388 1070 quia
418 1032 496 1060 tune
526 1029 663 1059 solvitur
685 1031 822 1060 tantum.
869 1029 1002 1061 Summa
1025 1029 1134 1061 totalis
1157 1029 1363 1067 oneracioniS‚

308 1078 393 1119 j⁰lxx
408 1079 440 1110 11.
457 1078 514 1120 xiij
533 1083 556 1110 ἔ.
573 1079 628 1119 viij
654 1078 682 1109 d.
696 1079 709 1119 j
734 1078 840 1110 celdra
863 1079 944 1110 ordii
963 1079 976 1120 j
1001 1079 1107 1110 celdra
1129 1090 1304 1111 avenarum
1326 1079 1360 1120 iij

311 1128 396 1160 bolle
409 1129 420 1169 j
439 1128 552 1160 ferlota
569 1139 642 1159 cum
658 1129 754 1160 tercia
771 1132 860 1170 parte
876 1129 988 1161 ferlote
1004 1129 1122 1161 farrine
1137 1130 1310 1161 avenatice.

355 1178 503 1219 Expense
526 1178 677 1219 ejusdem.
724 1178 765 1209 In
788 1178 910 1219 primis,
926 1178 1060 1210 allocate
1083 1179 1285 1220 computanti
1307 1189 1364 1220 por

313 1227 508 1259 solucionem
525 1228 644 1259 factam
660 1228 768 1260 Carrio
784 1228 935 1270 signifero
959 1239 1014 1270 pro
1038 1229 1130 1260 feodo
1146 1240 1211 1266 suo,
1228 1229 1363 1270 percipi-

313 1278 380 1309 enti
396 1278 564 1309 annuatim
579 1278 689 1309 decem
704 1278 801 1309 libras
825 1278 864 1309 de
887 1278 987 1309 firmis
1010 1282 1166 1310 terrarum
1190 1279 1228 1310 de
1243 1279 1363 1310 Drum-

313 1337 409 1363 corse‚
426 1327 464 1358 de
487 1327 611 1358 duobus
634 1327 780 1358 terminis
804 1327 900 1368 hujus
923 1327 1067 1368 computi
1090 1331 1123 1360 et
1145 1328 1205 1359 sub
1221 1327 1363 1369 periculo

312 1376 538 1417 computantis,
561 1387 583 1407 x
605 1376 636 1407 li.
682 1377 725 1407 Et
747 1376 858 1414 eidem,
882 1377 921 1408 de
944 1378 1044 1409 firmis
1059 1377 1195 1409 duarum
1219 1388 1363 1408 acrarum

312 1425 351 1456 ad
376 1425 472 1456 finem
495 1425 682 1456 orientalem
705 1425 744 1456 de
767 1425 903 1466 Lithqw,
927 1427 1159 1467 assignatarum
1179 1426 1362 1457 molendino

313 1524 373 1555 bus
390 1524 570 1555 Car-melitis
586 1523 626 1555 de
642 1524 778 1564 Lithqw,
795 1534 834 1555 ex
850 1524 1017 1556 elimosina
1031 1525 1122 1566 regis,
1138 1525 1177 1556 de
1193 1528 1263 1556 octo
1282 1525 1362 1556 acris

313 1576 470 1606 terrarum
485 1583 565 1614 quas
581 1577 746 1614 occupant,
762 1574 802 1604 de
817 1574 928 1605 eodem
944 1584 1036 1612 anno,
1053 1575 1106 1614 xvj
1124 1579 1146 1605 ἔ.
1192 1575 1234 1605 Et
1250 1574 1363 1611 eidem,

313 1633 370 1664 per
391 1623 587 1654 solucionem
609 1623 728 1654 factam
751 1623 880 1654 domino
903 1623 1044 1655 Henrico
1067 1624 1242 1665 Kingorne,
1256 1634 1362 1655 senes-

314 1673 395 1705 callo
419 1672 573 1704 domicilii
595 1672 723 1704 domine
744 1673 860 1714 regine,
876 1673 917 1704 ad
940 1683 1093 1714 expensas
1110 1673 1264 1704 domicilii
1279 1673 1364 1714 ejus-

314 1723 397 1761 dem,
412 1723 451 1754 de
466 1722 617 1754 mandato
633 1722 755 1753 domini
769 1722 852 1764 regis
867 1722 1042 1754 literatorio
1065 1723 1125 1754 sub
1147 1722 1278 1764 signetO,
1294 1723 1364 1764 ipso

100 1768 291 1821 {kgffi‘ffijffin
315 1773 457 1804 Henrico
473 1772 594 1804 fatente
610 1782 666 1813 per
681 1772 872 1809 suasliteras
884 1775 1048 1813 receptum
1058 1782 1153 1813 super
1169 1775 1363 1813 computum,

99 1835 179 1858 gome.
315 1822 328 1853 l
349 1822 391 1860 ri„
408 1832 463 1863 pro
486 1822 604 1863 quibus
626 1821 836 1862 respondebit.
883 1821 925 1852 Et
948 1821 1060 1859 eidem,
1087 1831 1144 1862 per
1167 1821 1363 1853 solucionem

101 1869 265 1922 gfftffifflffit
316 1872 435 1903 factam
450 1871 600 1912 magistro
617 1870 726 1902 David
749 1870 883 1908 Guthre‚
899 1870 1103 1909 thesaurario,
1120 1871 1236 1902 fatenti
1258 1881 1364 1912 recep-

102 1917 230 1953 saurarihs.
315 1925 387 1952 tum
403 1931 497 1962 super
513 1924 708 1962 computum,
724 1920 750 1961 lj
766 1920 798 1952 fi.
814 1920 857 1961 vij
883 1924 915 1957 ἐ,
931 1931 987 1961 pro
1011 1921 1128 1962 quibus
1151 1921 1362 1962 respondebit.

316 1972 359 2002 Et
371 1971 482 2007 eidem,
492 1980 549 2011 per
559 1970 753 2001 solucionem
764 1969 882 2000 factam
892 1969 1021 2001 domino
1037 1970 1178 2001 Henrico
1189 1971 1364 2012 Kingorne,

317 2020 490 2052 senescallo
520 2019 648 2051 domiue
678 2019 785 2060 regine
823 2019 905 2051 bone
941 2019 1102 2057 memorie,
1132 2019 1172 2051 ad
1209 2030 1364 2061 expensas

102 2075 266 2109 Requndebit
317 2069 471 2101 domicilii
486 2069 638 2110 ejusdem,
653 2069 722 2110 ipso
740 2067 859 2100 fatente
875 2072 1038 2110 receptum
1055 2079 1150 2110 super
1169 2073 1364 2110 computum,

103 2105 127 2127 H
129 2112 202 2126 eeeee
201 2112 209 2127 1
211 2111 222 2127 s
407 2119 412 2123 .
604 2118 610 2123 .
891 2118 897 2123 ,

103 2134 232 2164 Kingome.
317 2129 361 2151 xv
390 2119 432 2157 11,
462 2129 519 2161 pro
557 2118 673 2160 qmbus
711 2118 921 2161 respondebit.
977 2118 1109 2150 Summa
1145 2128 1364 2160 expensarum,
