1551 2462
121 284 226 322 1467.'
429 291 590 323 REGUM
615 290 860 323 SCOTORUM.
1105 293 1165 322 457

118 383 203 415 ultra
229 384 356 425 propria
382 383 503 415 domini
527 384 619 425 regis,
645 387 682 415 ut
706 384 829 425 patebit
854 384 887 415 in
917 384 997 425 pede
1025 384 1167 424 computi

118 442 291 464 avenarum
317 433 450 464 inferius
477 433 637 474 descripti,
670 434 813 474 precium
838 433 954 476 „celdre
984 436 1048 464 tres
1079 433 1167 470 libre,

119 482 265 524 lxxxxvij
282 483 313 514 11'.
331 493 351 514 x
368 486 391 514 ἔ.
437 483 480 514 Et
496 483 608 521 eidem,
623 494 679 524 pro
696 485 838 525 quinque
855 483 969 515 celdris
994 494 1167 514 avenarum

119 532 299 573 expenditis
314 535 457 574 tempore
472 533 494 563 J
497 533 634 564 ohannis
652 533 842 574 Culquhone
859 533 898 564 de
914 532 1034 570 eodem,
1044 533 1167 569 militis,

119 582 195 614 olim
211 585 432 623 computorum
449 583 640 621 rotulatoris,
656 586 693 614 ut
704 583 828 624 patebit
843 583 877 614 in
888 583 998 614 eodem
1009 586 1167 624 computo,

119 630 260 672 ejusdem
283 631 391 672 precii,
413 642 457 663 xv
479 632 511 663 n.
557 633 599 663 Et
622 633 734 670 eidem,
750 643 806 674 per
829 633 1024 664 solucionem
1048 633 1167 663 factam

119 681 205 712 dicto
227 684 450 722 computorum
473 682 641 713 rotulatori
663 682 830 723 recipienti
853 693 949 724 super
971 681 1158 723 computum

1162 708 1168 719 ,
1331 707 1335 711 .

118 730 165 771 iiij
182 729 223 768 fi„
238 740 295 771 pro
318 730 434 772 quibus
451 732 662 772 respondebit.
708 732 841 763 Summa
862 742 1082 773 expensarum,
1099 731 1169 773 viij⁰
1183 706 1359 764 ἓῖῖἷῗὲᾱτᾛιξ-

113 779 268 821 lxxxxiiij
286 780 317 811 ii.
334 780 381 821 iiij
399 784 421 811 ἕ.
438 791 459 811 v
475 781 503 812 d.
515 781 562 813 ob.
608 782 651 812 Et
667 781 711 812 sic
723 782 968 823 superexposuit
978 785 1168 822 computans
1181 766 1381 825 lsadgss'rexpendit.

163 879 408 911 Memorandum
439 881 524 921 quod
551 884 739 921 computans
766 881 890 912 nullam
913 881 1011 912 habet
1037 881 1169 912 allocac-

119 929 224 961 ionem
247 929 287 961 de
310 930 409 961 firmis
436 934 592 961 terrarum
623 931 662 961 de
686 931 856 968 Berntnrk,
881 930 957 962 licet
980 934 1170 971 computans

120 983 267 1011 oneretur
283 989 356 1011 cum
372 980 492 1012 eisdem
507 980 567 1011 hoc
583 990 666 1011 anno
683 983 716 1011 et
730 980 832 1011 tribus
856 981 949 1011 annis
972 980 1170 1021 precedenti-

120 1029 180 1060 bus
204 1029 263 1061 hoc
287 1033 482 1071 computum,
506 1029 581 1061 licet
613 1030 724 1061 asserit
755 1040 787 1060 se
811 1030 927 1061 exinde
954 1029 1078 1060 nullam
1100 1040 1170 1070 per-

121 1079 241 1120 cepisse
257 1079 381 1110 firmam
396 1079 530 1120 pecunie
547 1089 650 1120 neque
666 1089 842 1120 granorum.
889 1079 958 1110 Nec
974 1079 1013 1110 de
1034 1082 1172 1119 quatuor

120 1127 212 1160 libris
232 1132 265 1159 et
287 1138 403 1159 novem
430 1128 539 1160 solidis
560 1139 637 1160 cane
654 1129 692 1159 de
713 1128 818 1169 Cupro
847 1129 885 1159 de
913 1138 996 1159 anno
1022 1128 1171 1159 vacancie

122 1177 206 1208 sedis
221 1177 417 1218 episcopalis.

165 1227 314 1268 Expense
343 1238 513 1268 granorum
537 1228 679 1268 ejusdem
703 1228 786 1258 anni.
833 1227 924 1258 Idem
948 1229 1058 1258 onerat
1082 1237 1114 1258 se
1137 1227 1172 1257 in

121 1277 233 1318 primis
263 1277 302 1308 de
332 1277 378 1318 iiij
410 1278 524 1309 celdris
556 1278 586 1318 vj
620 1277 714 1308 bollis
746 1277 900 1308 frumenti
930 1288 987 1318 per
1016 1277 1172 1318 arreragia

123 1326 230 1358 ultimi
254 1328 397 1368 computi
423 1327 474 1358 sui
503 1327 581 1358 anni
611 1327 799 1368 sexagesimi
829 1327 919 1358 sexti.
965 1327 1007 1357 Et
1030 1327 1069 1358 de
1092 1326 1170 1366 xxxj

123 1376 236 1408 celdris
259 1377 291 1417 vj
315 1377 409 1408 bonis
436 1377 469 1418 iij
495 1377 617 1408 ferlotis
640 1377 662 1417 ij
687 1377 790 1417 peccis
818 1376 971 1407 frumenti
994 1377 1033 1407 de
1055 1377 1172 1416 cr'oppo

122 1426 199 1457 anni
213 1426 401 1467 sexagesimi
418 1427 500 1457 sexti
521 1437 578 1467 per
599 1426 738 1467 integras
762 1427 868 1457 firmas
892 1426 1026 1457 dominii
1049 1426 1088 1456 de
1111 1426 1170 1456 Fir.

125 1476 255 1507 Summa
270 1476 378 1507 totalis
395 1476 590 1507 oneracionis
614 1476 769 1506 frumenti
792 1486 865 1506 eum
889 1476 1061 1516 arreragiis,
1083 1485 1168 1505 xxxv

124 1525 226 1557 celdre
257 1526 301 1566 xij
326 1525 410 1557 bolle
426 1526 460 1566 iij
485 1526 598 1557 ferlote
621 1526 644 1566 ij
669 1536 769 1566 pecce.
816 1526 865 1556 De
890 1525 1014 1566 quibus,
1039 1525 1172 1556 allocate

124 1575 323 1616 computanti
357 1585 414 1616 per
454 1575 679 1606 liberacionem
722 1575 839 1606 factam
878 1575 1017 1605 Patricio
1055 1575 1173 1615 Purdy,

123 1625 235 1666 pistori
250 1625 372 1656 domini
390 1625 480 1666 regis,
496 1635 515 1656 a
536 1625 658 1656 decimo
682 1625 869 1656 Decembris
892 1624 1048 1656 inclusive
1072 1635 1173 1664 usque

124 1675 311 1706 vicesimum
327 1679 476 1706 octavum
492 1675 514 1706 J
516 1675 585 1706 unii
601 1675 701 1706 eciam
717 1674 874 1705 inclusive
897 1674 981 1705 infra
1003 1675 1062 1705 hoc
1088 1685 1173 1705 com-

124 1727 239 1764 putum
278 1727 310 1755 et
346 1724 498 1755 intratam
536 1724 571 1754 in
610 1724 700 1755 libris
741 1724 900 1754 dictarum
938 1723 1174 1764 particulariter

124 1774 314 1805 examinatis
335 1784 430 1815 super
452 1777 647 1814 computum,
671 1783 737 1804 xxx
761 1773 872 1804 celdre.
919 1773 961 1804 Et
984 1773 1095 1810 eidem,
1118 1783 1174 1814 per

124 1821 347 1854 liberacionem
377 1823 495 1854 factam
533 1823 618 1854 dicto
654 1823 792 1853 Patricio
828 1823 938 1863 Purdy
969 1822 1008 1852 ad
1047 1822 1173 1853 easdem

122 1882 279 1913 expensas
295 1877 327 1904 et
350 1883 415 1904 non
438 1873 543 1904 adhuc
565 1873 700 1903 intratas
730 1872 765 1903 in
792 1872 882 1902 libris
910 1872 1076 1908 dietarum,
1103 1872 1172 1912 ipso

126 1921 245 1954 fatente
269 1926 433 1963 receptum
459 1932 553 1963 super
575 1924 770 1962 computum,
794 1921 840 1961 iiij
864 1920 968 1951 celdre
989 1921 1011 1960 ij
1034 1920 1119 1951 bolle
1137 1921 1171 1961 iij
1188 1944 1352 1973 Respondebit

125 1971 237 2003 ferlote
253 1972 275 2012 ij
293 1981 395 2012 pecce,
411 1981 468 2012 pro
484 1972 600 2012 quibus
617 1970 827 2011 respondebit.
874 1970 916 2000 Et
932 1969 1043 2006 eidem,
1066 1979 1122 2010 pro
1143 1970 1173 2001 le
1189 1974 1278 2002 Purdy.

126 2021 226 2053 inlaik
243 2021 381 2063 granalis
393 2022 432 2052 de
445 2031 529 2052 anno
540 2020 681 2061 computi
692 2024 724 2050 et
739 2019 778 2050 de
794 2019 918 2050 duobus
930 2019 1174 2060 precedentibus

125 2070 185 2102 hoc
214 2075 410 2112 computum,
441 2081 480 2102 ex
517 2070 773 2101 consideracione
804 2069 996 2106 auditorum,
1024 2070 1037 2110 j
1068 2069 1175 2101 celdra

127 2120 287 2152 frumenti.
332 2120 464 2151 Summa
491 2129 712 2161 expensarum,
739 2129 828 2149 xxxv
856 2118 959 2149 celdre
982 2119 1002 2159 ij
1029 2118 1111 2150 bolle
1139 2120 1172 2160 iij

127 2170 238 2201 ferlote
253 2170 274 2210 ij
292 2180 393 2211 pecce.
440 2170 481 2200 Et
498 2169 543 2200 sic
558 2172 680 2200 restant
697 2179 717 2198 x
734 2168 817 2199 bolle
834 2168 995 2199 frumenti.

170 2219 262 2256 Item,
278 2219 362 2250 idem
379 2222 488 2250 onerat
512 2228 544 2248 se
567 2217 606 2248 de
629 2218 685 2258 viij
711 2217 824 2248 celdris
848 2217 903 2258 viij
927 2217 1019 2248 bollis
1033 2217 1045 2257 j
1060 2217 1173 2249 ferlota
1188 2220 1337 2252 ordeum,
