1551 2462
403 285 441 315 47
447 285 463 313 6
716 281 886 314 ROTULI
909 282 1147 315 SOACCARH
1370 287 1459 318 146⁷.
1481 295 1490 306 *

401 377 509 408 firmas
532 376 643 409 decem
666 379 699 408 et
729 379 852 418 septem
874 376 1018 408 locorum
1042 377 1201 409 dictorum
1231 378 1455 417 frostersteffis,
1474 376 1476 378 ’

401 427 498 459 unius
528 427 659 464 hemlot,
687 430 719 458 et
748 427 845 458 unius
876 427 1054 458 benelesew
1084 427 1169 459 infra
1200 428 1341 459 wardam
1371 438 1458 467 coms

400 477 556 518 putantis,
572 477 612 508 de
634 477 781 508 terminis
804 477 914 508 Sancti
937 478 1026 509 Petri
1041 477 1082 509 ad
1098 478 1239 510 Vincula
1254 482 1287 510 et
1303 479 1456 510 Omnium

402 527 594 558 Sanctorum
617 526 703 558 infra
726 526 787 558 hoc
817 530 1013 568 computum.
1060 528 1193 559 Summa
1223 528 1320 570 hujus
1351 529 1455 561 oneris

401 579 498 617 patet.
1376 581 1380 585 '

445 627 540 664 Item,
555 626 641 658 idem
657 629 768 658 onerat
783 637 816 658 se
833 627 872 658 de
888 627 990 668 xxxiij
1007 627 1039 658 E
1056 627 1089 668 xj
1107 631 1129 659 s.
1151 638 1208 669 per
1231 628 1337 660 exitus
1360 628 1456 661 unius
1489 637 1491 640 ’

401 676 488 708 curie
511 676 595 708 dicte
619 676 828 709 Beltancourt
851 679 940 709 tente
963 678 1048 709 infra
1070 678 1212 709 wardam
1238 678 1455 720 computantis
1486 672 1491 679 ¹

400 737 458 768 per
472 730 600 769 tempus
616 727 766 768 computi.
813 727 946 758 Summa
961 727 1059 766 hujus
1074 728 1179 759 oneris
1194 731 1291 770 patet.

445 777 578 808 Summa
599 776 708 808 totalis
732 776 929 808 oneracionis
951 779 1059 818 preter
1081 778 1245 819 arreragia,
1258 776 1397 819 j⁰xxxvij
1421 777 1453 810 E
1482 782 1491 818 ζ

399 826 469 867 xiiij
487 831 510 858 s.
527 826 573 867 iiij
598 826 627 858 d.
674 826 808 857 Summa
830 826 940 857 totalis
963 827 1161 858 oneracionis
1185 837 1259 859 cum
1280 827 1454 869 arreragiis,

399 874 503 916 vj⁶xlv
519 875 551 908 n.
568 876 624 916 viij
642 880 664 907 s.
681 876 728 916 iiij
746 875 774 906 d.

443 926 592 966 Expense
608 925 759 966 ejusdem.
806 925 847 956 In
870 925 991 966 primis,
1014 926 1149 958 allocate
1173 927 1375 968 computanti
1396 937 1454 968 per

398 976 595 1007 solucionem
615 976 735 1007 factam
754 975 894 1007 Roberto
917 975 1136 1017 Hoppringill,
1157 977 1310 1018 magistro
1333 976 1454 1008 cursori
1483 975 1485 979 ’

399 1026 484 1057 dicte
500 1026 613 1064 warde,
629 1036 686 1067 pro
703 1025 806 1056 officio
822 1035 879 1057 suo
902 1025 941 1057 de
957 1025 1095 1057 termino
1118 1026 1270 1068 computi,
1286 1027 1318 1067 vj
1335 1026 1366 1058 fi.
1411 1027 1454 1058 Et
1473 1021 1487 1064 .-

399 1075 609 1117 computanti,
624 1085 682 1116 pro
705 1075 799 1106 feodo
821 1085 879 1106 suo
904 1075 944 1106 de
967 1075 1087 1107 eisdem
1112 1077 1269 1114 terminis,
1284 1077 1316 1118 vj
1333 1076 1365 1108 Π.
1409 1077 1453 1108 Et

399 1126 512 1163 eidem,
536 1126 575 1157 de
596 1125 696 1157 firmis
718 1125 782 1157 loci
809 1125 848 1156 de
875 1125 1012 1164 Corslee,
1035 1126 1177 1158 concessi
1201 1137 1258 1167 per
1285 1127 1452 1159 dominum
1487 1153 1491 1157 .

398 1186 506 1218 regem
535 1176 666 1207 domino
692 1175 949 1216 Hammyltoune
974 1175 1010 1207 in
1040 1176 1244 1207 excambium
1274 1186 1332 1218 pro
1359 1177 1453 1209 certis
1484 1178 1487 1179 ⁷

397 1226 490 1257 terris
506 1225 589 1257 datis
605 1235 662 1266 per
678 1225 846 1256 dominum
863 1235 970 1266 regem
994 1225 1154 1257 Herberto
1177 1226 1216 1257 de
1240 1226 1262 1257 J
1264 1226 1452 1265 ohnstoune,

398 1286 461 1316 que
479 1279 559 1307 terre
575 1275 781 1316 pertinebant
796 1275 926 1306 domino
941 1276 1208 1317 Hammyltoune‚
1223 1279 1261 1307 ut
1283 1279 1373 1317 patet
1396 1286 1453 1318 per

397 1326 506 1357 literas
523 1326 646 1357 domini
660 1325 743 1366 regis
759 1325 837 1357 alias
851 1329 996 1357 ostensas
1012 1337 1109 1367 super
1124 1330 1322 1368 computum,
1334 1327 1373 1358 de
1388 1330 1450 1358 ter:-

397 1375 494 1406 minis
506 1375 659 1416 computi,
670 1375 702 1416 vj
716 1374 748 1406 fi.
787 1375 830 1406 Et
842 1375 953 1412 eidem,
963 1386 1020 1416 per
1031 1376 1253 1407 remissionem
1264 1376 1383 1407 factam
1395 1385 1452 1417 per
1491 1383 1494 1386 ⁴

398 1425 565 1456 dominnm
587 1435 692 1466 regem
716 1424 826 1455 abbati
840 1425 1028 1456 monasterii
1050 1425 1089 1457 de
1113 1425 1289 1457 Newbotill
1305 1425 1344 1457 de
1359 1428 1450 1467 parte
1488 1454 1491 1461 ‚

396 1475 637 1505 amerciamenti
649 1474 861 1515 quadraginta
875 1474 1031 1506 librarum
1042 1475 1077 1506 in
1089 1475 1206 1516 quibus
1218 1475 1332 1507 incidit
1345 1476 1450 1507 dictus

397 1524 494 1555 abbas
511 1527 640 1565 propter
663 1524 874 1555 abscisionem
895 1528 1055 1555 certarum
1078 1535 1255 1565 quercuum
1270 1525 1355 1557 infra
1371 1528 1449 1557 War—

397 1573 471 1604 dam
483 1573 709 1614 computantiS‚
722 1576 759 1603 ut
771 1576 861 1614 patet
875 1583 932 1614 per
943 1573 1071 1605 literam
1087 1574 1209 1606 domini
1221 1575 1303 1616 regis
1316 1575 1376 1606 sub
1387 1575 1449 1616 sig-
1492 1567 1494 1571 ’

396 1627 472 1654 neto
488 1623 527 1654 de
543 1623 728 1654 remissione
745 1626 906 1654 ostensam
922 1633 1018 1664 super
1034 1627 1230 1664 computum,
1246 1635 1313 1655 xxx
1328 1624 1360 1656 11
1406 1626 1450 1656 Et
1479 1621 1482 1623 ⁴

397 1673 511 1710 eidem,
540 1683 597 1713 per
635 1672 856 1703 remissionem
893 1672 1014 1703 factam
1043 1683 1100 1713 per
1137 1673 1305 1704 dominum
1342 1684 1450 1715 regem

396 1722 562 1754 Willelmo
578 1722 731 1763 Douglas,
749 1721 911 1763 gardiano,
934 1722 973 1753 de
995 1722 1252 1754 amerciamentis
1275 1723 1310 1753 in
1331 1724 1448 1764 quibus

394 1771 510 1803 incidit
525 1771 657 1812 quidam
681 1772 770 1802 faber
786 1771 825 1802 de
849 1771 1079 1803 Galowschelis
1102 1772 1138 1803 in
1158 1772 1246 1803 curia
1269 1772 1307 1804 de
1331 1773 1467 1805 Beltan'

394 1832 467 1852 cum
499 1821 616 1863 quibus
639 1824 830 1862 computans
860 1822 1007 1862 superius
1037 1825 1193 1860 oneratur,
1216 1825 1254 1853 ut
1276 1826 1367 1863 patet
1392 1833 1449 1865 per

394 1871 576 1903 consimiles
607 1872 716 1903 literas
747 1871 871 1902 domini
899 1872 983 1913 regis
1018 1872 1058 1904 de
1088 1872 1274 1904 remissione
1304 1876 1446 1905 ostensas
1488 1899 1490 1902 .

394 1932 490 1963 super
505 1926 701 1963 computum,
717 1921 767 1953 ls.
813 1922 856 1953 Et
873 1922 985 1959 eidem,
1006 1932 1063 1963 per
1084 1923 1305 1954 remissionem
1328 1923 1447 1954 factam
1463 1934 1465 1936 ·

393 1983 450 2013 per
465 1972 632 2003 dominum
655 1982 763 2013 regem
786 1971 872 2003 dicto
895 1972 1046 2013 gardiano
1070 1972 1109 2004 de
1133 1973 1388 2005 amerciamentis
1410 1973 1446 2004 in
1482 1984 1490 2014 j

394 2022 511 2063 quibus
555 2021 740 2053 inciderunt
789 2021 1007 2053 inhabitantes
1046 2021 1115 2053 loca
1154 2022 1193 2053 de
1238 2022 1446 2060 Galoschelis,
1484 2028 1486 2030 ’

393 2072 560 2113 Moysilee,
577 2075 609 2103 et
625 2071 772 2103 Blindlee
788 2074 918 2112 propter
933 2071 963 2102 le
986 2070 1110 2103 Schelis
1133 2074 1166 2103 et
1190 2071 1446 2104 Underseddillis

393 2121 521 2152 intratis
537 2121 572 2152 in
588 2121 674 2152 dicta
690 2121 778 2152 curia
800 2124 833 2152 et
856 2131 930 2152 cum
945 2121 1063 2162 quibus
1086 2124 1276 2162 computans
1299 2121 1445 2163 superius

179 2175 225 2198 Res
244 2175 343 2199 ondebit
394 2175 551 2208 oneratur,
566 2174 604 2201 ut
619 2173 708 2212 patet
723 2181 779 2211 per
794 2170 904 2202 literas
927 2171 987 2202 sub
1008 2171 1132 2211 signeto
1155 2174 1187 2202 et
1210 2171 1456 2212 subscripcione„
1480 2177 1486 2183 ‘

176 2205 301 2258 ἓῗῇιζῖὁῃ,
393 2221 516 2253 domini
552 2221 635 2262 regis
673 2224 816 2252 ostensas
853 2231 949 2262 super
985 2223 1182 2262 computum,
1219 2221 1276 2262 viij
1307 2221 1339 2252 n
1385 2220 1444 2262 [To
1479 2235 1489 2244 η
1550 2235 1551 2239 ’
