1551 2462
385 255 446 284 610
695 254 861 287 ROTULI
885 255 1121 288 SOACOARH
1341 234 1429 288 1469.

168 349 334 402 &spondebit
383 349 579 387 computum,
596 357 614 377 v
631 347 662 379 Ῑῖ
680 348 737 389 xiij
755 352 778 379 s.
794 349 841 390 iiij
859 348 897 386 d„
913 359 970 390 pro
993 349 1111 390 quibus
1131 347 1361 389 respondebit„
1388 348 1430 381 Et

167 381 292 433 rotsizlfaft'or.
383 395 494 433 eidem,
510 407 567 438 per
582 397 807 429 liberacionem
831 399 949 430 factam
973 398 1058 430 dicto
1082 398 1153 429 Ade
1169 397 1287 435 Wales,
1303 407 1430 439 compu-
1454 398 1462 427 i
1480 404 1481 408 ¹

383 448 490 477 torum
512 447 687 486 rotulatori,
704 448 742 479 de
765 448 864 479 firmis
888 452 920 479 et
942 448 1115 490 grassumis
1138 447 1216 479 dicti
1238 447 1372 479 dominii
1393 447 1433 480 de
1459 441 1479 478 J

383 496 507 536 prefato
530 497 666 528 termino
690 498 917 530 Penthecostes
939 499 1016 529 anni
1039 497 1228 539 sexagesimi
1250 497 1356 529 octavi
1377 507 1432 539 per
1464 526 1468 529 ,

382 547 607 579 liberacionem
638 549 754 590 prefati
777 550 904 581 Andree
928 549 1129 587 Macdowell,
1152 549 1238 580 dieto
1261 548 1432 581 rotulatore
1469 586 1473 591 ν

382 596 505 628 fatente
531 602 696 639 receptum
712 609 807 640 super
830 603 1025 640 computum,
1049 598 1189 640 j‘lxxxxj
1206 598 1238 630 fi.
1263 609 1306 629 xv
1321 602 1344 630 ἓ.
1365 597 1433 639 jd„
1462 612 1465 634 r

225 653 271 677 Do.
382 656 440 687 pro
456 647 573 688 quibus
589 649 801 689 respondebit.
846 650 889 680 Et
904 649 1016 686 eidem,
1032 659 1088 690 per
1104 648 1300 680 solucionem
1315 648 1432 680 factam
1474 647 1475 651 ’

382 706 438 737 per
454 701 695 738 computantem
710 698 795 729 dicto
808 698 880 730 Ade
892 699 1011 736 Wales,
1025 702 1247 739 computorum
1259 697 1432 736 rotulatofi,
1443 721 1446 724 -
1459 708 1472 741 s

167 755 332 784 Respondebit
380 746 450 787 ipso
475 747 596 778 fatente
619 751 783 788 receptum
806 758 902 789 super
931 751 1129 789 computum,
1144 746 1276 788 fiij⁰xlix
1292 747 1324 779 fi.
1347 747 1391 788 vij
1407 751 1430 784 S.
1467 774 1470 775 γ

164 784 290 838 gffllessssor.
380 795 427 836 iiij
445 796 484 834 d.‚
500 807 557 837 pro
573 797 689 837 quibus
705 798 918 838 respondebit.
967 798 1009 828 Et
1033 797 1146 834 eidem,
1161 807 1219 838 per
1235 796 1431 829 solucionem

380 845 499 876 factam
515 846 639 877 custodi
650 847 746 878 castri
761 847 800 878 de
816 848 907 878 Trefe
923 847 962 878 de
981 847 1080 878 firmis
1095 847 1224 888 grangia
1241 846 1384 887 ejusdem
1398 848 1431 878 et

378 897 508 937 grangie
537 896 576 927 de
607 896 770 928 Keltoune
801 897 839 928 de
869 900 993 938 septem
1024 897 1117 928 annis
1149 896 1247 937 hujus
1278 896 1429 937 computi,
1460 919 1472 932 ,-

374 945 473 986 j⁰lxiij
497 946 528 977 fi.
553 946 584 986 vj
602 950 624 977 ἔ.
650 946 704 987 viij
722 946 752 978 d.
797 947 839 977 Et
862 947 974 984 eidem,
1000 956 1058 987 pro
1083 946 1232 987 expensis
1258 946 1338 977 dicti
1359 946 1431 978 Ade
1459 956 1476 966 ’-

379 996 488 1027 Wales
515 996 609 1028 factis
639 997 673 1027 in
704 997 863 1028 Galwidia
893 1007 951 1038 per
981 1000 1223 1038 computantem
1254 997 1289 1027 in
1318 996 1430 1039 recipi-5
1471 1023 1473 1025 ,

378 1046 460 1077 endo
477 1046 591 1084 firmas,
609 1057 648 1078 ex
663 1047 919 1078 consideracione
942 1047 1135 1084 auditorum,
1154 1046 1196 1087 xij
1221 1046 1252 1077 fi.
1300 1046 1431 1081 Summa
1466 1057 1471 1086 ξ

378 1103 599 1136 expensarum,
622 1096 748 1138 ijmvij⁰x
769 1097 800 1128 n.
818 1108 863 1128 xx
877 1097 906 1128 d.
923 1097 970 1128 ob.
1017 1097 1059 1128 Et
1082 1097 1127 1129 sic
1152 1100 1276 1128 restant
1298 1096 1380 1138 ixclij
1397 1095 1428 1128 Ῐί.
1454 1104 1455 1109 ¹

377 1145 412 1176 ix
428 1145 457 1176 d.

163 1247 308 1289 [Grana]
421 1245 581 1287 Computa
603 1256 773 1288 granorum
804 1246 881 1278 dicti
905 1246 1040 1278 dominii
1062 1246 1189 1278 reddita
1218 1256 1277 1288 per
1306 1245 1428 1277 dietum
1443 1269 1460 1283 *⁴

377 1295 484 1326 Adam
506 1306 599 1334 anno,
624 1306 741 1333 mense,
764 1296 824 1334 die,
849 1300 881 1327 et
905 1290 977 1328 loeo
997 1296 1195 1338 prescriptis,
1219 1296 1258 1327 de
1281 1295 1429 1327 omnibus
1460 1317 1474 1340 5

377 1344 513 1386 receptis
529 1349 561 1376 et
577 1346 725 1386 expensis
736 1345 915 1377 >eorundem
930 1356 1100 1387 granorum
1115 1356 1132 1377 a
1149 1346 1199 1377 die
1211 1348 1301 1377 sexto
1310 1344 1428 1377 mensis

377 1394 493 1425 Marcii
510 1405 593 1426 anno
618 1395 813 1436 sexagesimo
829 1406 931 1436 usque
953 1396 988 1426 in
1011 1395 1098 1427 diem
1119 1395 1216 1436 hujus
1232 1395 1382 1436 computi,
1397 1397 1430 1426 et
1462 1410 1467 1417 ι

377 1444 422 1475 sic
439 1445 478 1475 de
494 1448 564 1475 octo
587 1445 733 1476 terminis
757 1445 866 1476 Sancti
889 1445 1026 1476 Martini
1041 1445 1126 1476 infra
1150 1445 1210 1476 hoc
1233 1447 1428 1486 computum,
1461 1471 1463 1473 ,

377 1494 453 1535 quia
469 1498 547 1526 tunc
563 1494 652 1525 firme
668 1505 837 1535 granorum
860 1495 1040 1526 redduntur
1055 1498 1194 1525 tantum.
1460 1486 1462 1491 ,

421 1543 512 1574 Idem
529 1546 641 1574 onerat
656 1553 689 1574 se
704 1544 739 1574 in
761 1543 874 1583 primis
898 1543 937 1574 de
960 1544 1064 1574 xxxix
1085 1543 1201 1575 celdris
1225 1543 1258 1584 vj
1282 1542 1377 1574 bouis
1391 1541 1450 1583 iij
1467 1575 1470 1578 ,

377 1592 501 1624 ferlotis
531 1593 553 1633 ij
581 1593 685 1633 peccis
716 1592 819 1624 farine
850 1592 1015 1624 avenatice
1047 1602 1104 1633 per
1135 1592 1292 1633 arreragia
1321 1591 1428 1623 ultimi
1467 1617 1469 1622 .

377 1641 519 1682 computi
533 1641 650 1672 redditi
665 1652 721 1682 per
737 1641 885 1673 abbatem
907 1642 945 1673 de
968 1642 1190 1673 Dundranaue
1206 1645 1296 1672 sexto
1312 1640 1428 1672 Marcii
1462 1652 1466 1656 ·

377 1701 460 1722 anno
491 1691 696 1731 sexagesimo,
726 1694 763 1722 ut
791 1694 883 1732 patet
919 1691 954 1721 in
983 1691 1064 1732 pede
1097 1691 1248 1732 ejusdem.
1296 1691 1426 1722 Summe
1450 1729 1469 1735 ,.

378 1740 528 1782 arreragii
543 1743 639 1781 patet.
1414 1781 1418 1783 λ

421 1790 514 1828 Item,
538 1790 625 1821 idem
649 1793 760 1821 onerat
786 1800 819 1821 se
846 1790 885 1821 de
910 1790 944 1821 xl
971 1789 1086 1821 celdris
1116 1790 1235 1821 farriae
1261 1788 1426 1822 avenazioe
1447 1826 1454 1828 ,

377 1839 639 1880 provenientibus
666 1839 704 1870 de
734 1840 865 1880 grangia
893 1839 934 1871 de
966 1839 1087 1881 Spottis
1118 1839 1158 1870 de
1183 1842 1254 1870 octo
1281 1838 1426 1871 terminis
1464 1879 1468 1881 p

379 1889 488 1920 Sancti
503 1888 639 1920 Martini
653 1888 739 1919 infra
761 1888 821 1919 hoc
844 1892 1040 1929 computum,
1057 1899 1118 1930 que
1141 1888 1239 1920 solvit
1260 1887 1427 1920 annuatim
1445 1929 1450 1932 .

378 1939 522 1979 quinque
549 1937 678 1970 celdras.
723 1938 766 1969 Et
791 1938 830 1969 de
854 1938 934 1979 lxxij
964 1938 1078 1970 celdris
1103 1938 1279 1970 consimilis
1309 1937 1428 1978 farriae
1447 1977 1451 1980 γ
1532 1971 1535 1982 ,

377 1988 509 2029 grangie
525 1987 564 2018 de
581 1987 747 2018 Baludone
764 1987 803 2018 de
826 1987 922 2018 dictis
944 1988 1090 2019 terminis
1113 1991 1145 2019 et
1168 1987 1372 2019 extendentis
1386 1986 1426 2019 ad
1455 2001 1468 2028 ι,

377 2047 494 2069 novem
512 2037 641 2068 celdras.
687 2037 729 2068 Et
742 2037 781 2068 de
797 2037 841 2078 lvj
860 2037 974 2069 celdris
987 2037 1105 2069 farrine
1122 2037 1288 2069 avenatice
1302 2036 1427 2079 grangi-
1448 2062 1466 2067 .

283 2074 315 2111 0
378 2097 470 2118 arum
486 2087 525 2118 de
538 2087 714 2118 Kittisdale
730 2092 763 2118 et
783 2087 908 2129 Arborg
931 2088 970 2119 de
991 2088 1110 2119 eisdem
1126 2084 1219 2119 annis
1230 2091 1264 2119 et
1275 2086 1426 2124 terminis,
1526 2077 1530 2086 ⁵

377 2147 441 2178 que
465 2147 498 2168 se
514 2137 695 2167 extendunt
710 2137 877 2167 annuatim
894 2137 933 2168 ad
950 2140 1072 2178 septem
1089 2137 1220 2168 celdras.
1267 2137 1309 2167 Et
1324 2136 1363 2168 de
1378 2135 1424 2177 iiij
1450 2149 1455 2153 ·

377 2186 491 2218 celdris
508 2186 625 2218 farriae
641 2187 805 2218 avenatiee
822 2186 998 2218 molendini
1014 2187 1053 2218 de
1070 2186 1238 2218 Keltoune
1254 2186 1293 2218 de
1309 2181 1427 2218 eisdem
1456 2214 1459 2217 .
1521 2184 1525 2186 ’
