1551 2462
147 221 236 250 1464.
456 217 617 250 REGUM
642 215 887 248 SCOTORUM.
1133 218 1170 245 22
1177 218 1193 245 9

480 562 684 594 CCXXXVI
711 562 844 604 [COLL]

264 664 477 696 OOMPUTA
501 664 797 695 BALLIVORUM
821 664 883 694 AD
907 663 1065 695 EXTRA.

580 773 641 796 ΑΛ).
666 765 760 796 1464.

191 862 389 894 Scaccarium
403 864 596 895 serenissimi
611 864 765 905 principis
782 867 814 895 et
830 863 953 895 domini
963 863 1063 894 nostri
1074 862 1196 894 domini

147 912 169 943 J
171 913 261 944 acobi
291 913 382 944 tercii
412 913 522 944 divina
552 914 681 944 favente
712 913 886 945 clemencia
918 914 1084 944 Scotorum
1114 912 1196 953 regis

147 962 366 999 illustrissimi,
381 966 508 994 tentum
524 963 610 1003 apud
632 963 768 1004 burgum
785 963 823 993 de
848 963 946 993 Perth
962 966 995 993 et
1010 962 1197 993 inchoatum

149 1011 269 1043 ibidem
289 1012 340 1043 die
365 1012 454 1043 Lune
481 1013 633 1044 vicesimo
652 1015 764 1043 octavo
792 1012 843 1043 die
865 1012 984 1043 mensis
1008 1010 1090 1042 Maii
1113 1021 1196 1041 anno

149 1061 282 1092 Domini
297 1061 467 1092 millesimo
491 1061 803 1102 quadringentesimo
825 1061 1020 1102 sexagesimo
1037 1063 1149 1101 quarto
1165 1063 1198 1091 et

149 1111 238 1152 regni
262 1111 313 1142 sui
335 1121 418 1141 anno
442 1114 565 1151 quarto,
588 1121 694 1141 coram
717 1110 984 1141 reverendissimo
1008 1110 1043 1140 in
1068 1109 1197 1140 Christo

150 1163 240 1200 patre
256 1163 289 1190 et
304 1160 441 1197 domino,
452 1160 580 1191 domino
593 1160 614 1191 J
617 1161 713 1191 acobo
729 1160 791 1191 Dei
807 1160 912 1201 gracia
923 1159 1070 1200 episcopo
1087 1158 1198 1189 Sancti

150 1209 287 1246 Andree,
297 1209 415 1240 illustri
432 1213 464 1240 et
479 1213 609 1250 potente
625 1209 762 1246 domino,
779 1209 907 1240 domino
923 1209 1053 1239 Andrea
1069 1208 1198 1239 domino

150 1258 319 1289 Avandale
342 1258 528 1290 cancellario
553 1258 669 1296 Scocie,
690 1258 866 1289 venerabili
889 1261 979 1298 patre
1003 1257 1199 1288 Archibaldo

151 1308 265 1339 abbate
281 1308 396 1339 Sancte
413 1308 522 1340 Crucis
538 1319 636 1349 prope
652 1308 850 1349 Edinburgh,
865 1307 1105 1338 honorabilibus
1121 1306 1198 1337 viris

150 1357 258 1388 David
269 1357 392 1388 Guthre
409 1357 461 1398 [de
477 1357 739 1398 Kyncaldrome]‚
755 1357 952 1388 thesaurario
965 1356 1087 1387 domini
1098 1355 1200 1386 nostri

151 1406 242 1447 regis,
252 1406 439 1437 Alexandro
451 1407 578 1448 Napare
589 1407 627 1438 de
639 1407 949 1444 Merchamestoune,
962 1406 1073 1443 milite,
1084 1405 1198 1446 magis-

152 1456 209 1487 tris
236 1456 389 1497 Fergusio
420 1455 591 1493 M⁰Dowel‚
614 1457 775 1497 preposito
805 1456 937 1488 ecclesie
968 1455 1134 1497 collegiate
1161 1455 1200 1486 de

152 1506 315 1543 Bothanis,
332 1506 445 1537 clerico
464 1506 641 1538 rotulorum
657 1510 689 1538 et
705 1506 839 1547 registri,
854 1505 1040 1537 Alexandro
1056 1505 1199 1546 Murray,

150 1555 302 1588 canonico
314 1555 519 1593 Moraviensi‚
531 1559 564 1587 et
579 1556 716 1587 Ricardo
728 1555 868 1593 Roberti,
880 1555 1073 1596 presbytero,
1086 1554 1200 1586 clerico

150 1605 300 1645 computi,
318 1604 517 1636 auditoribus
531 1615 588 1646 per
600 1605 722 1636 dictum
738 1605 905 1636 dominnm
926 1608 1071 1636 nostrum
1094 1614 1200 1645 regem

151 1654 329 1695 specialiter
343 1654 512 1695 deputatis.

196 1753 391 1793 Computum
427 1753 548 1785 Thome
585 1753 797 1794 Wardropare
836 1753 875 1784 de
906 1752 1027 1794 Gonys,
1058 1753 1138 1784 mari
1169 1755 1199 1783 et
1218 1756 1366 1787 Wardro.

151 1803 321 1843 receptoris
376 1803 539 1834 firmarum
597 1804 810 1834 dominiorum
867 1804 906 1835 de
960 1803 1200 1840 Strathbraune,
1215 1810 1298 1841 pare-

151 1852 347 1893 Appinadul,
370 1853 552 1894 Forthirgil,
574 1853 747 1894 Glenlyon,
762 1853 928 1894 Descheyr
951 1856 983 1884 et
1005 1853 1144 1892 Tweyer,
1168 1856 1200 1884 et

150 1902 284 1933 aliarum
300 1905 455 1934 terrarum
472 1903 594 1934 domini
610 1903 711 1934 nostri
733 1902 823 1944 regis,
841 1902 959 1943 [Perta
974 1903 996 1940 4
1010 1902 1040 1932 J
1037 1902 1090 1943 αῖς]
1105 1902 1200 1940 1464,

143 1952 232 1993 from
247 1953 288 1982 11
305 1952 430 1992 Auyzcst
446 1952 554 1993 1463]

195 2001 286 2032 Idem
310 2004 421 2032 onerat
442 2012 475 2032 se
500 2002 534 2032 in
557 2001 669 2043 primis
693 2001 731 2033 de
755 2012 844 2033 xxxv
866 2001 898 2032 n.
921 2000 965 2041 vij
989 2005 1013 2032 ἓ.
1039 2000 1072 2031 ix
1095 2000 1124 2032 d.
1144 2011 1201 2041 per

151 2051 307 2092 arreragia
333 2051 442 2082 ultimi
467 2051 607 2092 compoti
633 2052 692 2088 sui,
715 2054 752 2082 ut
777 2053 866 2092 patet
892 2050 926 2080 in
950 2050 1029 2091 pede
1049 2050 1199 2091 ejusdem.

152 2100 194 2131 Et
210 2100 248 2131 de
263 2100 411 2141 lxxxxvij
430 2101 461 2131 fi.
478 2101 545 2142 xxij
563 2101 593 2133 d.
616 2111 678 2142 que
694 2101 878 2142 pendebant
893 2109 989 2140 super
1009 2100 1145 2131 eundem
1162 2100 1201 2131 de

153 2149 252 2182 firmis
269 2153 426 2182 terrarum
451 2150 490 2182 de
514 2150 669 2182 Raunaeh
693 2154 725 2182 et
747 2150 976 2191 Feddirkeyrn,
999 2152 1036 2181 ut
1058 2153 1147 2191 patet
1166 2150 1202 2181 in
