1551 2462
325 258 386 286 332
636 239 801 288 norum
827 255 1063 288 SGACCARH
1287 259 1368 287 1465

324 348 432 379 fabrili
447 351 480 380 et
502 348 685 380 molendino
708 349 851 390 ejusdem
876 349 914 380 de
938 349 1058 381 eisdem
1080 349 1253 381 terminia·
1279 349 1322 380 Et
1338 349 1377 380 de

324 398 393 439 xiiij
411 398 442 430 fi.
459 399 504 439 xij
528 398 623 430 bellis
646 409 820 430 avenarum
843 409 900 439 per
922 398 1062 439 integras
1089 399 1197 430 firmas
1219 402 1376 430 terrarum

302 468 305 469 ν
324 448 364 479 (18
381 448 498 490 Colaey
514 459 587 480 cum
603 449 729 480 brasino
742 449 885 490 ejusdem
895 459 952 489 per
962 448 1049 479 idem
1061 451 1196 489 tempus.
1243 448 1376 480 Summa

324 498 432 529 totalis
459 499 595 539 pecunie
619 499 773 540 quarterii
802 499 842 529 de
872 498 966 535 Edin,
996 496 1080 538 iij⁰lij
1112 498 1144 529 fi.
1172 509 1216 529 xv
1241 502 1265 529 ἔ.
1296 509 1319 529 x
1345 497 1374 529 (1.

324 547 456 579 Summa
472 548 580 579 totalis
597 548 751 579 frumeuti
774 548 853 579 dicti
876 547 1038 588 quartarii,
1055 547 1086 588 xj
1104 547 1208 579 celdre
1231 547 1265 588 iij
1283 547 1374 581 bolle.

324 598 456 629 Summa
471 598 580 629 totalis
596 598 678 629 ordii
693 598 771 629 dicti
787 597 949 639 quarterii,
965 597 1033 638 xiiij
1046 597 1151 629 celdre
1161 607 1234 628 cum
1250 597 1375 629 duabus

322 648 468 689 partibus
484 648 604 679 fei-lote.
651 648 784 679 Summa
805 647 915 679 totalis
939 657 1122 685 avenarum,
1139 657 1159 678 v
1183 647 1287 679 celdre
1304 647 1374 688 xiiij

322 697 406 729 bolle
423 698 444 738 ij
463 698 574 729 ferlote
590 698 612 738 ij
629 708 731 739 pecce.

366 748 460 784 Item,
475 747 561 778 idem
577 750 687 778 onerat
702 757 736 778 se
751 746 790 778 de
806 756 826 777 v
842 745 874 776 11.
891 746 922 786 vj
941 750 962 776 Ξ.
981 745 1036 786 viij
1054 745 1082 776 d.
1097 746 1109 786 j
1128 746 1234 777 celdra
1246 756 1267 776 v
1279 746 1374 777 bollis

318 796 331 837 j
348 796 463 828 ferlota
478 797 500 837 ij
518 797 622 837 peccis
638 796 793 827 frumenti
805 796 818 836 j
837 795 941 827 celdra
957 806 979 826 x
995 795 1089 826 bouis
1105 795 1139 835 iij
1154 795 1277 840 ferlotis
1293 796 1374 826 ordii

321 856 377 887 per
391 846 531 887 integras
547 846 654 877 firmas
671 849 753 887 terre
768 845 807 876 de
824 843 977 875 Balkeros
992 844 1026 875 in
1043 844 1204 885 quarterio
1220 844 1259 876 de
1272 845 1373 886 Largo

321 905 378 936 per
407 899 534 936 tempus
561 895 711 936 computi.
757 895 800 925 Et
823 894 862 925 de
886 894 963 934 xxvj
991 898 1013 924 ἔ.
1039 893 1095 934 viij
1121 893 1150 924 d.
1178 894 1247 934 xiiij
1278 894 1373 927 bollis

321 945 400 976 ordii
418 945 457 976 de
473 945 573 976 firmis
595 944 773 975 molendini
796 944 940 984 ejusdem
962 953 1019 984 per
1041 943 1126 974 idem
1148 947 1284 985 tempus.
1330 945 1373 975 Et

320 995 360 1026 de
384 995 430 1036 iiij
457 995 488 1025 11.
513 995 526 1035 j
555 994 661 1025 celdra
685 994 732 1035 iiij
760 994 855 1025 bollis
882 993 963 1024 ordii
992 993 1014 1034 ij
1044 993 1158 1024 eeldris
1188 994 1244 1034 viij
1277 994 1372 1026 bouis

321 1055 494 1076 avenarum
509 1048 592 1075 terre
609 1044 648 1075 de
671 1043 873 1075 Nethirreras
889 1043 928 1074 de
951 1042 1045 1074 dictis
1067 1043 1221 1074 terminis.
1267 1044 1310 1075 Et
1333 1044 1372 1076 de

319 1105 341 1125 v
356 1094 387 1126 11,
412 1095 425 1135 j
455 1094 561 1126 celdra
583 1094 630 1134 iiij
655 1093 750 1125 bollis
773 1093 929 1124 frumenti
948 1093 962 1134 j
987 1092 1092 1124 celdra
1115 1093 1149 1123 ix
1173 1093 1267 1124 bonis
1290 1093 1371 1124 ordii

319 1149 402 1178 terre
433 1146 472 1178 de
502 1146 676 1177 Neutoune
706 1145 745 1177 de
772 1145 892 1176 eisdem
922 1144 1074 1176 terminis.
1122 1145 1165 1175 Et
1194 1145 1234 1176 de
1263 1145 1320 1186 xiij
1347 1149 1369 1177 ἓ.

318 1199 364 1239 iiij
383 1198 411 1229 d.
429 1202 510 1229 terre
527 1198 567 1229 de
582 1197 791 1229 Burnehouse
807 1197 846 1228 de
861 1196 982 1228 eisdem
998 1196 1150 1227 terminis.
1197 1197 1240 1228 Et
1250 1196 1294 1228 ’(18
1306 1197 1369 1228 xfi.

319 1298 400 1329 ordii
417 1308 436 1328 v
449 1297 564 1328 celdris
576 1306 751 1328 avenarum
766 1299 850 1327 terre
862 1295 901 1327 de
913 1296 1014 1336 Largo
1026 1305 1082 1335 per
1095 1294 1217 1326 dictum
1233 1299 1368 1336 tempus.

318 1348 361 1378 Et
378 1347 416 1378 de
433 1347 464 1388 vj
481 1346 513 1377 11.
523 1346 535 1387 j
550 1346 658 1377 celdra
671 1346 716 1386 iiij
731 1345 825 1376 bollis
837 1345 918 1376 ordii
929 1345 951 1385 ij
967 1344 1059 1375 bollis
1072 1344 1190 1376 farrine
1203 1345 1368 1377 avenatice

318 1396 357 1428 de
373 1397 473 1427 firmis
490 1396 694 1437 cotagiorum,
705 1395 855 1427 videh'cet
866 1395 999 1435 triginta
1011 1394 1157 1431 duorum,
1170 1395 1209 1426 de
1221 1395 1367 1426 terminis

316 1446 466 1486 computi.
513 1445 556 1476 Et
582 1445 620 1476 de
644 1445 679 1476 xl
703 1449 726 1476 ἔ.
752 1445 791 1476 (18
821 1444 920 1475 firmis
950 1443 1128 1474 molendini
1160 1444 1312 1485 ejusdem,
1335 1448 1368 1476 et

317 1498 392 1526 nota
418 1495 503 1536 quod
528 1495 614 1525 dicta
640 1494 759 1525 far-rina
789 1494 828 1525 de
855 1493 940 1524 dicto
971 1493 1155 1524 molendino
1185 1493 1312 1525 levatur
1335 1500 1367 1525 et

316 1555 381 1575 non
394 1545 432 1576 de
445 1544 584 1585 cotagiis.
615 1544 658 1575 Et
670 1544 709 1575 de
722 1543 788 1574 2115.
802 1543 839 1574 (18
849 1543 949 1573 firmis
961 1542 1059 1573 trium
1070 1542 1271 1574 brasinarum
1283 1544 1366 1584 ejus-

316 1595 397 1625 dem.
442 1595 485 1625 Et
501 1594 539 1625 de
555 1594 588 1634 iij
606 1598 628 1624 ἑ.
646 1597 728 1624 terre
744 1593 783 1624 (18
805 1592 983 1633 Oraglande
1006 1591 1045 1622 de
1068 1592 1188 1623 eisdem
1211 1593 1364 1625 terminis.

312 1640 358 1674 vEt
388 1643 427 1674 de
451 1643 495 1683 xij
522 1642 550 1673 d.
577 1643 678 1673 annui
707 1642 850 1673 redditus
881 1641 1049 1682 cujusdam
1078 1645 1160 1672 terre
1191 1643 1365 1682 spectant-is

315 1693 478 1734 quondam
498 1692 618 1723 Thome
650 1693 777 1723 Broune
801 1692 841 1722 (18
864 1691 958 1722 dictis
981 1690 1133 1721 terminis.
1180 1691 1223 1722 Et
1245 1691 1285 1722 de
1307 1693 1363 1733 viij

314 1743 430 1774 celdris
456 1743 610 1774 frumenti
638 1753 659 1773 x
685 1741 798 1775 celdris
825 1741 868 1781 xij
895 1740 989 1772 bellis
1013 1740 1094 1771 ordii
1118 1740 1158 1771 de
1185 1740 1214 1771 le
1241 1741 1365 1782 Bernys

314 1793 397 1834 regis
413 1792 452 1824 de
468 1792 605 1823 termino
622 1791 731 1823 Sancti
751 1789 888 1822 Martini
902 1789 988 1820 infra
1002 1789 1062 1820 hoc
1078 1793 1273 1830 computum,
1289 1791 1366 1831 quia

313 1845 393 1873 tunc
407 1842 552 1874 redditur
567 1842 665 1872 firma.
713 1841 844 1872 Summa
862 1839 971 1871 totalis
994 1833 1128 1880 pecunie
1152 1841 1306 1880 quarterii
1324 1841 1363 1872 de

313 1892 423 1933 Largo,
446 1891 558 1932 xxxvij
583 1891 614 1922 fi.
639 1891 685 1932 iiij
702 1895 725 1922 ἒ.
773 1890 905 1921 Summa
927 1889 1081 1920 frumenti
1102 1888 1179 1919 dicti
1202 1890 1364 1930 quarterii,

313 1941 357 1981 xij
383 1941 487 1972 celdre
511 1941 545 1981 iij
570 1940 655 1972 bolle
674 1941 687 1981 j
713 1940 827 1971 ferlota
849 1939 870 1980 ij
896 1948 997 1980 pecce.
1044 1938 1177 1969 Summa
1199 1938 1288 1976 ordii,
1307 1939 1364 1970 xix

312 1991 417 2022 celdre
439 1991 474 2021 ix
497 1990 582 2022 bolle
605 1991 639 2031 iij
665 1990 783 2022 ferlote.
831 1989 964 2020 Summa
986 1998 1170 2024 avenarum,
1192 1988 1236 2028 vij
1259 1988 1363 2020 celdre

312 2041 368 2081 viij
386 2040 479 2077 holle,
491 2040 513 2080 ij
525 2040 610 2071 bolle
622 2040 740 2070 farriue
753 2039 924 2070 avenatice.
964 2038 1096 2069 Summa
1108 2037 1216 2069 totalis
1227 2038 1363 2078 pecunie

311 2094 418 2131 preter
442 2089 605 2129 arrei-agia,
636 2087 828 2128 v⁰lxxxxviij
857 2087 888 2118 11.
917 2097 960 2118 xv
987 2091 1009 2117 ἔ.
1035 2097 1056 2117 x
1081 2086 1109 2117 d.
1136 2086 1183 2117 οἵ).
1231 2087 1362 2117 Summa

311 2139 420 2170 totalis
435 2138 571 2179 pecunie
587 2148 660 2169 cum
676 2137 850 2177 arreragiis,
867 2135 1071 2177 vj⁰lxxxxviij
1089 2135 1120 2166 11.
1139 2145 1182 2166 xv
1197 2139 1220 2166 Ξ.
1233 2146 1254 2166 x
1271 2135 1299 2166 d.
1313 2136 1360 2167 ob.

312 2188 443 2220 Summa
464 2187 572 2219 totalis
589 2188 750 2224 frumenti,
768 2186 844 2227 xxxj
862 2185 967 2217 celdre
983 2186 1014 2226 vj
1035 2185 1118 2216 boue
1142 2185 1174 2225 iij
1201 2185 1313 2217 ferlote
1337 2186 1359 2226 ij
