1551 2462
365 249 402 278 16
409 249 425 277 2
674 247 838 279 ROTULI
863 246 1098 279 SCACOARH
1320 248 1333 275 1
1340 247 1409 276 463.

361 340 394 380 vj
412 344 434 371 5.
451 340 507 380 viij
524 340 552 371 d.
570 340 609 371 de
625 340 724 371 firmis
739 340 835 371 unius
848 340 962 371 davate
973 342 1057 371 terre
1073 349 1146 371 cum
1161 348 1267 370 annuo
1283 337 1411 368 redditu

362 389 401 420 de
425 389 603 430 Inveroury
627 390 665 421 de
687 390 806 421 eisdem
833 389 986 420 terminis.
1029 389 1073 419 Et
1095 388 1133 419 de
1157 388 1225 428 xiiij
1247 387 1278 418 11,
1304 387 1360 427 xiij
1386 391 1408 418 5.

361 438 407 478 iiij
426 438 453 469 d.
471 439 510 470 de
526 439 625 470 firmis
648 443 805 470 terrarum
822 439 860 470 de
883 438 1115 470 Knokinbarde
1138 447 1212 468 cum
1227 436 1410 468 molendino

362 488 504 528 ejusdem
515 488 553 519 de
564 489 658 519 dictis
668 489 821 520 terminis.
849 489 891 519 Et
902 488 939 519 de
949 499 993 518 xx
1003 488 1035 519 11.
1047 487 1085 518 (16
1095 487 1194 518 firmis
1204 490 1361 517 terrarum
1371 485 1410 516 de

361 537 565 579 Dunnydure
582 548 655 569 oum
670 538 853 569 molendino
864 538 1036 569 eorundem
1047 537 1084 568 de
1098 536 1191 567 dictis
1207 536 1331 567 duobus
1346 538 1409 566 ter-

360 587 464 618 minis.
504 587 546 618 Et
556 587 594 618 de
608 587 641 628 iij
655 587 687 619 11.
700 588 731 628 vj
745 591 769 619 5.
786 587 840 627 viij
853 587 880 617 d.
895 587 934 618 de
947 586 1045 617 firmis
1058 586 1097 616 de
1108 585 1282 626 Tulyfoure
1292 585 1331 616 de
1347 588 1409 615 ter-

360 636 456 667 minis
473 637 619 677 compoti.
643 637 686 667 Et
695 637 734 667 de
744 637 775 676 vj
792 636 824 666 11.
836 636 892 677 xiij
905 640 926 667 5.
940 636 986 676 iiij
998 635 1026 666 d.
1043 635 1082 665 (16
1092 635 1192 665 firmis
1202 638 1359 665 terrarum
1369 633 1409 665 de

359 685 612 717 Duncanstoune
630 687 668 717 de
684 686 777 717 dictis
793 685 946 716 terminis.
993 685 1035 715 Et
1050 684 1089 716 de
1106 684 1150 724 xij
1167 684 1198 714 11.
1213 684 1269 724 xiij
1283 687 1305 714 5.
1318 683 1365 723 iiij
1379 682 1408 714 d.

360 734 399 765 de
414 735 514 766 firmis
529 738 685 767 terrarum
703 735 741 766 de
758 735 1013 766 Glanderstoune
1029 734 1068 764 de
1089 733 1182 764 dictis
1207 733 1330 763 duobus
1346 736 1408 763 ter-

358 783 455 814 minis
479 794 618 815 unacum
642 784 727 815 dicto
752 784 935 815 molendino
961 782 1140 814 earundem.
1186 783 1229 813 Et
1253 782 1292 813 de
1312 782 1358 822 iiij
1375 781 1407 812 11.

360 833 460 863 annui
476 833 618 865 redditus
635 834 750 874 focagii
773 833 812 864 de
831 833 861 864 16
877 834 952 864 Une
974 833 1013 864 de
1034 831 1194 863 Westhall
1217 832 1256 863 de
1271 832 1408 863 termino

360 881 469 913 Sancti
494 881 630 913 Martini
655 883 740 913 infra
763 882 823 913 1106
848 885 1039 923 compotum,
1063 882 1138 922 quia
1160 884 1239 912 tunc
1265 881 1409 912 redditur

357 934 494 962 tantum.
540 932 582 962 Et
599 932 638 962 de
653 932 687 971 iij
705 935 729 962 5.
746 931 792 972 iiij
810 931 839 962 d.
857 932 956 962 annui
971 931 1115 962 redditus
1130 931 1170 962 de
1187 930 1353 972 Cragcolly
1368 931 1408 961 de

358 980 443 1011 dicto
459 981 595 1011 termino
612 981 722 1012 Sancti
737 980 880 1011 Martini.
928 981 1059 1011 Summa
1079 980 1188 1011 totalis
1212 981 1408 1011 oneracionis

403 1079 493 1110 Idem
524 1082 634 1110 onerat
657 1089 690 1110 se
721 1079 760 1110 de
783 1079 907 1119 xxxviij
932 1079 1044 1110 martis
1067 1089 1129 1119 que
1156 1078 1307 1109 dicuntur
1333 1089 1408 1119 ryn-

356 1128 469 1159 martis
500 1128 538 1160 de
569 1128 722 1159 comitatu
758 1128 797 1159 de
828 1128 988 1159 Garviach
1026 1128 1113 1169 [Mar
1124 1128 1149 1169 2]
1189 1138 1245 1169 per
1281 1131 1408 1169 tempus

357 1177 503 1218 compoti.
552 1178 684 1208 Summa
699 1181 875 1208 marterum
891 1177 930 1209 de
947 1178 1020 1208 Mar
1035 1181 1131 1218 patet.

401 1227 493 1258 Idem
509 1230 620 1258 onerat
636 1237 669 1258 se
684 1227 723 1258 de
740 1227 782 1267 vij
800 1227 912 1258 martis
929 1227 1099 1258 comitatus
1115 1226 1154 1257 de
1176 1226 1335 1258 Garviach
1351 1237 1408 1268 per

356 1279 483 1317 tempus
509 1276 654 1317 compoti.
702 1276 834 1307 Summa
860 1280 1036 1307 marterum
1061 1275 1100 1307 de
1125 1276 1285 1307 Garviach
1310 1280 1405 1317 patet.

357 1326 489 1357 Summa
514 1326 659 1357 omnium
683 1328 861 1356 marearum
884 1325 924 1356 de
948 1326 1022 1357 Mar
1046 1329 1078 1356 et
1102 1325 1141 1356 de
1166 1325 1334 1363 Garviach,
1351 1326 1407 1357 xlv

356 1378 467 1408 marte.

400 1424 492 1462 Item,
517 1423 603 1455 idem
627 1426 737 1454 onerat
761 1433 794 1454 se
818 1423 857 1454 de
882 1433 902 1453 v
926 1422 957 1453 11.
983 1433 1040 1464 per
1063 1423 1286 1455 vendicionem
1310 1424 1406 1456 unius

359 1473 464 1504 celdre
475 1473 714 1513 quatuordecim
726 1472 883 1503 bonarum
896 1472 982 1503 ordei
998 1473 1169 1503 comitatus
1182 1472 1220 1504 de
1237 1472 1405 1512 Garvfflch,

356 1522 500 1562 precium
524 1521 609 1553 boHe
634 1521 845 1562 quadraginta
870 1522 1001 1558 denarii,
1025 1532 1082 1562 per
1105 1525 1233 1563 tempus
1258 1524 1403 1564 compoti.

355 1571 399 1601 Et
428 1571 467 1601 de
498 1571 532 1601 xl
562 1575 584 1602 5.
617 1581 674 1611 per
704 1571 926 1602 vendicionem
956 1571 1091 1602 duarum
1128 1572 1305 1603 celdrarum
1335 1577 1406 1605 octo

355 1620 513 1651 bollarum
529 1630 702 1651 avenarum
718 1620 757 1651 de
773 1621 847 1651 Mar
871 1631 927 1661 per
951 1620 1036 1651 idem
1056 1624 1190 1661 tempus.
1236 1622 1278 1653 Et
1293 1622 1332 1653 de
1345 1623 1357 1663 j
1375 1623 1404 1654 d.

356 1669 426 1700 albe
443 1669 532 1700 firme
548 1672 704 1699 terrarum
721 1669 760 1699 de
777 1669 936 1706 Porcerse,
947 1679 1032 1700 nunc
1047 1669 1085 1700 de
1099 1670 1183 1701 dicto
1197 1671 1349 1702 comitatu
1365 1672 1404 1704 de

356 1718 525 1755 Garviach,
542 1721 574 1749 et
590 1718 629 1749 de
654 1718 699 1758 xij
722 1718 957 1749 columbaribus
973 1719 1067 1750 dictis
1093 1719 1297 1751 hundcolaris
1322 1724 1405 1753 terre

356 1766 395 1798 de
411 1767 557 1798 Blachall
581 1777 638 1808 pro
663 1767 735 1798 alba
759 1767 851 1798 firma
867 1768 1016 1808 ejusdem.
1063 1768 1105 1799 Et
1121 1769 1159 1799 de
1171 1769 1184 1809 j
1202 1779 1277 1810 pare
1293 1770 1404 1802 cirote-

355 1827 464 1847 carum
480 1817 623 1847 albarum
639 1817 710 1848 albe
726 1817 815 1848 firme
832 1820 914 1848 terre
931 1817 970 1848 de
994 1818 1144 1858 Petcapil.
1190 1819 1233 1849 Et
1249 1819 1287 1850 de
1299 1820 1312 1860 j
1330 1830 1404 1861 pare

355 1866 526 1897 calcarium
542 1866 764 1897 deauratorum
789 1866 860 1897 albe
885 1866 974 1897 firme
999 1867 1038 1898 de
1057 1867 1221 1908 Lethindy.
1267 1869 1310 1899 Et
1325 1869 1364 1901 de
1380 1870 1403 1911 ij

357 1916 488 1957 paribus
500 1915 671 1947 calcarium
687 1916 909 1947 deauratorum
926 1916 996 1947 albe
1012 1916 1102 1947 firme
1119 1917 1157 1948 de
1167 1917 1402 1958 Auchinlevyn.

356 1965 399 1996 Et
412 1965 450 1996 de
462 1965 475 2006 j
494 1965 565 1996 albo
581 1965 692 1996 merilo
704 1965 774 1996 albe
786 1965 877 1996 firme
890 1965 928 1996 de
941 1965 1118 2003 Quhitcors.
1157 1966 1404 1999 Memorandum

357 2014 443 2055 quod
474 2014 546 2045 albe
575 2014 665 2045 firme
696 2014 909 2055 suprascripte
948 2014 1118 2045 solvuntur
1147 2015 1281 2056 singulis
1311 2017 1403 2049 annis

355 2063 487 2094 Summa
502 2063 599 2103 hujus
610 2063 723 2101 oneris,
735 2064 778 2104 vij
793 2063 823 2094 n.
834 2064 847 2104 j
861 2063 889 2095 d.
936 2064 1069 2095 Summa
1078 2064 1186 2096 totalis
1198 2066 1400 2098 oneracionis.

354 2111 438 2143 v‘xv
454 2111 485 2143 11.
503 2112 536 2153 xj
553 2117 575 2143 5.
590 2113 602 2153 j
620 2112 648 2143 d.

398 2161 548 2203 Expense
572 2161 724 2203 ejusdem.
770 2162 810 2193 In
834 2162 954 2203 primis,
971 2162 1104 2195 allocate
1129 2164 1324 2205 compotanti
1346 2175 1403 2206 per

1527 2067 1551 2286 «Ἀΐῆΐθίζῆ-ἑΑ
1534 2020 1550 2056 5.»
1535 2003 1545 2014 -·
1541 1991 1551 1998 =
