1551 2462
92 248 184 278 1467.
403 245 564 277 REGUM
588 244 833 276 SOOTORUM.
1077 246 1115 275 47
1121 248 1138 276 3

89 339 205 370 foresta
228 339 267 370 de
298 338 413 379 Oluny,
438 342 470 369 et,
499 338 635 369 aliarum
664 341 820 369 terrarum
851 337 1136 378 infrascriptarum,

90 388 206 428 [Parc-h,
223 388 265 419 15
280 388 364 418 me
379 388 573 428 1467,f›’0m
587 388 610 425 ,ζι
624 387 704 427 <Italy
720 387 828 427 1466]

133 437 225 468 Idem
255 439 366 468 onerat,
392 447 424 468 se
452 437 486 467 in
516 436 626 477 primis
657 436 696 467 de
719 435 815 476 j⁰1viij
842 435 873 466 li.
897 446 917 465 x
945 435 973 466 d.
1004 435 1052 466 oT).
1085 446 1141 476 per

89 486 243 527 arreragia
266 485 374 517 ultimi
390 486 533 526 computi
555 485 672 516 redditi
695 495 751 526 per
774 488 899 526 patrem
922 485 1139 525 computantis

90 546 174 566 anno
197 539 254 567 etc.
279 535 474 576 sexagesimo
505 538 603 571 sexto,
626 538 664 566 ut
693 538 784 576 patet
813 534 847 566 in
877 535 958 575 pede
989 535 1141 575 ejusdem.

91 584 222 616 Summa
238 584 385 625 arreragii
402 587 500 625 patet.

133 634 228 671 Item,
257 634 344 665 idem
374 638 484 665 onera'c
507 644 540 665 se
563 634 603 665 de
626 633 705 674 xlvij
730 633 762 664 fi.
786 643 842 674 per
864 633 1004 674 integras
1035 633 1141 664 firmas

91 683 225 714 dominii
240 683 279 714 de
296 683 527 715 Strathbraune
539 683 578 714 (18
590 683 714 714 duobus
727 683 872 714 terminis
883 683 979 723 hujus
990 683 1141 723 computi.

90 733 133 763 Et
148 732 187 764 de
202 733 328 774 lxxxxij
345 733 377 764 fi.
394 743 450 774 per
465 733 604 774 integras
620 733 727 764 firmas
743 736 899 764 terrarum
916 733 955 764 de
978 733 1143 774 Deschyre

90 785 122 813 et
144 782 276 823 Twyere
299 782 338 814 de
369 782 463 814 dictis
494 783 618 814 duobus
648 783 793 814 terminis
817 782 913 823 hujus
936 783 1079 823 computi
1102 792 1143 813 ex

91 834 226 872 utraque
241 835 331 873 parte
346 832 434 863 lacus
456 832 495 863 de
518 832 611 873 Taya.
671 832 714 862 Et
737 832 776 863 de
801 832 834 862 xl
849 831 881 862 n.
897 832 929 872 vj
948 836 971 863 s.
988 832 1031 872 vij
1049 831 1078 862 d.
1103 831 1142 863 de

90 881 189 912 firmis
206 884 362 912 terrarum
377 881 415 912 de
429 881 632 923 Glenlyoune
649 881 687 913 de
704 882 823 913 eisdem
839 881 992 913 terminis.
1039 882 1081 912 Et:
1103 881 1142 912 de

90 930 168 970 xviij
186 930 216 961 ti.
234 930 273 962 de
289 931 389 962 firmis
405 931 534 963 baronie
550 932 589 962 de
605 931 796 962 Forthirkill
811 931 850 962 de
868 931 963 962 dictis
986 931 1141 962 terminis.

89 979 133 1010 En
155 980 194 1010 de
217 980 252 1020 lij
270 980 302 1011 fi.
326 973 381 1021 >dij
405 985 427 1012 s.
452 981 498 1022 iiij
516 981 545 1012 d.
570 991 626 1021 per
653 981 792 1021 inbegras
818 981 926 1012 firmas
950 981 1079 1012 baronie
1102 981 1142 1012 (18

89 1029 256 1069 Apnadull
272 1029 310 1061 de
327 1040 410 1061 anno
427 1030 578 1070 computi.
624 1030 666 1061 Et
684 1030 723 1061 de
746 1030 826 1071 xviij
844 1030 875 1060 H.
892 1031 924 1070 vj
942 1034 965 1061 s.
985 1030 1039 1071 viij
1057 1030 1085 1061 d.
1103 1031 1142 1062 (18

76 1078 190 1109 ,firmis
207 1079 336 1110 baronie
352 1079 392 1110 de
408 1079 563 1110 Rannach
579 1079 617 1110 de
634 1080 745 1111 eodem
768 1090 861 1110 anno.
906 1080 948 1111 Et
972 1079 1010 1111 de
1034 1080 1091 1121 xiij
1108 1080 1140 1111 n

91 1128 124 1168 vj
141 1132 163 1158 s.
181 1128 236 1168 viij
253 1128 283 1159 d.
299 1128 339 1159 de
355 1129 454 1159 firmis
471 1129 588 1160 foreste
605 1129 643 1160 de
661 1129 776 1170 Cluny.
820 1130 864 1160 Et
879 1129 917 1160 de
941 1129 1020 1170 lxxij
1037 1129 1069 1160 fi.
1086 1140 1143 1170 per

91 1176 232 1218 integras
247 1178 354 1209 firmas
370 1178 505 1209 dominii
524 1179 563 1209 de
586 1178 764 1209 Kinclevin
787 1179 826 1209 de
850 1179 973 1210 duobus
996 1179 1142 1210 terminis

92 1225 189 1266 hujus
199 1227 348 1268 computi.
376 1228 419 1259 Et
431 1228 470 1259 de
482 1228 517 1258 xl
529 1232 551 1259 ἒ.
559 1229 660 1259 81111111
669 1229 812 1260 redditus
823 1232 905 1260 terre
918 1229 956 1260 de
967 1229 1142 1260 Kinblath-

92 1279 183 1307 mont
199 1276 238 1307 de
254 1276 366 1307 eodem
381 1287 472 1308 anno.
518 1278 561 1308 Et
577 1277 616 1308 de
631 1288 675 1308 xx
691 1282 713 1309 s.
731 1278 832 1309 annui
847 1278 990 1309 redditus
1011 1279 1050 1310 de
1066 1279 1141 1310 Tor-

93 1428 132 1459 de
148 1429 271 1470 Loohty
286 1439 342 1470 per
357 1430 579 1461 vendicionem
594 1433 664 1461 octo
686 1430 864 1471 amplarum
889 1431 1079 1471 sagittarum
1103 1432 1141 1462 de

93 1477 178 1508 dioto
203 1488 295 1510 anno.
339 1479 382 1509 Et
406 1479 446 1510 de
470 1479 516 1520 iiij
546 1484 567 1510 ἔ.
595 1490 652 1520 per
682 1480 905 1511 vendicionem
935 1480 1031 1511 unius
1062 1481 1142 1512 libre

93 1527 210 1568 piperis
233 1528 304 1559 albe
327 1529 417 1560 firme
440 1532 522 1560 terre
546 1529 584 1560 de
608 1529 690 1560 Rate
714 1540 776 1570 que
800 1529 918 1560 dieitur
940 1530 1086 1567 Freland,
1103 1531 1142 1562 de

93 1577 229 1608 termino
266 1578 393 1609 Natalis
435 1579 567 1609 Domini
604 1577 688 1609 infra
725 1582 921 1620 computum,
952 1580 1028 1619 quia
1065 1584 1143 1611 tunc

93 1626 236 1657 redditur
251 1629 386 1659 tantum.
433 1627 565 1659 Summa
582 1627 690 1659 totalis
712 1628 909 1659 oneracionis
932 1633 1037 1669 preter
1059 1640 1142 1661 arre-

93 1672 188 1717 regia,
203 1675 308 1717 iij⁰lvij
326 1677 358 1708 11.
375 1677 407 1718 vj
424 1681 447 1708 ἔ.
464 1677 520 1718 viij
538 1677 566 1708 d.

137 1726 230 1763 Item,
246 1726 331 1757 idem
346 1729 457 1758 onerat
473 1737 506 1758 se
522 1727 561 1758 de
577 1727 608 1767 vj
625 1726 657 1757 li.
674 1727 730 1768 xiij
748 1731 771 1758 ἑ.
788 1727 835 1768 iiij
853 1727 883 1759 d.
906 1727 946 1758 de
968 1728 1142 1768 gressumis

93 1774 171 1807 ville
186 1775 225 1807 de
241 1776 399 1808 Banathis
413 1776 447 1808 in
464 1777 605 1808 dominio
621 1777 660 1808 (18
673 1777 856 1808 Kinclevin.
903 1777 1034 1808 Summa
1046 1777 1143 1818 hujus

95 1825 197 1856 oneris
211 1829 307 1866 patet.

138 1874 269 1906 Summa
289 1875 397 1907 totalis
420 1876 616 1907 oneracionis
638 1879 745 1917 preter
767 1876 931 1916 arreragia,
954 1875 1085 1916 iij⁰lxiiij
1109 1876 1142 1907 11.

95 1923 226 1956 Summa
241 1925 349 1956 totalis
361 1925 557 1956 onemoionis
574 1935 647 1956 cum
660 1924 834 1965 afferagiis,
847 1923 946 1965 v⁰xxij
965 1924 996 1955 H.
1014 1936 1035 1955 x
1051 1925 1080 1956 d.
1093 1925 1142 1956 οἵ).

137 1974 284 2015 Expense
300 1975 451 2015 ejusdem.
496 1975 537 2005 In
560 1974 680 2015 primis,
703 1973 837 2004 allocate
863 1975 1063 2014 computanti
1087 1986 1144 2016 per

96 2023 289 2055 solucionem
319 2024 437 2055 factam
462 2024 591 2055 domino
623 2023 737 2055 Colino
767 2023 920 2060 Oambell,
951 2024 1056 2062 militi,
1085 2035 1144 2065 pro

96 2071 186 2104 feodo
211 2083 276 2110 suo,
297 2083 337 2104 ex
363 2073 565 2104 concessione
589 2072 712 2103 domini
735 2072 817 2113 regis
840 2072 892 2113 pie
916 2074 1073 2110 memorie,
1105 2073 1143 2104 de

95 2121 194 2153 firmis
209 2125 365 2153 terrarum
382 2123 420 2154 de
438 2122 600 2163 Desehyre
617 2125 649 2152 eb
672 2122 793 2162 Twyer,
816 2125 853 2152 ut
875 2125 964 2162 patet
980 2122 1014 2152 in
1030 2122 1143 2153 rotulis

94 2171 345 2211 precedentibus,
366 2172 405 2204 de
432 2182 516 2204 anno
537 2172 680 2212 computi
707 2176 739 2202 et
765 2171 824 2203 sub
849 2171 990 2212 periculo
1014 2182 1142 2213 compu-
