1551 2462
168 1093 290 1125 Avene.

390 264 450 292 360
497 288 502 290 .
700 260 864 292 ROTULI
889 260 1123 292 SCACCARH
1346 263 1436 292 1465.

387 354 425 385 de
441 354 471 385 le
494 353 601 385 Halcli
626 353 665 384 de
690 353 829 385 Breehin
853 354 891 384 de
917 354 1042 394 croppis
1068 363 1223 384 annorum
1246 353 1435 394 sexagesimi

386 404 477 434 tercii
493 407 524 434 et
540 403 728 444 sexagesimi
744 403 857 443 quarti.
904 404 946 434 Et
961 404 1000 434 de
1017 403 1051 443 iij
1064 403 1176 434 celdris
1187 403 1231 443 xij
1244 403 1337 434 bollis
1349 403 1436 434 ordei

387 452 465 483 dicti
480 452 613 483 tollbere
637 452 806 483 comitatus
823 452 862 482 de
879 452 1060 483 Garviauch
1078 452 1116 483 de
1133 452 1257 492 eroppis
1278 452 1436 482 dictorum

386 512 550 532 annorum.
596 502 638 532 Et
654 501 692 532 de
710 502 740 541 vj
766 501 880 532 celdris
897 512 918 531 x
934 501 1027 532 bollis
1041 495 1084 541 'iij
1110 501 1231 533 ferlotis
1254 512 1328 533 cum
1351 501 1435 532 binis

386 551 530 591 partibus
553 551 688 581 duarum
704 561 872 591 peccarum
895 551 981 582 ordei
998 554 1029 582 et
1053 551 1170 582 farrine
1193 551 1357 582 avenatioe
1379 561 1437 592 per

385 600 514 641 equales
531 601 695 641 porciones
711 601 788 631 ville
804 601 843 632 de
860 601 996 641 Kyntra,
1013 601 1142 641 dempta
1164 601 1260 632 tercia
1275 601 1384 632 debita
1399 603 1436 630 ut

385 660 489 691 supra,
505 650 544 681 de
560 650 684 690 croppis
697 650 832 681 duorum
844 661 999 685 annorum
1013 651 1233 691 predictorum.
1273 651 1316 681 Et
1331 650 1370 681 de
1380 650 1434 690 xvj

385 699 499 730 celdris
526 699 612 730 ordei
643 699 681 730 de
698 700 790 730 firma
803 700 900 730 tercie
923 700 1022 740 partis
1048 699 1086 731 de
1116 700 1253 740 Duffoys
1279 700 1317 731 de
1341 700 1435 731 dictis

384 749 508 780 duobus
524 749 624 780 annis.
670 749 713 780 Et
728 749 766 780 de
779 749 858 789 xlvij
874 749 988 780 celdris
999 749 1087 780 ordei
1102 753 1134 780 et
1144 749 1261 780 farrine
1271 749 1435 780 avenatice

383 798 423 829 de
440 798 537 829 firmis
554 798 592 829 de
616 798 844 829 Ardmannach
867 808 923 839 per
945 799 1074 839 equales
1096 799 1262 839 porciones
1285 799 1324 830 de
1341 799 1435 830 dietis

384 848 509 879 duobus
525 847 658 888 croppis,
668 847 733 888 regi
746 847 1005 888 contingentibus
1021 858 1077 889 per
1088 848 1321 879 forisfacturam
1334 859 1434 889 quou-

384 897 458 928 dam
474 897 621 937 Hugonis
638 897 763 928 comitis
779 896 818 927 (16
836 897 985 931 Ormond.
1031 897 1073 929 Et
1089 897 1128 928 de
1143 898 1175 938 vj
1193 898 1307 929 celdris
1318 898 1435 929 farrine

384 947 549 979 avenatice
579 946 618 977 de
644 946 674 977 le
705 946 812 977 Halch
851 947 890 978 de
921 947 1059 978 Breehin
1097 947 1136 980 de
1177 947 1271 978 dictis
1302 947 1434 988 oroppis.

385 996 516 1026 Summa
531 995 640 1026 totalis
652 995 845 1031 oneracionis
858 995 953 1032 ordei,
969 995 1074 1033 brasii,
1087 1001 1119 1026 et
1130 996 1248 1027 farrine
1263 997 1436 1034 avenatios,

384 1045 500 1086 lxxxiij
518 1044 622 1076 celdre
638 1044 707 1085 xiiij
727 1044 810 1075 bolle
826 1044 860 1085 iij
879 1044 999 1076 ferlote.

428 1095 520 1132 Item,
537 1095 621 1126 idem
638 1098 748 1133 onerat
764 1105 797 1125 se
814 1094 852 1125 de
876 1094 922 1134 iiij
941 1094 1055 1125 celdris
1080 1094 1114 1125 ix
1140 1094 1235 1126 bollis
1262 1106 1436 1127 avenarum

384 1145 423 1176 de
439 1145 538 1176 firmis
562 1144 732 1176 comitatus
749 1144 788 1175 de
805 1144 894 1174 Marr
917 1144 956 1175 de
972 1144 1096 1185 croppis
1119 1155 1276 1176 annorum
1298 1146 1438 1186 predict-

383 1205 481 1225 orum.
527 1194 624 1232 Etde
637 1194 693 1234 xiij
711 1193 825 1225 celdris
839 1194 880 1234 vij
899 1193 993 1225 bollis
1009 1204 1185 1225 avenarum
1197 1195 1326 1235 dempta
1337 1195 1436 1226 tercia

383 1245 422 1275 de
439 1244 537 1275 firmis
553 1244 834 1275 vicecomitatuum
850 1243 890 1275 de
905 1244 1001 1275 Fores
1017 1247 1049 1275 et
1064 1243 1160 1285 Elgin
1175 1248 1208 1275 et
1217 1245 1317 1276 veteri
1332 1249 1436 1276 castro

382 1293 421 1325 de
438 1294 596 1335 Invernys
609 1293 647 1324 de
660 1293 779 1324 eisdem
792 1293 926 1334 croppis.
972 1293 1105 1328 Summa
1116 1293 1224 1325 totalis
1235 1294 1432 1326 oneracionis

383 1353 565 1379 avenarum,
582 1342 660 1383 xviij
678 1341 790 1381 celdre.-

428 1393 577 1433 Expense
600 1392 759 1424 dictorum
774 1402 952 1432 granorum.
999 1392 1039 1423 In
1062 1393 1181 1434 primis,
1198 1393 1331 1425 allocate
1349 1403 1433 1425 eom-

382 1442 513 1483 putanti
535 1453 591 1483 per
614 1441 835 1473 vendicionem
859 1442 969 1473 decem
995 1442 1173 1474 celdrarum
1203 1447 1235 1475 et
1265 1443 1433 1475 duodecim

383 1492 541 1523 bollarum
557 1491 719 1528 frumenti,
735 1501 809 1522 cum
825 1492 916 1531 cujus
931 1492 1068 1532 pecunia
1083 1496 1272 1533 computans
1287 1494 1433 1534 superius

383 1544 540 1577 oneratur,
551 1552 572 1571 x
588 1541 692 1572 celdre
708 1540 753 1580 xij
764 1540 848 1577 bolle
861 1540 1021 1571 frumenti
1067 1541 1110 1572 Et
1125 1541 1237 1579 eidem,
1247 1552 1304 1583 per
1319 1542 1433 1574 libera-

383 1591 507 1622 cionem
538 1590 655 1621 factam
685 1590 725 1621 ad
755 1599 910 1630 expensas
942 1589 1095 1621 domicilii
1126 1591 1249 1622 domini
1280 1592 1362 1633 regis
1400 1597 1433 1624 et

382 1640 518 1671 intratas
542 1639 577 1670 in
603 1639 694 1670 libris
717 1639 875 1670 dictarum
898 1639 1060 1677 domicilii,
1084 1643 1121 1671 ut
1143 1644 1232 1682 patet
1253 1641 1288 1672 111
1311 1642 1432 1674 eisdem

381 1689 617 1730 particulariter
639 1688 830 1720 examinatis
853 1698 948 1729 super
971 1692 1166 1730 computum,
1189 1691 1246 1731 xiij
1271 1691 1375 1723 celdre
1397 1692 1432 1723 ix

380 1738 465 1770 bolle
494 1738 516 1779 ij
545 1738 658 1769 ferlote
685 1738 848 1770 frumenti.
908 1738 951 1769 Et
980 1738 1092 1776 eidem,
1122 1749 1178 1781 per
1214 1740 1431 1773 decidenciam

381 1788 497 1829 viginti
520 1791 657 1828 quatuor
680 1787 857 1819 celdrarum
880 1787 1024 1828 quinque
1054 1788 1213 1820 bollarum
1235 1793 1268 1821 et
1294 1790 1431 1823 duarum

381 1837 566 1868 ferlotarum
589 1837 744 1869 frumeuti
765 1838 940 1878 prescripti,
956 1838 995 1869 (16
1011 1838 1128 1880 quibus
1150 1839 1190 1870 de
1205 1839 1382 1873 intracione
1397 1841 1431 1873 in

380 1887 470 1918 libris
493 1887 583 1918 nulla
606 1887 669 1918 fuit
691 1888 775 1918 facta
798 1888 1061 1928 recompensacio,
1083 1890 1120 1919 ut
1142 1892 1232 1930 patet
1253 1890 1288 1920 in
1311 1890 1430 1923 eisdem

380 1940 474 1978 prout
490 1937 567 1968 fides
584 1937 668 1968 facta
692 1937 755 1968 fuit
777 1947 872 1978 super
894 1942 1089 1978 computum,
1104 1938 1125 1979 ij
1144 1939 1248 1971 celdre
1268 1940 1429 1972 frumenti.

380 1987 423 2018 Et
452 1997 509 2028 per
539 1986 735 2017 solucionem
765 1986 883 2018 factam
913 1987 1079 2019 Fratribus
1110 1988 1364 2021 Predicatoribus
1389 1990 1428 2022 de

380 2036 484 2077 Elgin,
500 2036 750 2077 percipientibus
774 2037 941 2067 annuatim
964 2037 1043 2068 duas
1067 2037 1189 2068 celdras
1212 2038 1365 2070 frumenti
1387 2039 1427 2071 de

380 2086 529 2126 thanagio
562 2085 713 2121 Moravie,
749 2084 879 2126 dempta
906 2086 1004 2117 tercia
1042 2086 1150 2117 debita
1187 2087 1315 2120 domine
1345 2089 1428 2130 ejus-

379 2136 452 2166 dem
483 2135 522 2166 de
552 2134 675 2165 duobus
698 2135 843 2166 terminis
866 2136 1050 2176 prescriptis
1084 2136 1143 2167 sub
1173 2137 1314 2177 periculo
1344 2148 1428 2169 com-

379 2185 531 2226 putantis,
558 2184 580 2225 ij
612 2183 716 2215 celdre
743 2194 764 2215 x
791 2184 875 2215 boile
900 2184 922 2225 ij
950 2185 1062 2216 ferlote
1087 2185 1120 2226 iij
1148 2196 1241 2227 pecce
1266 2187 1426 2219 frumenti.
