1551 2462
91 272 148 301 146
155 273 180 302 2.
400 271 562 303 REGUM
586 271 830 303 SOOTORUM.
1076 274 1135 302 113

88 362 230 394 liberatis
253 363 293 395 ad
308 374 464 405 expensas
480 364 633 395 domicilii
656 364 778 396 domini
800 364 882 405 regis
898 367 930 394 et
952 363 1079 393 intratis
1102 363 1136 393 in

88 412 177 444 libris
208 413 374 451 dietarum,
404 414 546 454 precium
577 414 664 455 pecie
700 424 756 445 sex
787 414 880 444 solidi
910 416 980 444 octo
1016 412 1138 443 denarii
1152 431 1315 461 Respondebit

88 462 264 494 husbandis
287 463 453 501 allocandi,
469 464 504 504 iij
528 464 560 495 n'.
576 465 608 505 vj
633 468 655 495 ἔ.
671 464 728 504 viij
753 463 792 500 d„
807 474 863 504 pro
887 463 1003 504 quibus
1026 462 1138 492 martis
1152 462 1306 514 ξεῖξέξοῒὲἧέξ,

90 512 270 550 Bikertone,
293 510 495 551 senescallus,
517 514 731 554 respondebit.
775 513 818 544 Et
841 513 953 549 eidem,
977 512 1015 542 de
1038 511 1138 542 firmis
1152 528 1196 550 pro
1206 521 1298 543 martis.

89 564 245 593 terrarum
268 563 307 594 de
337 563 507 594 Manlorne
534 563 715 604 jacencium
741 563 776 593 in
806 562 946 593 dominio
974 561 1012 592 de
1040 561 1138 592 Glen-

89 610 192 652 lyone,
208 611 286 643 alias
307 612 532 653 deputatarum
553 623 610 654 pro
626 613 744 644 foresta
766 622 822 653 per
846 612 1012 642 dominum
1033 621 1140 652 regem

89 660 173 691 clare
203 662 362 699 memorie,
386 665 418 693 et
440 665 550 703 postea
572 673 637 693 non
660 662 886 698 assedatarum,
909 661 984 692 licet
1009 661 1140 691 manda-

87 710 180 742 batur
203 711 399 752 compotanti
421 711 565 743 assedere
587 712 722 749 easdem,
743 722 821 752 quas
838 711 982 742 assedare
1005 710 1143 742 nescivit

88 760 222 797 easdem,
237 764 333 801 prout
349 761 427 792 fides
441 761 526 792 facta
541 762 605 792 fuit
621 772 716 802 super
732 764 924 802 compotum,
941 761 980 791 de
997 760 1141 791 terminis

89 810 235 851 compoti,
259 810 293 841 xl
323 815 346 842 ἔ.
378 811 421 841 Et
445 811 484 842 de
514 811 613 842 firmis
637 814 792 842 terrarum
826 811 865 842 de
888 809 1142 851 Dunschynlech

91 859 121 890 in
151 860 281 890 baronia
309 860 347 891 de
373 860 548 901 Appadull,
571 871 611 892 ex
643 861 753 892 eadem
781 870 876 891 causa
904 862 937 891 et
960 860 999 890 de
1022 859 1142 891 eisdem

91 909 244 946 terminis,
260 909 294 940 xl
310 914 333 941 ἓ.
379 910 421 941 Et
443 910 482 941 de
498 911 598 941 firmis
621 913 779 941 terrarum
801 910 840 941 de
856 909 1036 950 Glenlochy
1058 909 1143 940 infra

91 958 226 990 eandem
241 959 413 997 baroniam,
429 962 558 1001 propter
575 960 758 991 vastitatem
779 960 953 991 earundem
968 959 1007 990 de
1023 959 1143 990 eisdem
1157 985 1223 1008 Nota
1233 984 1331 1006 manaa-

91 1009 247 1045 terminis,
270 1020 291 1039 x
314 1013 347 1046 s„
369 1012 401 1040 et
423 1009 595 1040 mandatur
617 1009 815 1050 compotanti
837 1013 996 1049 quatenus
1020 1008 1144 1039 assedet
1157 1017 1218 1038 tum.

93 1058 195 1089 dictas
210 1061 311 1089 terras
327 1061 359 1089 et
382 1058 467 1089 levet
482 1059 589 1089 firmas
613 1058 795 1095 earundem,
812 1069 885 1089 cum
902 1058 1018 1099 quibus
1035 1068 1144 1089 onera-

94 1108 190 1139 bitur.
235 1108 278 1138 Et
307 1108 418 1145 eidem,
442 1107 481 1139 de
505 1108 604 1138 firmis
627 1108 763 1139 duarum
795 1107 971 1144 domorum,
995 1107 1168 1138 videlicet·

94 1157 265 1188 lardinarie
287 1160 319 1188 et
341 1157 533 1194 carbonarie,
549 1157 583 1187 in
607 1157 706 1198 burgo
729 1157 768 1187 de
792 1157 899 1194 Perth,
918 1160 1146 1198 occupatarum

96 1217 169 1238 cum
193 1206 329 1247 propriis
351 1207 442 1247 regis,
466 1206 505 1237 de
528 1206 632 1237 tribus
655 1206 810 1244 terminis,
827 1217 867 1237 ex
890 1206 1144 1238 consideracione

96 1255 279 1286 auditorum
295 1255 334 1286 ad
350 1266 488 1296 presens,
504 1256 538 1296 iij
558 1255 589 1287 fi.
628 1256 671 1286 Et
686 1256 892 1296 compotanti,
908 1265 965 1296 pro
982 1255 1074 1287 feodo
1090 1266 1147 1287 suo

96 1305 135 1336 de
151 1306 297 1336 terminis
320 1306 467 1346 compoti,
484 1316 505 1336 x
521 1305 552 1336 11.
598 1305 641 1336 Et
663 1315 751 1336 maro
775 1305 813 1336 de
834 1305 1074 1342 Strathbraune,
1090 1316 1147 1346 pro

97 1354 188 1386 feodo
204 1355 261 1385 sno
277 1354 316 1385 de
331 1355 477 1386 terminis
501 1354 643 1395 computi
669 1358 702 1385 et
717 1365 782 1385 uno
805 1354 941 1385 termino
959 1355 1148 1396 precedente

97 1463 153 1484 suo
184 1453 222 1484 de
246 1453 339 1485 dictis
362 1453 516 1491 terminis,
539 1454 585 1494 iiij
603 1453 635 1484 11.
682 1453 724 1484 Et
751 1463 840 1484 maro
864 1453 903 1484 de
926 1454 1092 1495 Desehyer
1115 1457 1147 1485 et

96 1503 229 1544 Tueyer,
245 1503 435 1544 percipienti
460 1503 495 1534 in
518 1513 602 1534 anno
624 1505 688 1534 tres
711 1513 833 1534 marcas
856 1513 930 1534 cum
946 1503 1093 1541 dimedia,
1109 1504 1149 1535 de

98 1552 191 1584 dictis
207 1553 362 1590 terminis,
377 1553 423 1593 111]
440 1552 473 1584 11.
489 1553 546 1593 xiij
563 1557 586 1584 ἑ.
603 1553 648 1593 111]
667 1552 696 1583 d.
742 1552 784 1583 Et
800 1562 888 1583 maro
904 1553 942 1584 de
960 1553 1148 1594 Glenlyone,

98 1602 287 1644 percipienti
302 1603 336 1633 in
352 1613 436 1633 anno
457 1602 536 1633 duas
551 1612 683 1639 marcas,
699 1601 737 1633 de
754 1601 874 1633 eisdem
889 1603 1044 1640 terminis,
1060 1603 1106 1644 111]
1124 1608 1149 1635 s.

65 1661 70 1664 ⁴
98 1651 144 1693 iiij
161 1652 190 1683 d.
236 1652 278 1683 Et
301 1662 389 1683 maro
405 1652 443 1683 de
464 1651 659 1692 Forthirgill,
675 1651 866 1692 percipienti
881 1652 916 1682 in
933 1662 1016 1683 anno
1032 1653 1150 1694 viginti

100 1701 224 1739 solidos,
239 1701 279 1732 de
295 1701 388 1732 dictis
412 1701 566 1738 terminis,
582 1701 616 1731 xl
632 1705 654 1732 ἕ.
700 1701 742 1732 Et
757 1711 845 1732 maro
867 1701 973 1733 warde
990 1702 1028 1733 de
1045 1702 1149 1733 Balle-

100 1751 238 1792 garnach
265 1751 304 1782 de
334 1751 427 1782 dictis
451 1750 605 1787 terminis,
630 1750 676 1791 liij
694 1754 716 1781 ἓ.
749 1750 796 1791 iiij
814 1750 843 1782 d.
889 1751 931 1782 Et
955 1752 1067 1789 eidem,
1093 1762 1151 1793 per

100 1800 295 1832 solucionem
322 1800 439 1831 factam
466 1800 617 1841 magistro
642 1799 750 1831 David
775 1799 910 1837 Guthre,
942 1800 1150 1840 thesaurario,

101 1849 216 1881 fatenti
231 1853 395 1890 receptum
407 1859 501 1890 super
514 1852 707 1890 compotum,
720 1852 752 1880 et
762 1849 800 1881 de
814 1859 876 1890 quo
889 1850 1009 1890 recepit
1024 1850 1149 1882 literam
1164 1855 1328 1890 Respondebit

102 1899 321 1940 obligatoriam
347 1899 571 1940 computantis,
587 1897 613 1939 ]ο
640 1898 681 1935 n„
707 1908 765 1939 pro
792 1899 909 1939 quibus
937 1900 1148 1940 respondebit.
1163 1885 1328 1937 gstsggmus

103 1948 234 1979 Summa
256 1958 476 1989 expensarum,
492 1947 552 1989 iiije
567 1948 614 1989 111]
631 1948 665 1979 n'.
688 1948 722 1988 iij
747 1958 769 1979 s.
786 1948 818 1988 vj
836 1948 864 1978 d.
911 1948 953 1979 Et
968 1949 1013 1979 sic
1029 1953 1151 1981 restant

104 1997 148 2038 xlj
175 1998 207 2029 11.
231 1997 265 2038 11]
290 1997 319 2029 d.
367 1998 415 2029 De
441 1998 568 2038 quibus,
584 1997 717 2028 allocate
741 1997 939 2038 compotanti
961 2008 1018 2038 per
1041 2009 1150 2039 super-

103 2047 203 2078 fluam
232 2047 453 2078 oneracionem
483 2050 641 2078 terrarum
668 2046 707 2077 de
739 2046 899 2087 Grantuly
930 2056 1003 2077 cum
1034 2049 1151 2088 quibus

105 2098 289 2137 compotans
305 2097 496 2127 onerabatur
511 2106 568 2137 per
583 2096 726 2137 quinque
742 2106 841 2126 annos
860 2096 992 2136 elapsos,
1009 2098 1153 2138 quolibet

105 2156 188 2177 anno
219 2155 292 2177 cum
322 2145 438 2186 viginti
468 2145 567 2182 libris,
598 2156 659 2186 que
690 2148 797 2176 tamen
829 2145 1058 2177 assedabantur
1094 2158 1151 2188 per

107 2195 272 2226 dominum
295 2204 401 2236 regem
419 2195 471 2236 pie
493 2195 645 2226 memorie
672 2205 729 2236 pro
755 2194 870 2235 viginti
893 2198 1015 2235 septem
1039 2198 1154 2229 marcis

151 2251 221 2275 vor.
238 2252 294 2276 vn.
1001 2253 1025 2275 Η
