1551 2462
403 250 462 279 140
714 245 879 279 ROTULI
903 247 1139 281 SCAOGARH
1361 251 1375 279 1
1382 251 1452 280 462.

400 341 567 373 elimosina
589 341 672 383 regis
695 341 838 383 antiqua,
853 344 891 373 ut
913 345 1003 383 patet
1018 342 1053 373 in
1075 342 1190 373 rotulis
1205 341 1451 383 precedentibus

400 395 433 423 et
448 391 556 423 literas
573 391 651 422 dicti
666 391 780 433 prioris
797 392 836 423 de
851 395 979 433 recepto
996 396 1140 423 ostensas
1156 401 1252 432 super
1268 395 1452 432 compotum

398 441 438 479 de
454 451 537 472 anno
550 441 689 482 compoti
705 444 737 472 et
753 451 836 472 anno
848 441 1032 482 precedenti
1044 441 1104 472 hoc
1117 444 1312 482 compotum,
1325 441 1401 482 xxvj
1419 440 1452 472 fi.

398 491 455 532 xiij
473 495 496 523 Ξ.
512 491 559 532 iiij
576 491 605 522 d.
651 491 694 521 Et
710 491 875 532 capellano
899 491 1010 522 Sancti
1035 491 1210 522 Salvatoris
1227 490 1405 522 celebranti
1419 490 1454 522 in

396 541 516 572 Dunde
531 551 589 582 pro
602 541 709 572 anima
732 540 894 581 quondam
919 540 1042 571 domini
1067 541 1174 571 David
1192 540 1282 572 ducis
1299 540 1453 581 Rothsay,

397 591 588 633 percipienti
622 591 790 622 annuatim
818 591 962 631 quinque
992 590 1090 621 libras
1120 590 1160 622 de
1188 590 1344 621 custumis
1375 589 1454 621 dicti

397 641 499 682 burgi,
526 644 561 672 ut
586 644 676 681 patet
702 640 737 671 in
763 640 876 671 rotulis
903 640 1148 681 precedentibus
1175 643 1207 671 et
1234 640 1318 681 [per]
1343 639 1453 671 literas

396 691 555 732 capellani
578 690 617 721 de
639 693 765 731 recepto
788 692 931 721 ostensas
961 699 1057 730 super
1081 693 1273 731 compotum,
1296 689 1335 720 de
1358 689 1453 720 dictis

397 741 522 771 duobus
538 740 640 776 annis,
656 750 678 770 x
693 739 724 770 fi.
770 739 813 770 Et
828 739 994 770 Fratribus
1011 739 1266 770 Predicatoribus
1290 739 1329 770 de
1345 738 1453 776 Perth,

397 789 648 831 percipientibus
665 789 833 820 annuatim
856 788 1007 820 undecim
1018 799 1142 820 marcas
1158 788 1197 820 de
1213 792 1361 820 custuma
1374 787 1454 819 dicti

395 840 498 881 burgi,
521 842 559 870 ut
585 842 674 880 patet
703 849 760 879 per
789 838 910 869 rotulos
940 838 1145 879 precedentes
1176 842 1209 869 et
1238 838 1347 879 literas
1374 831 1454 869 dicti

396 889 510 930 prioris
540 892 683 920 ostensas
710 898 805 928 super
836 891 1020 928 compotum
1050 887 1090 919 de
1120 891 1256 929 recepto,
1288 888 1327 919 de
1357 887 1452 919 dictis

396 939 520 971 duobus
544 938 645 975 annis,
661 937 730 978 xiiij
755 937 786 968 11.
804 937 859 978 xiij
878 942 900 969 s.
918 938 964 978 iiij
983 937 1010 968 d.
1056 937 1099 968 Et
1121 937 1274 978 Marjorie
1290 937 1451 969 comitisse

396 989 514 1020 seniori
536 988 575 1019 de
599 987 782 1023 Craufurde,
807 997 863 1028 pro
883 987 982 1018 tercia
1005 998 1063 1018 sua
1086 988 1248 1029 octoginta
1271 998 1451 1019 marcarum

395 1038 430 1069 in
446 1049 530 1069 anno
547 1038 585 1069 de
609 1037 764 1068 custumis
789 1037 867 1068 dicti
882 1037 975 1078 burgi
990 1037 1117 1068 racione
1140 1037 1251 1068 mortis
1267 1037 1376 1068 mariti
1391 1037 1451 1074 sui,

398 1088 437 1119 de
453 1098 536 1118 anno
553 1087 693 1128 compoti
716 1090 748 1117 et
770 1096 854 1118 anno
870 1087 1059 1127 precedente
1081 1087 1142 1119 hoc
1165 1090 1358 1128 compotum,
1381 1087 1451 1128 ipsa

396 1138 518 1168 fatente
534 1140 699 1177 receptum
714 1147 771 1177 per
786 1147 859 1168 suas
871 1137 981 1168 literas
993 1140 1135 1168 ostensas
1148 1147 1243 1178 super
1258 1140 1451 1178 compotum,

397 1187 510 1227 xxxiiij
528 1186 559 1217 fi.
576 1186 622 1227 iiiJ'
639 1191 662 1217 ἒ.
680 1186 712 1227 vj
729 1186 757 1217 d.
804 1187 856 1217 Etr
860 1186 980 1227 juniori
1003 1187 1164 1218 comitisse
1186 1187 1376 1219 Craufurdie
1392 1198 1450 1228 pro

397 1237 496 1268 tercia
519 1246 577 1267 sua
599 1236 639 1267 de
662 1236 755 1267 dictis
772 1236 936 1274 custumis,
952 1240 990 1267 ut
1012 1240 1102 1277 patet
1117 1247 1174 1278 per
1189 1247 1262 1268 suas
1277 1237 1387 1268 literas
1410 1237 1450 1268 de

395 1289 522 1328 recepto
546 1289 688 1317 ostensas
711 1296 807 1326 super
829 1289 1022 1326 compotum,
1038 1286 1076 1317 de
1097 1286 1192 1318 dictis
1208 1287 1332 1318 duobus
1348 1287 1450 1324 annis,

396 1336 451 1376 xxj
480 1335 511 1366 11.
539 1335 596 1376 viij
623 1334 651 1366 d.
697 1335 740 1366 Et
766 1335 874 1366 David
896 1335 973 1376 Hay
994 1336 1033 1366 de
1059 1335 1237 1374 Nachtane,
1260 1337 1449 1377 percipienti

396 1385 564 1416 annuatim
580 1384 696 1425 viginti
716 1394 837 1415 marcas
862 1384 901 1415 de
924 1384 1010 1415 dicta
1032 1385 1185 1425 pensione
1208 1386 1334 1417 comitis
1351 1386 1450 1417 Crau-

397 1434 510 1471 furdie,
526 1437 563 1464 ut
578 1437 668 1474 patet
682 1443 739 1474 per
754 1443 828 1464 suas
844 1433 952 1464 literas
978 1434 1017 1465 de
1041 1438 1168 1475 recepto
1184 1438 1328 1466 ostensas
1352 1445 1450 1476 super

396 1486 579 1524 compotum
604 1482 643 1514 de
667 1482 762 1513 dictis
786 1482 911 1514 duobus
938 1484 1040 1521 annis,
1056 1484 1133 1524 xxvj
1159 1483 1190 1514 fi.
1214 1485 1270 1525 xiij
1297 1489 1319 1516 ἓ.
1344 1485 1391 1526 n'ij
1417 1485 1446 1516 d.

395 1533 438 1564 Et
467 1533 596 1563 domino
627 1532 766 1563 Patricio
795 1532 892 1573 Gray,
922 1533 1029 1570 militi,
1059 1534 1250 1574 percipienti
1280 1535 1448 1566 annuatim

395 1583 511 1624 viginti
526 1582 624 1613 libras
640 1582 678 1613 de
695 1582 805 1613 eaden]
828 1583 989 1623 pensione,
1005 1586 1042 1614 ut
1065 1586 1154 1624 patet
1174 1594 1231 1624 per
1246 1583 1354 1615 literas
1370 1584 1449 1615 dicti

395 1633 517 1664 domini
540 1632 671 1663 Patricii
694 1632 733 1663 de
756 1636 882 1673 recepto
908 1635 1049 1664 ostensas
1073 1643 1168 1674 super
1192 1637 1384 1674 compotum,
1409 1633 1449 1665 de

395 1683 489 1714 dictis
506 1682 628 1713 duobus
645 1682 746 1718 annis,
760 1681 794 1712 xl
809 1681 840 1712 fi.
887 1682 930 1713 Et
946 1681 1130 1713 Alexandro
1147 1682 1242 1720 Maw,
1258 1683 1448 1724 percipienti

395 1732 563 1763 annuatim
587 1741 643 1762 sex
667 1741 789 1762 marcas
811 1731 850 1762 de
875 1731 960 1762 dicta
979 1731 1140 1772 pensione,
1164 1731 1198 1762 in
1214 1732 1344 1773 plenam
1360 1732 1446 1763 solu-

395 1782 519 1812 cionem
535 1780 678 1821 ejusdem
693 1780 732 1811 de
748 1780 842 1811 dietis
867 1780 990 1812 duobus
1012 1782 1112 1818 annis,
1128 1784 1165 1812 ut
1190 1785 1281 1822 patet
1303 1792 1359 1823 per
1374 1792 1447 1814 suas

394 1831 504 1863 literas
528 1831 568 1862 de
591 1834 718 1871 recepto
742 1833 885 1861 ostensas
910 1840 1005 1871 super
1029 1834 1221 1872 compotum,
1245 1831 1301 1872 viij
1327 1831 1358 1862 li.
1404 1831 1447 1862 Et

394 1891 451 1922 per
474 1880 669 1912 solucionem
691 1879 810 1910 factam
833 1879 854 1910 J
859 1879 976 1910 ohanni
1001 1880 1171 1917 Schethou,
1187 1880 1309 1912 cursori
1324 1880 1447 1911 domini

394 1931 485 1971 regis,
502 1937 559 1971 pro
582 1929 674 1961 feodo
698 1939 756 1960 suo
774 1928 813 1960 de
836 1929 931 1960 dictis
955 1929 1079 1961 duobus
1106 1930 1208 1968 annis,
1232 1929 1271 1961 de
1294 1930 1446 1962 mandato

395 1979 518 2010 domini
541 1979 623 2020 regis
647 1979 822 2010 literatorio
846 1978 906 2009 sub
931 1979 1053 2020 signeto
1080 1982 1206 2011 ostenso
1236 1989 1332 2020 super
1360 1990 1445 2011 com-

395 2079 515 2110 cursori
531 2078 653 2109 domini
668 2077 759 2118 regis,
775 2087 831 2118 pro
848 2077 939 2108 feodo
956 2087 1012 2108 suo
1036 2077 1075 2108 de
1090 2088 1154 2109 uno
1171 2088 1263 2115 anno,
1279 2078 1318 2109 de
1334 2078 1445 2109 eodem

394 2127 545 2158 mandato
555 2127 730 2158 literatorio
745 2127 805 2157 sub
820 2126 944 2167 signeto
959 2130 1086 2158 ostenso
1102 2137 1197 2168 super
1213 2131 1396 2168 compotum
1412 2131 1445 2159 et

396 2177 455 2208 sub
471 2176 613 2218 periculo
626 2176 890 2217 compotandum,
904 2176 938 2207 xl
948 2180 971 2208 ἔ.
1011 2177 1053 2208 Et
1062 2177 1205 2209 Johanni
1215 2177 1254 2209 de
1266 2178 1444 2209 Lardenare
