1551 2462
100 214 191 245 1464.
410 213 571 245 REGUM
595 212 842 245 SCOTORUM.
1085 216 1142 244 241

99 305 177 336 bant
203 305 341 338 assedari
367 316 423 347 pro
449 306 559 338 decem
586 306 710 345 marcis,
726 306 765 337 de
792 306 877 337 dicto
904 306 1050 342 termino,
1068 307 1099 346 vj
1123 310 1145 336 s.

99 355 155 396 viij
172 355 201 387 d.
246 356 289 386 Et
304 355 416 393 eidem,
431 366 488 398 per
506 356 703 388 solucionem
727 356 844 387 factam
867 356 1018 397 magistro
1042 356 1147 386 David

100 405 233 442 Guthre,
239 405 442 443 thesaurario,
452 406 619 447 recipienti
631 416 726 446 super
736 409 931 447 computum,
942 406 981 437 ad
992 415 1147 446 expensas

101 454 255 488 domicilii
271 455 392 487 domini
407 455 497 497 regiS„
519 455 588 497 ipso
612 455 734 487 fatente
757 458 922 496 receptum
945 465 1040 496 super
1062 464 1146 485 com-
1160 450 1325 504 ἓῗξιῗῇἓξξζξ

100 508 225 545 putum,
247 505 303 548 viij
327 505 358 536 fi.
381 505 446 547 xvij
464 509 488 536 ἔ.
505 505 552 546 iiij
577 505 605 536 d.
628 516 685 546 pro
709 505 826 546 quibus
849 505 1059 545 respondebit.
1106 504 1148 534 Et
1162 498 1261 533 Guihre.

101 554 213 591 eidem,
229 565 285 595 per
299 554 493 586 solucionem
513 555 631 587 factam
654 555 810 586 Edwardo
834 555 966 591 Bonkle‚
989 554 1149 595 preposito
1184 576 1188 579 -

101 604 231 635 ecclesie
247 604 412 646 ooHegiate
435 604 550 636 Sancte
573 604 738 636 Trinitatis
768 615 866 645 prope
889 603 1087 644 Edfflburgh,
1110 602 1151 633 ad.

102 655 296 686 structuram
332 653 485 694 ejusdem,
507 654 546 685 de
577 654 729 685 mandato
767 654 895 685 domine
930 653 1037 694 regine
1068 652 1150 683 clare

102 703 261 741 memorie,
276 706 313 737 ut
328 707 417 744 patet
432 713 488 744 per
503 703 612 735 literas
629 707 702 736 su'as
718 704 778 735 sub
793 704 917 744 signeto
937 703 976 734 de
1000 705 1150 743 precepto

102 755 135 783 et
158 752 249 783 binas
270 752 379 786 literas
403 753 481 784 dicti
501 753 650 784 Edwardi
675 753 714 784 de
735 757 862 794 recepto
889 756 1031 784 ostensas
1055 762 1150 792 super
1165 749 1329 803 ἓῖξξὲἱξξῑῒ

103 805 297 843 computum,
312 802 348 836 lx
362 802 404 839 fi„
422 813 477 843 pro
498 802 615 843 quibus
635 802 849 843 respondebit.
895 803 938 834 Et
961 803 1073 839 eidem,
1094 812 1150 842 pro
1165 790 1261 833 13‘0nc‘le.

103 852 245 892 exequiis
261 852 345 883 dicte
366 852 493 883 domine
515 852 623 893 regine
644 851 812 883 celebratis
834 852 868 882 in
889 851 1021 883 ecclesia
1045 851 1152 882 cathe-

104 901 185 932 drali
212 901 427 939 Breohinensi,
453 901 488 934 in
512 901 733 938 luminaribus,
760 902 894 942 picturis
921 904 1094 938 scutorum,
1120 904 1152 931 et

105 952 264 992 stipendio
276 952 495 989 serviencium,
505 962 544 983 ex
557 951 811 983 consideracione
825 952 1016 988 auditorum,
1028 951 1116 990 xxvij
1129 954 1152 981 s.

105 1001 152 1042 iiij
178 1001 206 1032 d.
252 1002 295 1035 Et
324 1001 436 1038 eidem,
462 1011 518 1042 pro
547 1002 749 1042 reparacione
779 1001 958 1032 molendini
988 1001 1026 1032 de
1057 1000 1154 1031 Arrot

106 1050 261 1082 destructi
275 1061 331 1091 per
346 1050 487 1081 fluminis
504 1050 669 1092 impetum,
693 1061 733 1083 ex
757 1050 867 1083 eadem
891 1050 1154 1086 consideracione,

107 1099 175 1140 xiiij
193 1104 215 1132 ἓ.
263 1100 306 1131 Et
321 1110 378 1140 pro
393 1100 496 1131 tribus
513 1099 655 1131 millibus
671 1100 808 1141 piscium
832 1100 1001 1137 aridorum,
1024 1102 1154 1131 centum

111 1149 345 1190 quinquaginta
374 1149 499 1180 duobus
535 1149 717 1181 mulionum
748 1150 918 1187 aridorum,
949 1149 1066 1190 emptis
1099 1159 1156 1189 per

109 1202 350 1239 computantem
383 1198 422 1230 de
457 1198 608 1230 mandato
645 1199 769 1231 domini
810 1199 945 1230 Henrici
981 1199 1156 1239 Kingorne,

109 1250 277 1281 senescalli
315 1250 470 1282 domicilii
503 1250 587 1281 dicte
625 1250 753 1284 domine
783 1250 900 1291 regine,
930 1251 970 1282 ad.
1001 1260 1156 1290 expensas
1170 1259 1334 1294 Requndehit

109 1300 262 1340 ejusdem,
274 1303 306 1330 et
320 1300 463 1330 liberatis
476 1300 614 1331 Roberto
627 1300 796 1341 Lyndesay
809 1300 847 1331 de
859 1299 940 1332 Leth
953 1299 992 1330 de
1005 1299 1155 1330 mandato
1170 1291 1293 1342 Ξξῗζζξζξ
1305 1325 1348 1348 pro

107 1349 186 1379 dicti
201 1349 376 1385 senescalli,
393 1352 430 1381 ut
450 1351 539 1389 patet
560 1359 616 1390 per
639 1349 748 1383 literas
772 1349 851 1380 dicti
876 1349 998 1380 domini
1021 1348 1154 1381 Henrici
1170 1337 1314 1400 iiiilfi'soigssss
1322 1378 1349 1400 1··

107 1398 146 1429 de
158 1402 307 1439 precepto
319 1401 461 1430 ostensas
474 1409 569 1439 super
584 1402 781 1439 computum,
793 1409 811 1429 v
823 1398 849 1430 fi
863 1399 909 1440 iiij
927 1403 960 1435 s„
971 1408 1028 1439 pro
1039 1398 1155 1438 quibus
1170 1385 1307 1442 ssssssissinemfls
1333 1385 1348 1406 ῃ

107 1448 247 1489 piscibus
274 1448 360 1479 idem
385 1448 533 1479 dominus
557 1448 718 1481 Henricus
744 1448 956 1489 respondebit.
1003 1448 1045 1479 Et
1072 1458 1156 1479 coni-
1170 1438 1254 1460 mdes·

107 1497 236 1538 putanti
257 1507 314 1538 pro
328 1497 419 1528 feodo
440 1507 497 1529 suo
521 1497 560 1528 de
584 1497 721 1529 termino
742 1498 839 1538 hujus
856 1497 1007 1538 computi,
1024 1507 1064 1530 ex
1083 1507 1157 1528 con·

107 1547 300 1580 sideracione
324 1547 506 1578 auditorum
531 1547 570 1578 ad
596 1558 735 1588 presens,
760 1547 795 1578 xl
810 1552 833 1580 s.
880 1547 1012 1578 Summa
1039 1557 1156 1587 expen-
1171 1557 1335 1591 Respondebit

108 1607 224 1634 sarum,
238 1596 375 1637 lxxxviij
393 1597 425 1628 fi.
442 1608 463 1627 x
479 1601 501 1628 ἔ.
518 1597 541 1637 ij
558 1597 588 1629 d.
633 1597 676 1628 Et
692 1597 737 1628 sic
752 1600 875 1628 restant
891 1597 946 1637 viij
965 1601 987 1627 s.
1004 1597 1039 1627 ix
1054 1596 1082 1630 d.
1100 1597 1158 1634 ob„
1171 1588 1333 1640 &affigamus

108 1649 213 1687 preter
227 1656 325 1687 grana
340 1649 372 1677 et
389 1646 471 1677 ferra
486 1656 522 1677 ac
538 1646 681 1687 ganinas.
729 1646 833 1684 Quam
849 1656 1008 1677 summani
1023 1646 1157 1687 pecunie
1173 1647 1274 1698 ,Βέῗῒηυιϊ
1285 1652 1363 1697 avenel

109 1695 206 1727 solvit
221 1695 305 1727 dicto
321 1696 519 1727 thesaurario
541 1696 709 1737 recipienti
725 1706 820 1737 super
843 1699 1039 1737 computum,
1058 1700 1090 1728 et
1113 1696 1158 1727 sic
1172 1683 1314 1728 iissassffiffiet
1325 1682 1354 1704 ga
1365 1688 1373 1692 ”

110 1755 190 1786 eque
206 1745 311 1786 quoad
325 1745 487 1786 pecunias,
502 1755 558 1787 pro
575 1746 692 1787 quibus
708 1746 919 1787 respondebit.
1172 1735 1314 1794 ζξξζξξξξῖα

153 1838 349 1879 Oomputum
365 1838 535 1870 Michaelis
559 1838 597 1870 de
614 1838 773 1876 Baffoure,
797 1838 970 1879 receptoris
995 1838 1158 1869 firmarum
1172 1839 1270 1880 Fyffe.

111 1887 150 1918 de
166 1887 264 1928 Fyffe,
282 1887 400 1930 [Partim
427 1889 469 1919 20
492 1888 576 1920 June
598 1888 709 1927 1464‚·
732 1888 926 1919 Martinmas
949 1891 1026 1918 term
1049 1887 1158 1928 1463]

111 1942 153 1974 Et
176 1953 240 1986 non
263 1946 372 1975 onerat
395 1954 428 1975 se
459 1943 497 1975 de
527 1944 627 1975 firmis
657 1944 735 1976 dicti
768 1943 938 1975 comitatus
961 1943 1000 1974 de
1023 1943 1159 1974 termino

112 1992 339 2025 Penthecostes
362 1993 486 2031 ultimo,
510 1993 586 2034 quia
617 1994 754 2026 Thomas
786 1994 930 2024 Simsone
965 1993 1159 2023 constitutus

112 2044 160 2074 est
175 2045 318 2083 receptor
333 2045 365 2074 et
380 2042 555 2074 intromisit
571 2053 644 2075 cum
659 2042 787 2075 eisdem.

157 2090 297 2132 [Charye.
342 2091 480 2123 Arrears
491 2092 529 2132 of
538 2095 663 2123 account
673 2092 757 2132 ofIO
772 2091 1066 2131 A209213t1463ss6
1081 2091 1159 2132 153]

113 2140 206 2177 Item,
222 2140 308 2174 idem
324 2146 433 2173 onerat
456 2151 489 2173 se
512 2141 546 2172 in
569 2141 680 2182 primis
697 2141 735 2173 dc
761 2140 829 2181 xliij
847 2139 878 2171 Π.
905 2140 936 2181 xj
963 2144 987 2172 s.
1012 2140 1033 2180 ij
1059 2139 1088 2171 d.
1106 2150 1161 2181 per

157 2197 228 2222 VOL.
245 2198 300 2222 vn.
694 2225 698 2227 .
1011 2198 1031 2225 Q
