1551 2462
0 250 18 318 iri
111 286 202 315 1460.
364 307 368 310 .
423 281 584 313 REGUM
607 281 855 313 SCOTORUM.
1121 283 1160 311 25

0 324 31 339 ff.

0 362 17 402 Ῐῐ·
106 377 145 408 de
161 376 413 417 Wyntyrburgh,
429 375 563 413 Eltreiff,
576 379 608 407 et
625 375 780 416 Berybus,
794 384 1014 405 concessorum
1031 374 1161 405 domino

0 432 32 468 ᾗ
107 419 360 467 Hammyltoune
376 436 432 466 pro
448 426 546 456 tercia
570 435 685 466 sponse
708 434 773 462 sue,
789 424 827 455 de
843 423 930 455 dicto
947 433 1040 461 anno,
1058 434 1102 454 xv
1130 424 1162 461 fi,

0 474 19 507 ”.
107 477 150 507 Et
165 476 203 507 de
218 476 316 506 firmis
335 475 398 506 loci
420 475 459 506 de
481 475 625 515 Douglas
650 474 739 515 Crag,
756 474 899 505 concessi
922 473 1008 504 dicto
1031 473 1161 505 domino

43 528 49 531 ’
108 525 362 566 Hammyltoune
375 525 500 556 racione
518 525 600 556 dicte
617 535 731 565 sponse
748 535 813 561 sue,
828 524 866 556 de
879 524 964 555 dicto
977 533 1069 560 anno,
1085 524 1117 564 vj
1129 523 1162 554 Ti.

0 570 21 619 fs
108 575 151 606 Et
164 585 221 616 per
236 574 430 606 solucionem
453 575 571 606 factam
587 585 643 615 per
666 574 843 605 Robertum
859 573 984 610 Ledale,
1001 583 1162 604 cursorem

0 623 26 662 {f
109 624 148 656 de
164 624 325 661 Yharrow,
341 625 492 665 magistro
508 624 692 655 Alexandro
709 624 852 664 Murray,
868 623 983 654 fatenti
1000 626 1163 663 receptum

8 678 39 691 '
111 684 204 715 super
220 677 411 714 compotum,
424 674 548 704 lxxxxv
563 673 596 704 fi.
620 684 664 704 xv
687 677 720 710 s„
736 683 792 714 pro
816 673 933 714 quibus
950 672 1162 713 respondebit.
1177 683 1342 712 Respondebit

0 715 22 764 '³³
110 724 153 755 Et
178 723 289 761 eidem,
309 734 366 764 per
392 723 586 755 solucionem
613 724 732 755 factam
757 734 813 764 per
840 723 962 754 dictum
986 723 1163 753 Robertnm
1177 713 1282 741 Murray.

0 770 17 784 ⁴³
110 774 226 805 Ledale
251 784 307 814 pro
332 774 483 815 carriagio
506 774 640 804 duarum
666 774 806 805 ferarum
831 773 870 804 de
897 773 1029 804 Foresta
1052 782 1162 803 versus

3 822 29 865 ’ζ
110 822 297 864 Edinburgh
320 826 353 854 et
375 823 547 864 Strivelyn,
571 823 602 864 xj
628 828 651 854 s.
676 823 731 864 viij
757 823 786 854 d.
831 823 874 853 Et
888 833 945 863 per
966 822 1164 853 solucionem

0 887 19 912 ς
112 873 229 903 factam
243 882 299 913 per
316 872 438 903 dictum
455 873 629 903 Robertum
646 872 778 904 Liddale
795 872 880 903 elicto
896 872 1047 913 magistro
1063 871 1163 902 Alex-

6 946 24 971 3
112 921 210 953 andro
227 921 359 963 Murray
375 922 409 952 in
433 922 626 963 quibusdam
651 923 752 954 feodis
779 922 840 953 sibi
865 921 1010 953 allocatis
1037 932 1076 953 ex
1093 932 1163 962 pre-

0 972 21 1012 ζ
112 975 203 1012 cepto
219 971 420 1002 dominorum
436 972 474 1003 de
492 972 632 1010 consilio,
643 972 773 1003 custode
783 972 901 1013 privati
916 971 1013 1013 sigilli
1024 974 1163 1003 testante

111 1024 298 1062 preceptum
314 1032 408 1062 super
435 1025 626 1063 compotum,
653 1025 685 1053 et
709 1022 779 1063 ipso
803 1022 955 1062 magistro
979 1021 1163 1052 Alexandro

113 1071 234 1102 fatente
251 1075 412 1112 receptum
430 1082 524 1112 super
546 1075 738 1112 compotum,
761 1071 807 1112 iiij
832 1071 864 1102 fi.
888 1072 922 1112 iij
948 1076 970 1102 s.
987 1071 1033 1112 iiij
1052 1071 1090 1108 d„
1106 1081 1163 1112 pro

113 1121 231 1161 quibus
246 1120 457 1161 respondebit.
504 1121 636 1152 Summa
657 1131 878 1162 expensarum,
894 1120 951 1162 ij⁰v
966 1121 998 1152 fi.
1016 1132 1036 1151 x
1052 1125 1075 1153 s.
1121 1121 1164 1151 Et

117 1170 163 1201 sic
179 1173 300 1201 restant
315 1169 485 1211 vclxxxxiij
502 1170 534 1202 li.
555 1171 588 1211 iij
606 1175 628 1201 s.
646 1171 691 1212 iiij
710 1170 738 1201 d.

159 1268 350 1310 compotum
384 1269 505 1300 domini
528 1269 659 1300 Roberti
682 1269 786 1307 Mure,
808 1270 979 1311 receptoris
1002 1270 1164 1301 firmarum
1178 1272 1344 1304 Bothken-

116 1319 238 1350 domini
259 1319 340 1360 regis
356 1322 512 1350 terrarum
536 1319 574 1350 de
598 1319 989 1356 Bothkennar,Aularun1
1012 1319 1051 1351 de
1074 1319 1164 1357 Erth,
1179 1327 1243 1348 nar.

115 1369 306 1406 Corntoune,
329 1369 540 1406 Drummond,
563 1372 595 1400 et
617 1369 757 1405 Duchra,
773 1369 932 1400 redditum
957 1367 1042 1410 apud
1065 1369 1164 1408 Edin-

115 1418 218 1459 burgh
235 1418 285 1449 die
300 1419 451 1450 vicesimo
468 1419 564 1450 tercio
585 1419 703 1449 mensis
720 1418 835 1449 Marcii
858 1429 941 1450 anno
957 1419 1091 1450 Domini
1107 1423 1165 1450 etc.

116 1468 319 1509 sexagesimo,
335 1468 374 1499 de
390 1468 537 1499 omnibus
549 1468 683 1509 receptis
695 1468 760 1499 suis
777 1471 809 1499 et
825 1469 973 1509 expensis
986 1479 1042 1509 per
1058 1469 1165 1500 firmas

117 1520 149 1548 et
172 1517 276 1548 exitus
304 1517 462 1549 dictarum
488 1522 645 1549 terrarum
668 1517 707 1548 de
731 1518 866 1548 termino
890 1518 1000 1549 Sancti
1029 1518 1166 1549 Martini

116 1566 238 1604 ultimo,
254 1570 286 1598 et
301 1567 346 1598 sic
362 1568 401 1599 de
416 1577 480 1598 uno
495 1567 632 1599 termino
648 1567 732 1598 infra
747 1567 806 1598 hoc
822 1571 1012 1608 compotum.

160 1617 251 1648 Idem
270 1621 378 1648 onerat
395 1628 427 1648 se
443 1618 479 1648 in
500 1617 612 1658 primis
628 1617 666 1648 de
683 1628 773 1648 xxxv
788 1617 813 1647 fi
837 1627 857 1647 v
873 1617 987 1648 celdris
1010 1617 1054 1658 vij
1071 1617 1165 1649 bollis

118 1665 141 1706 ij
157 1667 263 1707 peonis
276 1676 349 1698 cum
372 1667 468 1698 tercia
492 1670 581 1708 parte
604 1667 718 1698 ferlote
740 1667 892 1698 frumenti
917 1678 939 1698 x
959 1667 1072 1699 celdris
1096 1668 1164 1708 xiiij

118 1715 211 1759 bollis
224 1716 236 1756 j
255 1716 367 1747 ferlota
383 1727 454 1747 cnm
472 1717 547 1747 bina
557 1719 647 1757 parte
663 1716 776 1748 ferlote
792 1717 907 1749 farrine
923 1717 1096 1754 avenatice,
1112 1728 1168 1758 per

117 1764 254 1806 integras
269 1765 374 1797 firmas
385 1766 518 1797 dominii
531 1766 569 1797 (le
586 1766 812 1797 Bothkennare
825 1766 862 1797 de
873 1767 1009 1797 termino
1020 1767 1166 1808 compoti.

120 1814 161 1845 Et
176 1814 214 1846 de
237 1816 303 1856 xvij
320 1815 351 1846 ri.
368 1815 403 1856 iij
420 1820 443 1847 ἕ.
467 1816 498 1856 vj
523 1815 562 1853 d„
577 1825 634 1856 per
656 1816 793 1857 integras
816 1816 923 1847 firmas
944 1816 1103 1847 Aularum
1128 1816 1166 1847 de

120 1864 217 1896 Erthe
240 1856 313 1896 cum
336 1865 438 1906 croyis
462 1866 635 1897 earundem
659 1866 697 1897 de
721 1866 805 1897 (licto
829 1866 973 1897 termino.
1019 1866 1062 1897 Et
1084 1866 1123 1897 de
1148 1876 1168 1897 v

70 1925 83 1930 ⁸
119 1914 233 1945 celdris
269 1915 423 1946 frumenti
457 1925 477 1945 v
515 1915 629 1947 celdris
663 1916 749 1947 ordei
784 1916 806 1957 ij
845 1915 959 1947 celdris
994 1926 1167 1947 avenarum

120 1974 176 2005 per
204 1964 343 2006 integras
373 1965 480 1996 firmas
510 1968 667 1996 terrarum
698 1965 737 1996 de
761 1965 943 1996 Corntoune
966 1965 1005 1996 de
1031 1965 1167 1996 termino

121 2013 268 2054 compoti,
306 2014 382 2054 quia
419 2018 498 2045 tunc
527 2014 672 2045 redditur
698 2017 833 2045 tantum.
879 2015 921 2045 Et
952 2014 990 2045 de
1021 2014 1097 2045 xxli.
1130 2014 1168 2045 de

123 2062 220 2093 firmis
242 2065 398 2094 terrarum
421 2063 461 2094 de
483 2063 687 2094 Drummond
711 2063 749 2094 de
773 2063 858 2094 dicto
882 2063 1025 2094 termino.
1071 2064 1114 2094 Et
1130 2064 1168 2095 de

123 2111 175 2142 vn.
206 2111 244 2142 de
274 2112 373 2143 firmis
404 2114 560 2143 terrarum
599 2112 638 2143 de
670 2112 801 2143 Duchra
830 2122 887 2153 per
917 2112 1002 2144 idem
1033 2115 1168 2154 tempus.

122 2160 253 2191 Summa
275 2160 382 2192 totalis
405 2161 608 2199 oneracionis,
631 2161 733 2202 lxxvij
751 2161 782 2193 Π.
806 2162 840 2201 iij
866 2166 887 2192 s.
913 2162 944 2202 vj
967 2161 995 2193 d.
1020 2172 1041 2192 x
1065 2162 1169 2193 celdre

124 2209 165 2250 vij
184 2210 265 2241 bolle
281 2210 302 2251 ij
320 2220 413 2252 pecce
430 2221 502 2242 cum
518 2211 616 2244 tercia
627 2214 716 2252 parte
731 2211 843 2243 fei-lete
861 2211 1013 2243 frumenti
1029 2222 1049 2242 v
1065 2212 1170 2243 celdre
