1551 2462
0 193 30 395 ἓ
55 336 58 337 3
128 296 218 326 1467.
436 293 596 325 REGUM
619 292 867 325 seoTORUM.
1112 298 1172 325 443

0 389 25 432 lc

124 385 284 418 frumento
300 388 333 417 et
343 385 525 418 decidencia
537 386 575 417 de
588 386 732 427 qualibet
748 386 853 417 celdra
868 386 962 423 bolla,
979 386 1018 417 de
1034 387 1173 417 secundo

125 446 209 467 anno
237 435 335 476 hujus
359 436 509 477 computi,
533 436 589 476 viij
614 436 698 467 boile
720 436 755 476 iij
787 436 900 467 ferlote
923 435 1085 466 frumenti.
1132 436 1174 467 Et

125 484 236 522 eidem,
252 494 308 526 per
322 484 546 516 liberacionem
562 485 681 516 factam
696 485 736 516 ad
759 495 853 516 usum
877 485 1012 525 coquine
1035 484 1117 525 regis
1140 484 1175 515 in

125 533 220 565 viridi
257 533 418 565 frumento
458 544 521 565 non
551 534 670 566 intrato
709 534 743 565 in
780 534 871 565 libris
908 534 1067 565 dictarum
1100 533 1176 565 lieet

125 582 305 624 expenditO,
320 586 415 623 prout
430 583 508 615 fides
524 583 609 614 facta
627 584 690 614 fuit
715 594 811 624 super
827 586 1022 624 computum,
1045 583 1067 623 ij
1092 582 1175 613 boile

121 633 136 673 j
154 632 265 664 ferlota
280 632 441 663 frumenti.
489 631 622 664 Summa
644 633 741 673 hujus
764 642 911 673 expense,
935 632 1003 672 xiiij
1029 631 1132 662 celdre
1153 642 1175 662 x

126 681 208 713 holle
222 681 234 722 j
253 681 366 712 ferlota
381 682 416 722 iij
433 692 527 723 pecce
544 682 705 713 frumenti.
750 682 794 713 Et
808 682 854 713 sic
873 684 997 713 restant
1012 681 1046 721 iij
1071 681 1175 712 celdre

126 741 148 762 v
176 730 260 762 bolle
290 731 312 772 ij
345 731 457 762 ferlote
485 731 498 772 j
530 742 632 772 pecca.
678 732 729 763 De
765 731 892 772 quibus,
929 734 1052 762 restant
1082 741 1177 771 super
1190 744 1354 773 Respondebit

127 780 304 812 Patricium
320 781 437 822 Purdy,
452 781 613 822 pistorem,
629 781 667 812 de
683 781 786 822 primo
809 791 892 812 anno
916 780 1012 821 hujus
1035 780 1177 821 computi
1190 774 1276 826 {³53}ss
1284 774 1363 826 {fg-fij

127 832 191 861 tres
208 830 320 868 celdre,
336 834 368 862 et
383 831 544 871 reliquum
560 841 655 872 super
669 833 917 872 computantem.
1190 833 1272 856 menti.

169 880 317 921 Expense
325 880 422 912 brasii
434 884 466 911 et
476 880 563 911 ordei
578 880 833 922 prescriptorum.
858 880 898 910 In
912 879 1031 920 primis,
1044 879 1178 910 allocate

126 929 324 970 computanti
341 940 395 970 per
410 928 636 961 liberacionem
658 929 775 960 factam
799 928 1026 960 brasiatoribus
1055 928 1178 959 domini

125 979 208 1019 regis
223 981 256 1016 et
270 979 423 1010 intratam
439 979 473 1010 in
488 979 578 1010 libris
595 977 747 1010 domicilii
764 978 907 1019 ejusdem
923 978 962 1009 de
977 978 1080 1019 primo
1093 988 1176 1008 anno

127 1028 224 1069 hujus
240 1029 391 1069 computi,
406 1031 502 1070 prout
522 1031 611 1069 patet
634 1028 669 1059 in
692 1028 821 1066 eisdem,
843 1038 887 1058 xx
910 1027 1014 1058 celdre
1038 1028 1069 1068 xj
1094 1027 1178 1058 holle

127 1077 161 1118 iij
181 1077 291 1109 ferlote
307 1078 410 1109 brasii.
456 1078 498 1108 Et
521 1077 634 1116 eidem,
650 1087 708 1118 per
731 1077 930 1108 consimilem
953 1076 1179 1108 liberacionem

128 1127 247 1158 factam
263 1127 382 1158 eisdem
398 1127 624 1158 brasiatoribus
640 1130 673 1158 et
688 1127 840 1157 intratam
859 1126 894 1157 in
918 1125 1012 1157 dictis
1034 1126 1124 1157 libris
1148 1130 1180 1157 ct

129 1176 168 1207 ad
186 1186 281 1207 usum
297 1176 438 1217 coquiue,
453 1179 549 1217 prout
563 1178 652 1217 patet
673 1176 707 1207 in
731 1176 859 1212 eisdem,
874 1176 914 1207 de
934 1176 1072 1207 secundo
1096 1186 1180 1207 anno

131 1225 228 1266 hujus
244 1226 395 1267 computi,
410 1226 466 1266 xxj
484 1225 588 1257 celdre
601 1226 613 1266 j
631 1225 716 1256 bolla
732 1225 754 1266 ij
775 1225 886 1256 ferlote
910 1225 1006 1256 brasii
1029 1229 1061 1256 et
1084 1225 1179 1257 ordei.

130 1275 173 1306 Et
203 1274 315 1312 eidem,
348 1285 404 1316 per
433 1275 658 1306 liberacionem
696 1274 814 1305 factam
851 1275 945 1305 dictis
983 1274 1103 1305 colonis
1141 1275 1180 1306 de

132 1324 323 1361 Gorntoune,
338 1334 378 1355 ex
398 1334 493 1355 causa
508 1324 655 1364 superius
671 1326 862 1364 expressata,
878 1323 917 1354 de
937 1323 1055 1354 eisdem
1078 1324 1180 1361 aunis,

129 1373 185 1414 viij
202 1373 286 1405 bolle
302 1373 405 1404 brasii.
451 1373 494 1404 Et
510 1373 622 1410 eidem,
637 1373 672 1403 in
690 1373 835 1403 tricentis
852 1373 1036 1413 octuaginta
1058 1373 1179 1414 lagenis

131 1422 262 1454 cervisie
277 1422 460 1463 expenditis
475 1432 532 1463 per
548 1422 570 1453 J
572 1422 732 1453 ohannem
749 1422 939 1462 Culquhone
957 1422 996 1453 de
1019 1423 1129 1453 eodem
1145 1423 1182 1453 in

130 1474 232 1503 castro
261 1472 300 1503 de
331 1471 486 1503 Strivelin
515 1475 589 1513 post
619 1472 862 1502 arrestacionem
893 1471 1032 1502 Gilberti
1059 1471 1180 1502 domini

3 1559 5 1562 Α
131 1521 300 1562 Kennedy,
316 1521 355 1553 de
371 1522 488 1562 quibus
511 1522 621 1553 decem
643 1521 728 1553 bolle
751 1525 784 1553 et
806 1521 868 1552 due
891 1521 1004 1552 ferlote
1028 1525 1118 1552 erant
1140 1521 1179 1553 de

10 1592 14 1595 »
31 1585 33 1587 ·
50 1574 74 1606 2ss
133 1570 231 1602 firmis
248 1571 472 1611 computantis,
488 1574 584 1612 prout
598 1573 689 1612 patet
704 1570 738 1601 in
754 1574 904 1612 computo
920 1571 996 1602 dieti
1020 1571 1180 1602 Johannis

37 1626 39 1635 ¹
133 1619 322 1661 Gulquhone
360 1624 392 1652 et
422 1621 534 1652 cedula
572 1621 692 1652 Thome
731 1620 882 1652 Brouster
918 1620 958 1651 de
995 1620 1180 1662 hujusmodi

134 1669 267 1701 cervisia
282 1670 417 1702 ostensis
433 1680 529 1711 super
551 1673 746 1710 computum,
761 1680 783 1699 x
799 1670 883 1701 bolle
899 1670 921 1711 ij
946 1670 1058 1702 ferlote
1074 1671 1178 1701 brasii.

133 1718 176 1750 Et
186 1719 298 1757 eidem,
308 1730 365 1761 per
377 1720 601 1751 liberacionem
612 1720 731 1750 factam
743 1720 765 1751 J
768 1719 886 1751 ohanni
896 1720 1029 1758 Gallico,
1039 1724 1180 1757 tawerer,

134 1767 174 1800 de
188 1769 338 1800 mandato
357 1769 478 1801 domini
501 1769 591 1810 regis,
607 1769 647 1800 ad
669 1769 792 1800 victum
815 1769 923 1800 uxoris
947 1770 1014 1810 ejus
1037 1773 1180 1810 tempore

135 1818 306 1859 empcionis
319 1819 462 1860 ejusdem
474 1819 509 1850 in
525 1819 648 1850 duabus
661 1818 765 1856 bouis,
781 1829 845 1850 una
861 1818 1011 1850 videlicet
1026 1819 1181 1850 frumenti

4 1900 19 1910 ,
47 1899 67 1911 3
135 1869 168 1898 et
189 1867 319 1899 alterius
342 1868 447 1905 brasii,
469 1871 693 1908 computorum
716 1868 890 1899 rotulatore
916 1871 1055 1899 testante
1085 1879 1182 1909 super

0 1923 8 1938 ’·
135 1920 328 1958 computum,
351 1917 511 1948 frumento
538 1920 663 1948 mutato
693 1917 727 1947 in
750 1917 900 1955 brasium,
923 1917 944 1958 ij
969 1917 1052 1948 boile
1076 1918 1180 1949 brasii.

38 1961 43 1968 ’
70 1960 77 1963 ’
136 1965 178 1997 Et
192 1966 303 2004 eidem,
319 1977 375 2007 per
389 1966 613 1998 liberacionem
636 1966 754 1997 factam
777 1966 896 1998 Thome
919 1967 1102 1998 Robisoune
1124 1977 1181 2008 pro

137 2015 309 2056 caponibus
325 2018 358 2047 et
373 2015 501 2056 pultriis
517 2015 683 2057 pascendis
700 2015 739 2046 de
753 2015 857 2056 primo
873 2026 956 2046 anno
980 2016 1076 2057 hujus
1097 2027 1181 2048 com-

136 2064 216 2105 puti,
239 2075 279 2096 ex
303 2065 557 2096 consideracione
582 2064 765 2095 auditorum
787 2064 847 2095 hac
877 2064 946 2096 vice
970 2064 1136 2102 duntaxat,
1161 2076 1182 2096 v

7 2134 11 2141 .
25 2143 35 2150 ‚
63 2112 67 2117 '
121 2112 221 2144 -bolle
236 2113 329 2146 ordei.
375 2114 417 2145 Et
429 2114 541 2152 eidem,
556 2124 612 2155 per
627 2113 850 2145 liberacionem
867 2113 985 2145 factam
1007 2114 1181 2146 husbandis

11 2152 82 2214 ιη’,
138 2161 177 2193 de
193 2162 373 2194 Corntoune
388 2166 421 2194 et
437 2163 608 2195 Inneralon
624 2173 680 2204 pro
693 2162 815 2193 factura
825 2162 990 2194 duodecim
1005 2163 1182 2195 celdrarum

139 2211 225 2244 ordei
254 2213 288 2244 in
318 2213 421 2246 brasio
440 2217 476 2246 et
500 2213 651 2245 intratam
674 2212 708 2243 in
731 2212 821 2244 libris
851 2212 1004 2244 domicilii
1027 2213 1066 2245 de
1087 2213 1180 2246 dictis
