1551 2462
135 261 226 291 1468.
443 257 603 289 REGUM
628 256 872 289 SCOTORUM.
1117 259 1177 286 549

179 351 302 392 Clmrqe.
349 350 497 388 Arrears,
513 351 590 382 „4⁰99
605 351 668 381 133.
685 350 750 390 ΒΓΖ]

1192 353 1357 384 Respondebit

1191 385 1293 411 Guthre,

175 401 266 438 Item,
282 400 363 432 idem
381 404 491 431 onerat
507 410 540 431 se
556 400 594 431 de
610 400 690 440 lxxij
708 399 739 430 li
757 399 778 440 ij
796 403 819 430 Ξ.
837 398 892 438 viij
911 398 938 428 (Ϊ.
957 408 1013 438 per
1036 398 1177 439 integras
1191 414 1310 436 rotulator

131 451 236 482 firmas
251 449 380 481 baronia
397 450 435 481 de
459 449 654 486 Ballincreif,
669 453 736 480 tam
759 452 915 479 terrarum
938 448 1179 479 dominicalium
1193 455 1357 484 Respondent

1193 486 1293 512 VVallas,

131 511 227 541 quam
249 499 499 530 husbandiarum
515 503 547 530 et
563 499 757 540 cotagiorum
773 498 925 539 ejusdem,
940 498 980 529 de
995 508 1079 529 anno
1096 508 1179 529 oom—
1193 515 1318 537 rotulator.

130 549 207 591 poti,
227 554 331 591 preter
351 549 460 580 decem
484 548 605 579 celdras
628 548 783 579 frumenti
807 548 845 579 de
867 548 953 578 dicto
977 547 1117 578 dominio
1141 547 1180 579 de

132 598 241 630 eodem
257 608 348 630 anno.
393 598 435 629 Et
451 597 489 629 de
505 598 559 638 xvj
576 597 609 628 li.
626 597 665 628 de
681 597 779 628 firmis
795 601 953 628 terrarum
969 597 1007 628 de
1020 596 1180 628 Gosfurde

132 648 170 679 de
185 648 304 679 eisdem
320 647 472 678 terminis.
520 647 649 678 Summe
665 647 761 688 hujus
785 647 898 684 oneris,
914 647 1050 687 lxxxviij
1068 647 1099 677 fi.
1117 647 1137 687 ij
1157 651 1181 678 s.

134 698 188 739 viij
205 698 234 729 d.
281 698 411 729 Summa
428 697 535 729 totalis
551 697 747 728 oueracionis
763 707 837 728 cum
853 697 1025 738 arreragiis,
1038 695 1131 737 fxvij
1149 696 1180 727 Π.

135 758 177 779 xv
193 753 215 779 ἔ.
233 748 264 788 xj
282 747 310 779 d.

179 797 365 840 [Dischaoye.
414 797 457 827 To
483 796 608 833 Guthre,
632 796 703 827 thren
728 796 935 837 Comptroller,
953 797 1028 828 &56
1051 797 1092 827 6²3.
1140 796 1182 826 To
1198 804 1361 834 Respondebit

135 848 244 878 Adam
264 846 380 878 Wallas
392 847 429 886 of
442 846 575 887 Oraqow,
590 846 800 887 Oomptroller,
812 847 889 877 &33
904 847 968 877 IOs.
1010 846 1051 876 To
1068 846 1185 876 Guthre
1198 835 1298 859 Guthre.

130 897 186 938 for
200 896 369 933 kousehold,
387 896 441 936 73]
488 896 530 926 Et
555 895 667 933 eidem,
683 906 740 936 pro
756 895 848 926 feodo
864 906 921 926 suo
939 895 978 926 de
994 906 1077 926 anno
1101 905 1185 926 com-

135 946 210 987 poti,
225 946 302 986 xxvj
320 950 342 976 s.
359 946 414 986 viij
432 945 461 976 d.
509 946 642 976 Summa
657 945 753 986 hujus
770 956 916 986 expense,
931 946 1046 986 lxxxxj
1064 945 1095 976 11¹.
1112 945 1146 976 ix
1162 949 1185 976 ἕ.

138 996 192 1036 viij
210 995 238 1026 d.
283 996 326 1026 Et
342 995 387 1026 sic
402 998 526 1026 restant
541 996 617 1035 xxvj
636 995 669 1026 fi,
686 995 717 1036 vj
736 999 759 1026 s.
775 996 809 1035 iij
827 995 857 1027 d.

176 1045 268 1083 Item,
284 1045 370 1076 idem
393 1048 503 1076 onerat
526 1055 559 1076 se
587 1045 625 1076 de
649 1045 703 1085 viij
729 1045 843 1076 celdris
865 1045 886 1086 ij
906 1044 999 1076 bollis
1031 1044 1187 1076 frumenti

134 1105 190 1136 per
204 1095 359 1136 arreragia
374 1095 482 1125 ultimi
498 1095 638 1136 compoti
654 1095 711 1132 sui,
729 1098 766 1125 ut
782 1098 871 1135 patet
888 1095 921 1125 in
938 1095 1018 1135 pede
1035 1094 1185 1135 ejusdem.

137 1144 266 1175 Summa
281 1144 428 1185 arreragii
443 1147 540 1185 patet.
586 1145 680 1181 Item,
697 1144 784 1175 idem
800 1148 910 1175 onerat
926 1155 958 1176 se
975 1144 1013 1175 de
1029 1155 1051 1175 x
1072 1144 1188 1175 celdris

138 1194 290 1225 frumenti
316 1204 372 1234 per
396 1194 534 1235 integras
562 1194 668 1225 firmas
694 1198 853 1225 terrarum
878 1194 1119 1225 dominicalium
1149 1193 1188 1224 de

140 1243 324 1274 Ballincreif
339 1243 378 1274 de
394 1254 477 1274 anno
494 1244 645 1284 computi.
694 1244 828 1275 Summa
844 1243 940 1284 hujus
964 1244 1068 1283 oneris
1091 1246 1188 1284 patet.

141 1293 271 1324 Summa
289 1293 396 1324 totalis
418 1294 613 1324 oneracionis
639 1304 713 1324 cum
736 1293 911 1334 arreragiis,
933 1294 1011 1334 xviij
1036 1293 1140 1325 celdre
1164 1294 1186 1334 ij

139 1342 230 1374 bolle.
274 1343 325 1374 De
355 1344 481 1384 quibus,
504 1343 637 1374 allocate
661 1344 862 1384 computanti
885 1354 941 1384 per
963 1343 1189 1375 liberacionem

141 1392 258 1424 factam
287 1393 328 1424 ad
358 1403 512 1434 expensas
543 1393 698 1424 domicilii
729 1393 851 1424 domini
880 1393 963 1434 regis
993 1393 1128 1424 intratas
1154 1394 1190 1424 in

141 1442 230 1473 libris
245 1442 403 1473 dieta-rum
418 1453 475 1483 per
491 1446 617 1483 tempus
634 1443 777 1483 computi
793 1443 851 1480 sui,
863 1446 900 1473 ut
915 1446 1005 1483 patet
1019 1443 1053 1473 in
1070 1443 1191 1474 eisdem

142 1491 231 1523 libris
246 1492 480 1533 particulariter
495 1492 686 1523 examinatis
702 1503 798 1533 super
814 1495 1010 1533 computum,
1027 1493 1069 1534 vij
1087 1493 1192 1524 celdre

141 1541 197 1582 viij
214 1541 305 1572 bolle.
352 1541 484 1572 Summa
499 1541 596 1582 hujus
613 1552 751 1582 expense
766 1546 865 1582 patet.
909 1542 952 1573 Et
967 1542 1013 1574 sic
1033 1545 1155 1574 restant
1172 1554 1192 1573 x

144 1590 246 1622 celdre
262 1602 282 1622 x
299 1591 382 1622 bolle
398 1591 560 1622 frumenti.

189 1690 384 1731 Computum
407 1690 529 1721 domini
546 1690 678 1721 Roberti
703 1690 806 1727 Mure,
823 1691 985 1722 camerarii
1009 1692 1047 1723 de
1071 1692 1194 1723 Strath-
1208 1694 1402 1725 Strathcrne.

146 1750 221 1771 erne
237 1739 449 1781 [Ediwburqh‚
466 1741 486 1771 7
501 1740 581 1780 July
595 1740 690 1778 1468,
699 1740 788 1780 from
804 1741 846 1771 25
862 1741 890 1770 J
889 1751 945 1771 ime
961 1742 1069 1782 1467]

189 1789 229 1820 In
246 1789 364 1831 primis,
381 1794 570 1830 computans
587 1793 697 1820 onerat
712 1799 746 1820 se
762 1789 799 1820 de
827 1787 862 1829 ijc
884 1789 896 1820 l
919 1789 951 1820 fi.
976 1790 1042 1831 xvij
1068 1795 1090 1822 ἔ.
1114 1791 1145 1831 vj
1164 1791 1193 1822 d.

147 1838 190 1880 xij
207 1843 324 1870 martes
336 1839 349 1880 j
367 1839 473 1870 celdra
495 1839 551 1879 viij
576 1838 669 1869 bollis
686 1838 790 1875 brasii,
806 1848 869 1878 que
885 1842 960 1869 sunt
976 1839 1015 1870 de
1031 1841 1195 1882 arreragiis

147 1889 291 1931 magistri
306 1889 427 1921 Thome
443 1890 482 1920 de
498 1889 654 1926 Moravia,
678 1889 786 1920 ultimi
810 1889 982 1926 camerarii,
998 1893 1092 1930 prout
1108 1894 1197 1931 patet

149 1938 183 1969 in
198 1942 346 1980 computo
363 1949 420 1970 suo
443 1939 559 1970 ultimo
583 1938 660 1969 anni
683 1941 741 1969 etc,
761 1938 948 1978 sexagesimi
965 1939 1100 1979 septimi.
1147 1940 1198 1971 De

150 1988 274 2029 quibus,
289 1988 432 2029 pendent
448 1989 487 2020 de
504 1988 668 2029 arreragiis
684 1988 706 2019 J
709 1987 843 2019 ohannis
867 1988 905 2018 de
921 1988 1075 2026 Moravia,
1092 1989 1199 2021 fratris

150 2039 209 2077 sui,
223 2043 319 2081 prout
333 2043 423 2081 patet
438 2041 472 2071 in
488 2044 637 2081 computo
650 2040 727 2070 anni
739 2039 926 2080 sexagesimi
939 2039 1053 2080 quinti,
1065 2042 1199 2081 quadra-

153 2090 241 2131 ginta
264 2094 334 2122 octo
357 2090 442 2122 libre
465 2091 574 2122 decem
598 2093 631 2121 et
646 2093 716 2121 octo
741 2089 863 2120 denarii
878 2093 911 2120 et
932 2089 1081 2121 undecim
1098 2095 1199 2122 marte

153 2143 190 2171 ut
205 2144 294 2181 patet
309 2141 343 2172 in
360 2142 470 2173 eodem
487 2144 644 2182 computo.
691 2140 822 2171 Summa
838 2140 988 2181 arreragii
1002 2143 1098 2181 patet.

199 2191 290 2228 Item,
307 2191 391 2223 idem
414 2195 525 2223 onerat
548 2202 581 2223 se
604 2191 643 2222 de
666 2190 713 2232 iij⁰
738 2190 849 2231 lxxxvj
867 2190 898 2221 Ii.
926 2190 960 2231 iij
989 2195 1011 2222 ἒ.
1039 2191 1085 2231 iiij
1114 2191 1143 2222 d.
1168 2193 1200 2232 xj
