1551 2462
373 235 387 263 1
395 235 433 264 86
684 230 849 262 ROTULI
873 228 1111 261 SCACCARII
1335 229 1427 259 1463.

370 325 409 357 de
419 325 452 356 ix
462 325 493 356 11.
505 326 537 366 vj
549 329 570 356 ἔ.
585 324 641 365 viij
653 324 680 355 d.
695 324 726 364 vj
741 323 855 355 eeldris
866 332 1041 354 avenarum
1053 324 1209 352 terrarum
1221 320 1259 352 (16
1269 320 1425 352 Estirrow

370 375 409 406 de
431 375 577 406 terminis
599 374 745 415 compoti.
792 373 834 404 Et
855 373 894 403 de
910 373 956 412 iiij
972 372 1004 402 11
1022 372 1078 412 xiij
1096 375 1118 402 ἔ.
1135 371 1183 411 111]
1207 370 1236 401 d.
1254 370 1289 411 iij
1308 370 1424 401 celdris

371 434 544 455 avenarum
569 424 608 455 de
627 424 657 454 le
683 423 803 454 Bankjs
820 422 858 453 de
878 423 956 453 Row
980 422 1019 452 de
1041 421 1160 452 eisdem
1183 420 1338 452 terminis.
1384 419 1427 450 Et

370 474 409 505 de
426 485 447 504 x
463 478 484 505 ἔ.
503 474 541 505 de
556 474 587 504 16
603 472 795 504 Coubffland
811 472 850 503 de
866 472 982 502 Doune
999 471 1038 502 de
1054 470 1174 502 eisdem
1189 469 1346 501 terminis.
1383 469 1426 500 Et

371 523 409 554 de
434 522 504 564 ijclx
529 523 726 554 salmonibus
751 521 884 563 piscarie
909 521 949 552 de
974 522 1090 553 Doune
1120 520 1242 560 absque
1265 522 1426 551 sustenta-

371 572 460 603 cione
484 583 651 614 croyarum
670 571 814 612 ejusdem
835 571 873 602 de
898 571 993 601 dictis
1019 570 1175 601 terminis.
1225 569 1268 600 Et
1288 569 1328 600 de
1348 569 1426 609 xviij

371 622 485 653 celdris
496 622 597 653 farine
614 622 778 652 avenatice
795 623 951 652 terrarum
967 621 1005 651 de
1023 619 1210 660 Cessintuly
1228 619 1267 649 de
1280 619 1427 650 terminis

371 672 519 712 compoti,
544 671 598 702 sed
626 670 792 702 consuevit
817 669 955 701 assedari
984 679 1042 710 pro
1067 669 1183 710 viginti
1214 678 1282 701 una
1313 667 1427 699 celdris

374 720 521 752 undecim
536 720 630 751 bonis
647 720 748 751 farine
765 719 936 750 avenatice.
983 719 1026 749 Et
1044 719 1083 749 de
1096 719 1108 759 j
1126 718 1235 749 celdra
1259 717 1315 758 viij
1333 717 1427 748 bolh's

372 770 474 801 farine
498 770 663 801 avenatice
688 769 700 809 j
727 779 822 809 porco
847 767 1025 799 molendini
1049 767 1195 808 ejusdem
1222 767 1261 798 de
1281 767 1427 797 terminis

373 820 518 861 compoti.
565 820 607 850 Et
624 819 662 850 de
679 818 713 849 xl
729 823 751 849 ἓ.
769 821 926 849 terrarum
943 817 982 848 de
1001 816 1165 849 Parkland
1185 817 1223 848 de
1241 817 1355 847 Doune
1371 826 1428 856 per

373 869 496 900 dictum
512 872 648 909 tempus.
691 868 823 902 Summa
838 867 973 908 pecunie
989 866 1086 908 hujus
1103 867 1218 903 oneris,
1234 865 1294 907 ij⁰x
1305 865 1336 896 11.
1354 866 1385 905 vj
1404 869 1427 896 ἔ.

372 919 430 959 viij
459 918 487 950 d.
535 918 668 949 Summa
693 917 795 948 farine
820 916 994 953 avenatice,
1027 926 1093 950 xxv
1124 915 1230 946 celdre
1261 915 1307 955 iiij
1334 915 1426 946 bolle.

375 968 507 1000 Summa
563 976 737 999 avenarum
783 966 934 1006 ejusdem,
979 965 1057 1006 xxxj
1112 965 1225 997 celdre.
1295 964 1428 995 Summa

377 1017 557 1049 salmonum
573 1016 728 1057 ejusdem,
742 1014 813 1056 ij⁰lx
830 1015 1020 1052 salmonum,
1033 1014 1045 1055 j
1063 1024 1184 1055 porcus.

419 1067 511 1098 Idem
535 1069 644 1097 onerat
669 1076 702 1097 se
726 1066 765 1097 de
789 1065 855 1106 xxij
880 1065 922 1102 nl,
944 1065 983 1096 de
1000 1064 1106 1095 warda
1126 1066 1284 1094 terrarum
1307 1062 1430 1094 domini

375 1117 414 1148 (16
439 1116 586 1147 Stobhall
609 1118 774 1156 spectante
798 1114 927 1146 domine
950 1114 1057 1155 regine
1081 1113 1167 1146 infra
1189 1112 1368 1144 dominium
1391 1111 1430 1143 de

375 1165 535 1203 Menteth,
558 1165 597 1196 (16
627 1165 750 1196 duobus
777 1164 924 1195 terminis
949 1163 1047 1204 hujus
1074 1162 1214 1203 compoti
1241 1165 1273 1193 et
1300 1161 1339 1192 de
1366 1171 1430 1192 uno

375 1216 512 1247 termino
529 1215 639 1247 Sancti
655 1214 791 1246 Martini
807 1213 996 1255 precedente
1012 1212 1072 1243 hoc
1088 1215 1279 1252 compotum.
1326 1211 1368 1241 Et
1391 1210 1430 1242 de

376 1265 489 1305 xxxvij
518 1268 540 1295 ἔ.
566 1265 598 1305 vj
616 1264 644 1295 d.
662 1264 701 1295 de
717 1263 818 1294 firmis
844 1266 1003 1295 certarum
1029 1265 1188 1292 terrarum
1215 1260 1364 1301 quarterii
1391 1260 1431 1291 de

376 1314 530 1355 Megoure
547 1314 759 1346 existencium
771 1313 805 1343 in
817 1312 924 1344 warda
940 1312 980 1342 de
996 1311 1099 1342 ‘nribus
1111 1310 1267 1347 terminis,
1280 1309 1431 1341 videlicet

378 1364 490 1395 Sancti
505 1363 643 1395 Martini
659 1363 692 1393 in
709 1372 794 1394 anno
809 1364 867 1393 ete.
885 1361 1082 1402 sexagesimo
1106 1363 1139 1391 et
1154 1359 1382 1391 Pentechostes
1399 1361 1432 1390 et

378 1413 489 1445 Sancti
519 1412 656 1444 Martini
686 1412 721 1442 in
751 1421 836 1443 anno
867 1414 924 1453 616.
957 1409 1265 1450 sexagesimoprimo.
1319 1409 1362 1439 Et
1392 1408 1431 1439 de

377 1463 408 1503 vj
427 1462 458 1492 fi.
476 1461 532 1502 xiij
551 1466 572 1493 ἒ.
591 1461 636 1502 111]
655 1460 683 1492 d.
697 1460 736 1492 de
752 1460 851 1491 firmis
868 1462 1025 1491 terrarum
1041 1459 1079 1490 de
1095 1458 1207 1500 Gorty,
1220 1458 1432 1491 existencium

378 1512 411 1542 in
429 1512 579 1542 manibus
595 1511 712 1552 regine,
729 1510 835 1541 sasina
845 1519 909 1540 non
921 1511 1115 1549 recuperata,
1126 1508 1164 1539 de
1177 1518 1260 1538 anno
1272 1507 1341 1538 LX1⁰
1354 1511 1430 1538 ante

378 1562 439 1593 hoc
465 1564 659 1602 compotum,
685 1559 836 1591 videlicet
863 1558 902 1589 de
931 1568 997 1589 uno
1024 1557 1168 1591 termino.
1223 1557 1317 1595 Item,
1346 1556 1431 1587 idem

379 1612 489 1642 onera'n
505 1620 538 1641 se
554 1609 592 1641 de
610 1610 653 1650 xij
665 1609 697 1640 fi.
714 1619 771 1650 per
786 1607 1009 1639 vendicionem
1025 1607 1123 1638 trium
1135 1606 1314 1639 celdrarum
1330 1605 1432 1637 farine

379 1660 543 1693 avenatice
559 1658 753 1691 restancium
769 1658 803 1689 in
819 1657 899 1698 pede
915 1656 1024 1688 ultimi
1036 1656 1177 1700 compoti
1192 1656 1242 1687 sui
1253 1665 1433 1697 granorum,

379 1712 417 1741 ub
444 1712 533 1750 patei:
553 1709 588 1740 in
608 1708 688 1749 pede
712 1707 863 1748 ejusdem.
910 1706 1042 1740 Summa
1058 1706 1192 1747 pecunie
1208 1705 1305 1746 hujus
1321 1705 1433 1742 oneris,

381 1760 438 1800 xlij
455 1759 486 1789 n.
505 1769 526 1789 x
542 1762 564 1790 ἔ.
582 1768 603 1788 x
630 1757 658 1788 d.
706 1757 837 1787 Summa
862 1755 971 1786 bobalis
995 1755 1131 1799 pecunie
1155 1757 1261 1795 preter
1276 1755 1433 1795 arreragia

381 1809 552 1840 comitatus
583 1807 622 1838 de
661 1805 940 1847 Strivelingschire
971 1808 1003 1836 et
1033 1805 1169 1836 dominii
1200 1804 1238 1835 de
1273 1804 1433 1841 Menteth,

381 1857 499 1898 fiijqxx
529 1856 561 1888 n'.
593 1856 649 1897 viij
681 1860 703 1887 Ξ.
735 1855 790 1896 ν11]
825 1855 854 1886 d.
902 1855 1033 1886 Summa
1063 1854 1171 1886 totalis
1198 1854 1333 1895 pecunie
1359 1864 1434 1885 cum

382 1907 558 1948 arreragiis,
584 1904 745 1947 vj⁰lxxxiij
773 1905 805 1935 n.
831 1904 875 1944 xij
901 1904 930 1936 d.
978 1904 1110 1935 Summa
1136 1903 1245 1936 totalis
1270 1903 1434 1940 frumenti,

382 1957 429 1997 iiij
455 1956 566 1987 celdre.
628 1955 760 1986 Summa
789 1953 898 1985 totalis
925 1954 1030 1990 brasii,
1058 1954 1124 1994 xvij
1155 1953 1260 1985 celdre
1291 1963 1311 1984 v
1342 1953 1433 1984 holle.

384 2007 517 2037 Summa
539 2004 647 2036 totalis
671 2003 766 2040 ordei,
782 2003 815 2044 iij
834 2002 938 2034 eeldre
955 2003 1023 2044 xiiij
1041 2002 1133 2034 boile.
1180 2002 1310 2034 Summa
1327 2002 1434 2034 totalis

384 2065 567 2091 avenarum,
594 2054 694 2095 xxxiij
724 2053 834 2086 celdre.
882 2052 1013 2083 Summa
1040 2052 1141 2083 farine
1164 2051 1335 2087 avenatiee,
1358 2050 1433 2091 xxvj

384 2105 489 2136 celdre
528 2104 574 2145 iiij
621 2103 712 2134 bolle.
774 2102 905 2134 Summa
949 2104 1128 2138 mut-onum,
1169 2111 1242 2131 xxx.
1304 2100 1434 2131 Summa

386 2154 574 2191 salmonum,
590 2151 669 2193 ij⁰lx‚
683 2153 694 2193 j
711 2161 832 2194 porcus.
878 2151 920 2182 Et
936 2150 1029 2182 debet
1041 2151 1053 2191 j
1073 2160 1192 2192 aprum.

1543 2105 1551 2339 -4-4-dss...„i-
1548 2055 1551 2085 „⁴
