1551 2462
135 294 224 323 1465.
443 291 604 323 REGUM
629 291 876 324 SCOTORUM.
1121 296 1136 325 3
1144 296 1177 324 41

133 384 211 423 dull,
229 383 401 416 Descheire
425 387 457 416 et
487 385 637 426 Teweyer
666 388 699 417 et
729 385 941 426 Glenlyoune,
964 386 1182 418 assedatarum

131 444 188 475 per
216 434 365 465 abbatem
395 434 511 465 Sancte
545 434 664 472 Crucis,
693 434 917 466 Alexandrum
949 435 1120 476 Kennedy,
1152 440 1185 467 et

131 483 313 515 Johannem
342 483 520 515 Munereiff
545 494 602 525 pro
640 484 742 515 tribus
778 485 878 515 annis.
926 485 1059 516 Summa
1086 485 1184 525 hujus

132 533 234 564 oneris
250 536 345 573 patet.
392 533 524 564 Summa
539 533 649 564 totalis
673 534 870 565 oneracionis
889 537 997 575 preter
1020 535 1186 578 arreragia,

132 584 220 625 v⁰xxj
237 584 268 615 fi.
285 584 319 615 ix
334 589 356 617 s.
373 584 419 625 iiij
445 584 473 615 d.
490 585 503 626 j
523 585 605 616 libra
631 585 758 626 piperis.
805 586 939 617 Summa
959 586 1069 617 totalis
1095 597 1186 617 oner-

132 634 250 666 acionis
277 645 351 666 cum
373 634 547 676 arreragiis,
568 633 670 676 vj⁰lxij
689 635 721 666 11.
742 635 797 676 viij
815 639 837 667 ἔ.
857 635 912 677 viij
938 635 967 667 d.
994 636 1042 667 ob.
1065 636 1077 676 j
1103 636 1186 667 libra

134 684 261 726 piperis.
954 714 959 716 ,

175 734 322 774 Expense
345 733 499 774 ejusdem.
544 734 586 765 In
607 734 730 775 primis,
745 734 880 766 allocate
904 735 1106 775 computanti
1129 744 1187 775 per

133 783 328 815 solucionem
357 783 475 814 factam
512 783 658 814 Johanni
688 783 833 821 Stewart,
863 784 971 822 militi,
1009 784 1049 816 de
1086 784 1186 815 firmis

132 833 247 864 foreste
277 832 316 864 de
347 832 468 863 Clunee
495 833 556 864 sibi
583 833 624 864 ad
653 833 756 864 vitam
787 834 953 871 concessis,
983 836 1020 864 ut
1043 837 1132 875 patet
1152 834 1187 864 in

132 882 244 913 rotulis
274 882 527 923 precedentibus,
566 882 606 914 de
643 893 728 914 anno
755 884 907 924 computi,
942 884 998 924 xiij
1023 884 1055 915 fi.
1092 884 1124 924 vj
1163 888 1186 914 s.

132 933 187 973 viij
205 932 234 963 d.
279 933 322 963 Et
338 932 465 963 domine
477 932 615 963 Matilde
625 933 805 974 Lyndesay,
815 933 1008 974 percipienti
1020 933 1188 964 annuatim

132 982 248 1023 viginti
258 992 379 1013 marcas
395 992 435 1012 ex
449 982 554 1022 gracia
564 982 687 1013 domini
699 983 780 1023 regis
793 982 930 1013 durante
943 993 1002 1014 sua
1014 982 1189 1018 voluntate,

133 1035 171 1063 ut
187 1035 276 1072 patet
290 1032 325 1062 in
340 1031 454 1062 rotulis
470 1031 724 1072 precedentibus,
745 1031 784 1063 de
808 1042 891 1062 anno
915 1032 1058 1073 computi
1074 1035 1106 1063 et
1129 1032 1189 1063 sub

132 1081 273 1122 periculo
301 1080 525 1121 computantis,
555 1080 612 1121 xiij
644 1080 676 1111 fi.
708 1081 739 1121 vj
773 1085 795 1112 s.
821 1081 878 1121 viij
912 1081 941 1114 d.
986 1082 1029 1112 Et
1059 1081 1189 1112 domino

136 1130 249 1162 Colino
280 1129 434 1167 Cambell,
463 1129 568 1167 militi,
599 1140 656 1170 pro
694 1130 785 1161 feodo
820 1141 886 1168 suo,
916 1140 957 1162 ex
987 1131 1190 1162 concessione

134 1180 256 1211 domini
267 1179 348 1220 regis
357 1179 409 1220 pie
422 1179 626 1216 memorie,de
636 1179 735 1211 firmis
743 1179 781 1211 de
794 1180 977 1221 Descheyer
987 1183 1019 1211 et
1030 1181 1190 1221 Teweyer,

135 1233 172 1261 ut
198 1232 288 1270 patet
311 1229 346 1259 in
371 1228 484 1259 rotulis
505 1228 759 1269 precedentibus,
787 1229 826 1260 de
849 1239 933 1260 anno
964 1229 1107 1270 computi
1130 1230 1190 1260 sub

135 1279 277 1320 periculo
301 1279 527 1319 computantis,
545 1278 621 1318 xxvj
638 1278 670 1309 11.
695 1278 752 1319 xiij
771 1282 793 1309 s.
817 1278 864 1319 iiij
882 1278 911 1310 d.
957 1279 1000 1309 Et
1015 1279 1127 1316 eidem,
1151 1278 1191 1309 de

136 1328 236 1360 firmis
247 1331 404 1359 terrarum
415 1328 454 1359 de
467 1328 564 1359 Inver
577 1338 649 1359 cum
663 1328 847 1359 molendino
860 1328 1013 1369 ejusdem,
1029 1338 1191 1359 concessa-

135 1388 209 1409 rum
218 1388 274 1418 per
284 1377 450 1408 dominum
460 1387 567 1418 regem
576 1377 628 1418 pie
638 1378 790 1409 memorie
800 1378 822 1409 J
824 1378 959 1409 acobum
969 1377 1145 1409 secundum
1156 1378 1191 1408 in

137 1428 339 1459 excambium
356 1437 429 1458 eum
446 1426 556 1458 decem
571 1426 721 1457 marcatis
737 1430 821 1458 terre
837 1427 876 1458 de
892 1426 1043 1458 BaUerno
1059 1426 1191 1457 domino

138 1477 284 1518 episeopo
300 1476 535 1513 Dunkeldensi,
547 1479 583 1507 ut
599 1479 689 1517 patet
700 1476 735 1507 in
750 1475 865 1507 rotulis
880 1476 1136 1517 precedentibus,
1153 1476 1192 1507 de

138 1537 220 1558 anno
236 1526 378 1567 computi
394 1526 453 1557 sub
465 1526 606 1567 periculo
617 1527 842 1567 computantis,
859 1526 893 1557 xl
909 1531 932 1558 s.
979 1527 1022 1558 Et
1038 1526 1077 1557 de
1090 1526 1192 1557 firmis

137 1579 293 1607 terrarum
323 1575 362 1606 de
385 1575 593 1612 Dalmarnok,
609 1586 831 1607 concessarum
869 1575 956 1607 dieto
979 1576 1127 1617 episcopo
1158 1576 1193 1606 in

138 1624 322 1666 hujusmodi
334 1625 536 1656 excambium
548 1635 606 1666 pro
615 1625 709 1656 dictis
722 1626 816 1656 terris
830 1625 870 1656 (10
891 1625 976 1656 dicto
987 1635 1071 1656 anno
1085 1628 1117 1656 et
1133 1625 1193 1655 sub

139 1677 248 1708 eodem
259 1676 408 1718 periculo,
421 1676 454 1717 iij
467 1676 498 1707 Π.
515 1677 546 1717 vj
562 1681 584 1707 s.
601 1677 657 1717 viij
675 1676 704 1708 d.
750 1677 793 1707 Et
806 1677 918 1714 eidem,
929 1677 967 1708 de
980 1677 1079 1708 firmis
1095 1680 1193 1708 terra-

139 1736 211 1757 rum
227 1726 266 1757 de
289 1726 429 1767 Erntuly
445 1729 673 1767 occupatarum
696 1736 753 1767 per
775 1726 899 1758 dictum
914 1727 1108 1768 episcopum,
1131 1726 1193 1757 sibi

141 1785 360 1807 concessarum
375 1785 432 1816 per
447 1775 610 1807 dominam
625 1776 769 1818 reginam
785 1786 842 1817 pro
858 1776 951 1807 terris
967 1775 1193 1807 ecclesiasticis

142 1824 181 1856 de
216 1825 393 1856 Abircorne
423 1825 586 1866 occupatis
624 1836 698 1856 cum
735 1825 866 1866 grangia
903 1825 942 1856 de
987 1825 1195 1861 Abbircorne,

142 1873 181 1905 de
211 1884 294 1905 anno
325 1874 467 1914 computi
498 1878 530 1905 et
553 1875 612 1905 sub
650 1874 736 1905 dicto
767 1874 918 1915 periculo,
949 1874 1005 1914 xiij
1034 1873 1067 1905 ii.
1105 1873 1138 1913 vj
1170 1877 1194 1910 s,

142 1923 197 1964 viij
215 1923 244 1954 d.
289 1923 332 1954 Et
358 1923 471 1960 eidem,
487 1933 544 1964 per
567 1924 761 1964 superfluam
789 1923 1010 1954 oneracionem
1037 1926 1194 1954 terrarum

143 1972 182 2004 de
227 1971 438 2013 Glenlyoune,
476 1983 512 2004 00
558 1973 644 2014 quod
681 1974 765 2004 dicte
810 1975 893 2004 terre
938 1975 1067 2003 tantum
1111 1982 1195 2003 asse-

143 2022 260 2053 dantur
275 2033 331 2063 pro
348 2023 581 2063 quinquaginta
596 2023 720 2059 marcis,
736 2026 832 2063 prout
847 2024 936 2062 patet
952 2021 986 2052 in
1006 2021 1132 2058 renta1i‚
1156 2021 1195 2052 de

143 2081 227 2102 anno
242 2072 392 2112 computi,
402 2072 435 2112 iij
452 2071 484 2102 11.
495 2072 552 2112 xiij
570 2076 592 2103 s.
610 2072 655 2112 iiij
674 2072 702 2102 d.
749 2071 791 2102 Et
807 2071 919 2107 eidem,
931 2081 987 2111 per
1004 2070 1196 2111 superfluam

145 2122 362 2153 oneracionem
377 2125 534 2152 terrarum
550 2121 588 2152 de
605 2120 769 2157 Rannach,
785 2130 859 2151 cum
875 2120 991 2161 quibus
1008 2122 1197 2160 computans

145 2171 289 2211 superius
306 2175 465 2208 oneratur,
481 2181 520 2201 ex
545 2181 580 2201 eo
604 2170 690 2211 quod
715 2169 918 2210 reperiuntur
941 2169 975 2199 in
990 2168 1103 2199 rotulis
1126 2178 1196 2209 pre-

147 2219 331 2252 cedentibus
351 2220 489 2252 assedari
505 2220 649 2252 Johanni
666 2219 803 2250 Stewart
826 2228 884 2259 pro
900 2217 1010 2249 decem
1025 2218 1140 2249 marcis
1164 2218 1198 2249 in
