1551 2462
0 253 54 320 3²45ss·
111 283 201 312 1460.
419 280 581 311 REGUM
605 279 852 311 scoroRUM.
1117 281 1156 310 23

71 365 73 367 ³
107 374 129 405 J
132 373 200 404 unii
229 373 305 404 anni
335 373 478 414 ejusdem
507 373 694 414 sexagesimi
733 383 834 414 usque
866 373 899 404 in
938 373 1022 404 diem
1060 373 1158 414 hujus

0 417 9 465 J
107 423 252 464 compoti,
268 426 300 454 et
315 423 361 454 sic
376 423 415 454 de
432 434 495 454 uno
511 423 649 454 termino
665 423 750 453 infra
765 423 825 454 hoc
842 426 1033 463 compotum.

57 472 60 473 ⁷
151 473 239 504 Idem
257 476 365 504 onerat
382 484 414 504 se
435 473 465 503 in
482 473 593 514 primis
610 473 649 504 de
665 474 767 514 xxxvj
783 473 815 504 fi.
833 473 886 513 xvj
900 473 928 503 d.
946 483 1003 513 per
1018 473 1158 513 integras

108 522 213 552 firmas
229 522 362 553 dominii
378 522 416 553 de
434 522 649 563 Ballyncreiff',
664 526 732 553 tam
748 525 903 553 terrarum
917 522 1158 553 dominicalium

107 571 356 602 husbandiarum
382 577 413 603 et}
440 572 637 613 cotagiorum
657 572 809 612 ejusdem,
833 572 872 603 de
895 572 1031 603 termino
1049 572 1159 603 Sancti

109 621 243 652 Martini
258 621 340 652 infra
352 621 412 652 hoc
424 625 617 662 compotum,
629 625 735 662 preter
748 621 854 652 decem
870 621 991 652 celdras
1004 622 1159 653 frumenti

109 669 231 702 debitas
247 671 286 702 ad
300 672 472 702 terminum
489 671 676 712 predictum.
717 671 758 701 Et
775 671 813 702 de
828 671 884 712 viij
902 671 935 702 11.
952 682 1008 712 per
1019 672 1158 712 integras

108 719 213 751 firmas
228 724 384 752 terrarum
407 721 445 752 de
469 720 628 751 Gosfurde
652 720 690 751 de
715 720 850 751 termino
865 720 1016 761 predicto.
1062 721 1104 751 Et
1120 720 1158 751 de

109 779 154 800 xx
182 769 213 800 fi.
245 770 283 801 de
313 770 485 810 grassumis
512 770 669 800 dictarum
696 773 853 801 terrarum
878 770 917 801 de
942 770 1158 811 Ballyncreiff.

151 868 298 909 Expense
321 869 473 910 ejusdem.
519 869 560 899 In
582 869 706 909 primis,
729 869 863 901 allocate
887 870 1086 910 compotanti
1102 880 1160 910 per

110 917 304 949 solucionem
335 919 453 950 factam
485 919 640 960 Rothisay
671 919 802 950 heraldo
833 930 889 960 pro
915 919 1008 950 feodo
1033 930 1090 950 suo
1121 919 1160 950 de

110 967 246 999 termino
263 969 400 1009 compoti
416 972 448 1000 et
463 969 522 999 sub
539 969 680 1009 periculo
704 969 926 1010 competentis,
956 970 986 1010 vj
1004 969 1036 1001 fi.
1062 969 1118 1010 xiij
1137 974 1160 1000 s.

110 1016 156 1057 iiij
174 1017 204 1048 d.
244 1018 287 1048 Et
308 1018 504 1058 compotanti
519 1028 576 1059 pro
592 1018 684 1049 feodo
708 1029 765 1049 suo
790 1019 828 1050 de
852 1019 988 1050 termino
1012 1018 1161 1059 compoti,

110 1066 167 1107 xiij
193 1071 217 1098 ἒ.
243 1067 289 1108 iiij
318 1067 347 1098 d.
393 1068 435 1098 Et
459 1067 562 1098 eidem
589 1078 645 1108 per
671 1068 867 1099 solucionem
892 1069 1007 1099 factam
1025 1068 1162 1099 <domino

110 1115 296 1147 Alexandro
309 1117 445 1158 Napare,
458 1120 676 1157 compotorum
686 1117 861 1154 rotulatori,
871 1117 987 1148 fatenti
1000 1121 1162 1158 receptum

113 1175 208 1206 super
218 1170 409 1207 compotum,
419 1166 462 1206 lvj
475 1166 506 1196 fi.
520 1166 588 1206 xiiij
601 1170 623 1197 s.
635 1166 690 1206 viij
702 1166 741 1203 d.,
752 1177 807 1206 pro
820 1167 937 1207 quibus
950 1166 1161 1207 respondebit.
1176 1175 1341 1205 Respondebit

113 1215 245 1246 Summa
261 1226 482 1257 expensarum,
497 1215 578 1257 lxnlJ
597 1215 628 1246 fi.
645 1216 700 1256 xvj
717 1216 746 1247 d.
793 1216 835 1247 Et
851 1216 896 1247 sic
913 1227 1001 1257 eque.
1176 1206 1266 1258 ffipar,
1279 1206 1369 1228 rotula-

155 1314 348 1355 Oompotum
370 1315 392 1346 J
395 1314 529 1346 ohannis
553 1315 781 1351 Strathachtin,
804 1316 974 1357 receptoris
999 1316 1163 1347 firmarum
1177 1316 1378 1348 Fethirkern.

110 1365 254 1407 thanagii
284 1367 323 1398 de
350 1366 553 1404 Fethirkern,
576 1367 764 1404 Kinoardin,
788 1370 819 1398 et
845 1368 1066 1405 Abirluffinot,
1093 1368 1162 1399 red-

111 1415 216 1447 ditum
245 1416 331 1456 apud
361 1416 548 1457 Edinburgh
581 1426 664 1447 nono
695 1416 745 1447 die
776 1417 895 1448 mensis
934 1417 1049 1448 Marcii
1079 1428 1163 1448 anno

58 1494 60 1497 ,
112 1466 244 1497 Domini
273 1469 330 1498 etc.
364 1466 568 1507 sexagesimo,
607 1466 646 1497 de
677 1466 824 1497 omnibus
854 1467 989 1508 receptis
1027 1467 1094 1498 suis
1131 1470 1164 1498 et

112 1516 259 1557 expensis
273 1526 330 1557 per
346 1516 452 1547 firmas
469 1518 500 1546 et
516 1515 621 1547 exitus
638 1515 796 1546 dictarum
819 1519 976 1547 terrarum
993 1527 1011 1547 a
1027 1517 1163 1557 septimo

112 1565 163 1597 die
179 1566 296 1597 mensis
312 1565 333 1596 J
336 1565 395 1596 ulii
411 1565 489 1596 dicti
505 1565 582 1595 anni
598 1565 786 1606 sexagesimi
803 1565 950 1606 usquein
965 1566 1050 1597 diem
1066 1566 1162 1606 hujus

114 1616 261 1657 compoti,
277 1620 308 1647 eb
324 1615 369 1646 sic
386 1615 424 1646 de
440 1625 504 1646 uno
520 1615 657 1646 termino
672 1615 757 1646 infra
772 1615 832 1646 hoc
848 1619 1039 1656 compotum.

156 1666 248 1697 Idem
263 1669 372 1697 onerat,
395 1676 428 1696 se
451 1665 483 1696 in
508 1665 619 1706 primis
643 1665 682 1696 de
701 1666 744 1706 xij
762 1665 794 1697 li.
811 1676 868 1706 per
883 1666 1038 1707 arreragia
1054 1666 1162 1697 ultimi

113 1715 251 1756 compoti
266 1716 324 1752 sui,
340 1718 377 1746 ut
400 1718 489 1756 patet}
513 1715 547 1745 in
564 1715 644 1756 pede
661 1715 810 1756 ejusdem.
858 1716 989 1746 Summa
1015 1716 1164 1757 arreragii

113 1769 208 1807 patet.
253 1765 346 1802 Item,
361 1765 447 1796 idem
463 1768 573 1795 onerat
589 1775 622 1795 se
638 1765 738 1805 xxxvj
760 1764 792 1795 fi.
809 1765 864 1805 xvj
882 1769 905 1795 s.
924 1775 946 1795 x
961 1764 990 1796 d.
1008 1765 1046 1796 de
1062 1765 1163 1796 firmis

113 1814 269 1846 dictarum
285 1817 439 1845 terrarum
455 1814 493 1844 de
509 1813 645 1844 termino
662 1813 747 1844 beahi
763 1814 895 1844 Martini
909 1814 993 1845 infra
1003 1814 1062 1845 hoc
1078 1825 1162 1845 com-

113 1867 230 1905 potum.
291 1864 423 1895 Summa
460 1864 555 1904 hujus
593 1864 698 1894 oneris
735 1867 832 1904 patet.
893 1864 1025 1895 Summa
1054 1864 1163 1895 totalis

113 1914 307 1946 oneraeionis
332 1925 406 1945 cum
429 1913 603 1954 arreragiis,
620 1913 712 1953 xlviij
740 1913 772 1943 fi.
797 1913 850 1953 xvj
880 1917 903 1944 s.
930 1924 952 1944 x
976 1913 1004 1944 d.
1028 1914 1062 1954 iij
1087 1924 1162 1954 ryn-

114 1967 221 1995 marte.

157 2013 304 2054 Expense
326 2012 478 2053 ejusdem.
523 2013 564 2043 In
591 2012 711 2053 primis,
734 2011 868 2043 allocate
892 2012 1088 2052 compotanti
1108 2022 1165 2053 per

114 2062 309 2094 solucionem
333 2063 451 2093 factam
477 2062 585 2093 Ectori
610 2062 648 2092 cle
674 2061 846 2098 Meldrum,
870 2061 1026 2102 clavigero
1042 2061 1165 2092 domini

114 2112 204 2153 regis,
219 2122 275 2153 pro
298 2112 390 2143 feodo
418 2122 474 2143 suo
498 2111 536 2142 de
563 2111 700 2142 termino
717 2111 825 2142 Sancti
850 2111 993 2147 Martini,
1009 2121 1030 2141 v
1045 2110 1076 2141 fi.
1122 2111 1165 2141 Et

115 2171 171 2202 pro
195 2162 228 2202 iij
260 2161 370 2192 martis
401 2161 494 2192 dictis
524 2160 687 2191 rinmar‘cis
717 2160 756 2191 de
781 2160 875 2190 dictis
898 2160 999 2196 terris,
1022 2159 1165 2200 precium

115 2211 197 2252 pecii
219 2211 361 2252 quinque
386 2210 480 2242 solidi
503 2210 599 2242 soluti
622 2209 797 2241 husbaudis
821 2209 972 2250 ejusdem,
996 2219 1039 2240 xv
1055 2213 1077 2240 s.
1123 2209 1166 2240 Et
