1551 2462
99 514 222 548 Avene.

321 281 337 309 2
344 281 382 310 70
631 279 796 313 ROTULI
821 280 1057 313 SCACCARII
1279 285 1314 314 14
1322 286 1338 314 6
1345 286 1362 314 4

318 372 431 405 ferlote
447 374 469 415 ij
492 384 594 415 pecce,
610 374 803 406 allocacione
825 385 882 416 pro
898 375 982 406 inlac
1009 385 1073 406 non
1098 375 1191 407 facta.
1237 376 1370 408 Summa

317 423 425 455 totalis
442 434 624 462 avenarum,
640 435 714 456 cum
726 424 876 456 undecim
892 425 1006 457 celdris
1023 425 1148 466 emptis,
1163 425 1199 467 lij
1217 425 1322 458 celdre
1334 427 1367 468 xj

317 473 401 504 boile
416 474 438 515 ij
453 474 565 506 ferlote
581 475 603 515 ij
620 485 723 515 pecce.

360 524 508 565 Expense
536 535 716 556 avenarum.
763 525 803 555 In
833 525 954 566 primis,
992 525 1126 556 allocate
1164 526 1366 566 computanti

314 583 372 613 per
407 573 633 605 liberacionem
663 574 781 605 factam
820 574 859 605 ad
897 578 999 606 certos
1037 585 1135 616 equos
1165 575 1273 616 regine
1310 575 1363 616 pie

314 623 465 655 memorie
489 626 521 654 et
551 623 686 655 aliorum
710 624 883 655 sevitorum
915 635 951 655 ac
974 624 1197 656 officiariorum
1219 625 1363 666 ejusdem

314 673 552 704 remanencium
589 674 625 704 in
661 673 825 704 Faucland
862 673 996 705 diversis
1034 674 1159 705 vicibus
1189 685 1207 705 a
1238 674 1361 706 decimo

314 723 450 763 septimo
474 723 524 754 die
546 723 665 754 mensis
699 723 838 765 Augusti
868 723 945 754 anni
971 726 1028 755 eto.
1053 724 1242 765 sexagesimi
1272 725 1364 756 tercii

313 782 415 813 usque
431 773 465 803 in
484 776 635 814 quartum
658 773 743 804 diem
766 773 884 804 mensis
907 773 1095 804 Decembris
1119 773 1263 814 ejusdem
1286 775 1366 806 anni

297 822 484 858 exclusive,
515 822 554 854 de
576 822 728 853 mandato
752 821 835 853 dicte
866 822 994 854 domine
1016 823 1132 864 regine,
1155 826 1193 853 ut
1215 827 1305 864 patet
1327 824 1361 855 in

312 871 394 903 libro
425 873 641 913 computantis
671 872 907 913 particulariter
937 873 1119 904 examinato
1149 883 1245 914 super
1275 884 1360 904 com-

311 925 436 961 putum,
466 922 500 961 iij
526 922 630 953 celdre
653 922 697 962 xij
722 921 807 953 bolle
829 922 864 962 iij
889 921 1002 953 ferlote
1022 922 1034 962 j
1059 932 1155 963 pecca
1178 933 1361 955 avenarum.

310 971 354 1001 Et
370 971 482 1008 eidem,
498 980 554 1012 per
569 971 795 1002 liberacionem
811 971 929 1002 factam
941 971 962 1002 J
965 972 1061 1002 acobo
1073 971 1199 1009 Ledale,
1208 972 1360 1013 magistro

311 1021 417 1052 averie
433 1020 517 1051 dicte
534 1020 661 1052 domine
677 1021 794 1060 regine,
810 1024 842 1052 et
856 1020 963 1051 Alano
979 1020 1197 1058 Leirmouuth,
1208 1022 1360 1063 magistro

310 1070 416 1101 averie
433 1070 555 1101 domini
575 1071 668 1111 regis,
690 1070 730 1101 ad
754 1070 894 1101 averiam
917 1073 949 1101 et
972 1080 1129 1111 expensas
1152 1080 1247 1112 super
1269 1072 1360 1112 equis

310 1120 484 1152 eorundem
509 1123 541 1151 et
566 1120 700 1151 aliorum
727 1129 881 1161 equorum
906 1120 1106 1161 capiencium
1136 1120 1295 1158 liberatas,
1322 1124 1360 1152 ut

308 1173 398 1211 patet
427 1171 462 1201 in
493 1170 583 1201 libris
614 1169 849 1201 domiciliorum
879 1169 1037 1201 dictorum
1070 1169 1192 1201 domini
1221 1171 1304 1212 regis
1327 1175 1360 1203 et

307 1220 416 1260 regine
446 1219 681 1260 particulariter
718 1218 909 1250 examinatis
939 1229 1035 1260 super
1065 1222 1261 1260 computum,
1284 1231 1358 1251 cum

308 1273 446 1310 quatuor
475 1269 569 1300 bollis
591 1278 698 1310 grosse
721 1269 840 1300 farrine
863 1268 1006 1300 liberatis
1033 1267 1073 1300 ad
1096 1279 1191 1300 usum
1214 1269 1358 1310 coquine,

306 1330 364 1360 pro
396 1320 513 1360 quibus
538 1319 693 1350 allocatur
722 1329 788 1350 una
815 1317 922 1350 celdra
953 1328 1128 1350 avenarum
1164 1329 1182 1350 a
1204 1319 1357 1351 vicesimo

307 1370 446 1400 secundo
470 1369 522 1400 die
552 1369 672 1400 mensis
701 1368 895 1410 Septembris
926 1368 1003 1399 anni
1029 1368 1164 1409 predicti
1189 1379 1290 1409 usque
1321 1369 1356 1399 in

307 1419 458 1459 quintum
482 1419 669 1449 Decembris
693 1417 836 1459 ejusdem
859 1417 936 1449 anni
959 1418 1125 1456 inclusive,
1142 1418 1174 1459 vj
1193 1418 1297 1449 celdre
1312 1429 1358 1449 xv

305 1468 389 1499 bolle
405 1477 586 1499 avenarum.
632 1468 675 1498 Et
697 1467 809 1505 eidem,
832 1478 888 1508 per
910 1467 1135 1499 liberacionem
1158 1468 1277 1499 factam
1299 1479 1358 1509 per

306 1520 546 1558 computantem
563 1516 603 1547 ad
626 1516 745 1557 pabula
767 1520 925 1547 certorum
949 1526 1103 1557 equorum
1127 1516 1249 1547 domini
1272 1517 1356 1558 regis

305 1570 337 1597 et
353 1566 487 1597 aliorum
504 1566 726 1597 officiariorum
743 1569 775 1596 et
787 1566 975 1596 servitorum
990 1566 1131 1606 eJ'usdem
1144 1565 1177 1596 in
1190 1566 1355 1597 Fauclaud

305 1616 438 1647 diversis
454 1616 578 1647 vicibus
594 1626 613 1646 a
628 1618 741 1656 quarto
758 1615 809 1645 die
827 1614 946 1645 mensis
970 1615 1155 1646 Decembris
1179 1616 1356 1657 supradicti

303 1675 404 1706 usque
420 1665 454 1696 in
472 1665 605 1696 tercium
621 1665 706 1696 diem
722 1663 840 1695 mensis
861 1664 943 1695 Maii
965 1664 1117 1695 ultimum
1141 1665 1179 1696 de
1202 1665 1354 1697 mandato

304 1715 502 1751 thesaurarii,
525 1715 594 1755 ipso
618 1714 739 1745 fatente
761 1714 951 1745 mandatum
973 1724 1069 1755 super
1096 1718 1292 1755 computum,
1315 1719 1353 1746 ut

303 1768 394 1805 patet
409 1765 443 1795 in
463 1764 547 1795 dicto
571 1764 651 1795 libro
674 1763 890 1804 computantis
913 1763 1149 1804 particulariter
1171 1765 1354 1796 examinato

304 1818 340 1845 ut
356 1824 461 1855 supra,
478 1824 544 1844 xxx
561 1813 664 1844 celdre
681 1823 702 1844 v
718 1813 802 1844 bolle
815 1813 827 1853 j
845 1812 960 1844 ferlota
981 1813 1002 1853 ij
1027 1823 1129 1854 pecce.
1175 1814 1218 1845 Et
1241 1814 1355 1852 eidem,

302 1874 360 1905 per
375 1864 600 1895 liberacionem
617 1863 735 1894 factam
752 1862 898 1894 ortulano
914 1862 953 1893 de
976 1863 1002 1893 F
1004 1862 1148 1900 aucland,
1164 1864 1354 1904 percipienti

303 1914 470 1944 annuatim
486 1922 544 1954 pro
560 1913 762 1953 reparacione
778 1912 840 1943 orti
855 1911 934 1942 duas
950 1912 1080 1949 celdras,
1095 1916 1200 1953 preter
1215 1916 1353 1954 quatuor

302 1973 423 1994 marcas
439 1963 473 1993 in
489 1962 634 2003 pecunia,
650 1962 689 1993 de
712 1971 796 1992 anno
820 1961 970 2001 computi,
993 1961 1015 2002 ij
1040 1961 1144 1993 celdre
1167 1971 1348 1994 avenarum.

303 2013 346 2043 Et
361 2011 496 2053 Georgio
512 2011 735 2052 Bannachtyn,
751 2010 939 2051 percipienti
955 2010 1103 2042 similiter
1126 2011 1204 2042 duas
1228 2011 1351 2043 celdras

301 2065 408 2103 preter
431 2061 582 2102 pecunias
612 2071 669 2101 pro
693 2060 895 2101 reparacione
922 2069 1016 2101 parce
1043 2060 1081 2091 de
1104 2061 1286 2092 Fauclande
1309 2061 1349 2092 de

302 2112 387 2143 dicto
403 2121 496 2148 anno,
509 2111 521 2152 j
536 2110 640 2142 celdra
652 2119 832 2141 avenarum.
877 2109 920 2140 Et
932 2109 1044 2147 eidem,
1055 2120 1112 2150 per
1123 2110 1349 2142 liberacionem

302 2161 419 2192 factam
435 2161 475 2192 ad
491 2170 645 2201 expensas
661 2158 815 2191 domicilii
831 2158 952 2189 domini
967 2159 1048 2200 regis
1064 2159 1097 2190 in
1114 2159 1237 2191 duabus
1253 2160 1349 2191 bollis

301 2212 404 2243 tribus
429 2210 550 2242 ferlotis
580 2213 613 2241 et
635 2209 759 2240 duabus
782 2208 886 2249 peccis
911 2218 1018 2250 grosse
1041 2208 1159 2241 farriae
1182 2208 1222 2240 ad
1252 2219 1347 2241 usum
