1551 2462
136 296 226 326 1467.
446 292 607 324 REGUM
632 292 877 324 SOOTORUM.
1125 294 1185 324 451

135 396 240 418 carum
267 385 414 417 albarum
438 385 508 416 albe
525 385 613 416 firme
630 388 712 417 terre
730 385 769 416 de
798 385 1006 416 Glenstiohel.
1054 385 1186 416 Summa

177 486 270 523 Item,
286 485 372 516 idem
388 488 497 516 onerat
513 495 546 516 se
563 484 602 516 de
620 484 677 515 xxi
693 484 726 525 iij
744 484 776 515 fi.
800 484 839 515 de
856 483 955 515 firmis
972 487 1128 515 terrarum
1144 484 1183 516 de

107 531 117 536 “
133 535 256 573 Garfor,
272 535 485 579 existencium
501 535 535 565 in
558 534 706 565 manibus
730 534 811 575 regis
834 544 891 575 per
913 534 1058 575 spacium
1080 535 1180 564 trium

133 595 297 622 annorum,
313 584 432 616 saisina
448 594 512 615 non
527 587 714 625 recuperata
729 583 769 615 de
785 584 914 616 eisdem,
958 584 1001 614 Et
1016 582 1055 614 de
1071 583 1126 624 viij
1143 583 1175 614 fi.

132 634 171 666 de
195 634 312 665 relevio
341 634 515 665 earundem
541 636 699 665 terrarum
721 633 788 674 regi
814 633 921 665 debito
945 643 1002 674 per
1028 633 1180 664 saisinam

86 716 91 719 ,
133 683 240 715 datam
271 682 417 715 Gilberto
448 683 610 724 Kennedy
648 683 687 714 de
725 683 854 714 eisdem.
914 682 1045 713 Summa
1083 682 1180 722 hujus

131 727 244 771 oneris,
265 733 355 773 xxxij
380 733 422 764 n.
468 733 600 764 Summa
629 732 738 764 totalis
769 732 974 770 oneracionis,
1001 732 1116 773 lxxxiij
1147 731 1180 762 H.

173 832 320 872 Expense
350 830 500 871 ejusdem.
547 831 588 861 In
610 831 730 872 primis,
753 830 887 863 allocate
917 830 1117 872 computanti
1140 831 1179 862 de

129 880 229 912 firmis
255 883 410 912 terrarum
440 880 480 912 de
509 880 706 911 Dundonald
737 889 811 911 cum
840 880 957 921 quibus
988 884 1177 921 computans

129 930 274 971 superius
290 933 447 968 oneratur,
463 933 688 971 occupatarum
705 940 760 971 per
775 929 942 961 dominum
963 930 1126 967 Cathkert,
1143 933 1180 961 ut

128 979 288 1017 asseritur,
304 989 342 1010 ex
359 979 560 1010 concessione
575 979 698 1010 domini
712 979 794 1020 regis
809 989 866 1020 per
888 982 1016 1016 cartam,
1040 979 1078 1010 de
1095 990 1178 1011 anno

128 1028 225 1069 hujus
249 1028 398 1069 computi,
422 1029 476 1069 xvj
497 1028 530 1060 n.
553 1029 585 1069 vj
603 1033 625 1060 s.
649 1028 705 1069 viij
723 1027 752 1059 d.
797 1028 840 1059 Et
862 1028 974 1066 eidem,
999 1028 1038 1060 de
1061 1029 1178 1061 relevio

129 1081 286 1109 terrarum
316 1078 355 1109 de
386 1077 509 1115 Garffir,
539 1089 613 1110 eum
651 1078 767 1119 quibus
805 1082 994 1119 computans
1032 1079 1179 1120 superius

130 1126 280 1158 oneratur
296 1130 328 1158 et
343 1137 417 1158 cum
431 1127 538 1159 warda
554 1127 705 1168 ejusdem,
721 1138 786 1158 non
809 1128 955 1159 obstante
971 1128 1057 1169 quod
1075 1128 1180 1160 dictus
1194 1168 1197 1169 ⁷

131 1177 295 1208 Gilbertus
325 1177 486 1218 Kennedy
515 1178 572 1218 qui
601 1177 735 1209 intravit
763 1177 799 1208 111
829 1177 922 1209 dictis
953 1178 1045 1209 terris
1075 1178 1180 1210 solum

130 1225 304 1266 complevit
327 1229 454 1267 tempus
479 1237 574 1257 suum
601 1227 746 1258 debitum
769 1227 804 1258 in
827 1230 920 1265 etate5
937 1229 970 1257 et
993 1226 1039 1258 sic
1061 1238 1125 1259 uno
1149 1232 1181 1260 et

130 1276 242 1307 eodem
257 1279 399 1316 tempore
416 1286 480 1307 non
496 1276 666 1308 tenebatur
681 1277 804 1309 solvere
819 1278 960 1309 wardam
975 1280 1008 1310 et
1016 1277 1181 1315 relevium,

30 1342 35 1349 =
75 1333 79 1336 “
129 1328 225 1367 prout
240 1325 318 1357 fides
333 1326 418 1358 facta
434 1325 497 1357 fuit
513 1336 608 1368 super
623 1330 810 1367 computum
827 1327 865 1358 (18
884 1330 969 1359 etate
992 1331 1024 1359 et
1046 1328 1182 1359 introitu

130 1376 281 1416 ejusdem,
297 1376 352 1417 viij
370 1377 402 1408 fi.
447 1377 490 1407 Et
506 1377 618 1414 eidem,
634 1377 673 1409 de
697 1377 803 1408 warda
825 1380 981 1408 terrarum
1004 1377 1043 1408 (18
1067 1377 1182 1409 Garfor

130 1436 203 1458 cum
218 1426 335 1466 quibus
358 1431 547 1468 computans
571 1427 720 1468 superius
743 1429 902 1464 oneratum
925 1437 1073 1458 concessa
1096 1438 1180 1458 com-

130 1476 259 1518 putauti
275 1486 412 1507 unacum
429 1477 595 1518 maritagio
611 1477 736 1508 heredis
753 1476 927 1508 earundem
942 1487 998 1517 per
1015 1477 1182 1508 dominum

130 1535 244 1567 regem,
260 1529 483 1566 computorum
498 1527 673 1558 rotulatore
689 1526 813 1558 fatente
828 1536 862 1557 se
875 1526 1030 1566 recepisse
1046 1527 1180 1567 quadra-

129 1575 219 1616 ginta
233 1575 331 1606 libras
346 1585 386 1606 ex
407 1576 640 1616 composicione
662 1576 849 1616 hujusmodi
871 1578 903 1607 et
926 1575 1062 1607 aliorum
1085 1576 1181 1607 mari—

130 1625 295 1666 tagiorum‚
325 1628 363 1655 ut
392 1628 481 1666 patet
509 1626 610 1657 eciam
639 1625 674 1656 in
703 1629 854 1666 computo
884 1624 964 1656 dicti
997 1625 1180 1657 rotulatoris

135 1773 328 1815 maffia

178 1823 270 1861 Item,
279 1824 365 1855 idem
377 1826 487 1855 onerat
498 1834 531 1855 se
544 1824 583 1855 de
593 1834 637 1854 xx
648 1822 674 1854 fi
689 1824 728 1855 de
743 1824 844 1855 firmis
859 1827 1015 1855 terrarum
1028 1824 1067 1855 de
1082 1824 1182 1855 Kirk-
1196 1836 1338 1867 Kiskan„

135 1872 240 1904 andrie
247 1873 427 1914 jacencium
436 1874 521 1905 infra
531 1873 776 1905 senescallatum
785 1874 824 1905 de
837 1874 1111 1914 Kirkcudbryght‚
1121 1884 1183 1915 que
1197 1879 1269 1911 (iris,

136 1926 211 1953 sunt
240 1923 279 1955 de
309 1923 504 1964 proprietate
535 1923 657 1954 domini
686 1923 769 1963 regis
798 1934 839 1954 ex
869 1926 1046 1964 conquestu
1072 1923 1182 1956 inclite
1196 1934 1316 1966 warda
1332 1934 1371 1966 de

136 1972 284 2004 memorie
300 1972 427 2004 domine
437 1973 546 2014 regine
558 1983 614 2004 sue
626 1973 745 2010 matris,
756 1972 971 2003 assedatarum
983 1974 1183 2014 computanti
1197 1977 1342 2010 Leswalt„

136 2020 174 2052 de
189 2031 272 2053 anno
287 2022 437 2063 computi.
460 2022 503 2053 Et
519 2022 557 2053 de
572 2021 631 2052 lxx
645 2021 677 2052 11
694 2021 715 2062 ij
734 2025 756 2052 ἔ.
769 2022 801 2061 vj
813 2021 842 2052 (1.
854 2031 910 2062 per
921 2021 1060 2062 integras
1076 2022 1183 2054 firmas

138 2069 336 2102 baroniarum
354 2072 392 2102 de
410 2070 548 2102 Leswalt
564 2074 597 2102 et
612 2070 780 2111 Menebrig
795 2070 829 2100 in
844 2070 950 2101 warda
973 2071 1183 2103 existencium

137 2129 193 2160 per
207 2119 329 2151 obitum
345 2120 423 2151 dicti
439 2120 573 2161 Georgei
589 2120 628 2151 de
643 2119 795 2160 Douglas,
811 2119 850 2150 de
874 2129 957 2150 anno
980 2120 1076 2160 hujus
1099 2131 1183 2152 com-

138 2168 217 2209 puti.
263 2169 394 2200 Summa
416 2170 512 2210 hujus
537 2170 649 2206 oneris,
672 2169 775 2200 lxxxx
790 2169 821 2200 11'.
847 2169 868 2210 ij
887 2173 908 2200 ἔ.
926 2169 958 2209 vj
975 2169 1004 2200 d.
1051 2170 1184 2202 Summa

140 2218 247 2250 totalis
270 2219 464 2251 oneracionis
488 2230 561 2251 cum
584 2223 668 2251 resta
691 2219 860 2252 comitatus
883 2219 922 2251 de
946 2219 1053 2251 Carrio
1076 2230 1186 2261 supra-
