1551 2462
16 242 17 252 ,
75 208 97 258 ἶ
155 224 246 255 1469.
463 218 624 250 REGUM
648 217 894 249 soo‘rORUM.
1136 220 1194 248 611

152 306 297 339 terminis
323 305 432 337 Sancti
457 305 591 337 Martini
621 305 780 335 dictorum
804 313 969 340 annorum,
993 303 1197 335 extendentis

152 356 316 388 annuatim
330 356 370 387 ad
385 358 455 387 octo
471 355 580 386 bollas.
626 355 669 385 Et
684 354 723 385 de
740 365 761 384 x
777 353 890 385 oeldris
902 353 1020 384 farrine
1033 354 1197 384 avenatice

152 405 379 437 molendini'de
397 404 526 436 Sannak
547 404 587 435 de
610 403 730 435 eisdem
751 403 906 439 terminis,
922 413 984 443 que
1001 412 1034 433 se
1051 402 1198 433 extendit

154 455 319 487 annuatim
334 455 374 486 ad
391 464 488 485 unam
505 453 645 484 celdram
660 456 693 484 et
716 456 853 493 quatuor
869 452 978 483 bonas.
1026 452 1068 482 Et
1084 452 1124 483 de
1140 452 1196 492 viij

153 504 265 537 celdris
282 504 398 535 farrine
421 503 585 535 avenatice
608 502 785 534 molendini
809 502 847 533 de
872 502 1006 533 Culwen
1024 501 1062 532 de
1079 502 1199 533 eisdem

153 554 304 590 terminis,
320 553 522 585 extendentis
540 552 706 584 annuatim
728 552 769 583 ad
793 562 891 582 unam
911 551 1058 582 celdram.
1104 552 1146 582 Et
1162 551 1201 582 de

154 604 185 645 xj
213 603 327 636 celdris
352 603 469 634 farrine
497 602 661 633 avenatice
689 601 867 632 molendini
892 601 931 632 de
963 601 1130 632 Bladnoch
1160 601 1200 632 de

153 653 246 685 dictis
261 652 415 690 terminis,
427 662 489 692 que
501 662 534 683 se
550 651 696 683 extendit
712 651 882 682 annuatim
898 651 937 681 ad
948 660 1047 681 unam
1059 650 1198 681 celdram

154 707 185 735 et
200 713 255 734 sex
269 702 377 733 bollas.
425 702 557 733 Summa
572 701 680 732 totalis
697 701 895 732 oneracionis
911 704 1018 741 preter
1032 700 1198 741 arreragia,

149 752 265 795 j‘lxxxj
282 752 386 783 celdre
402 751 520 782 farrine
536 751 701 782 avenatice
725 750 940 791 computando
964 749 1067 781 sexies
1082 749 1199 791 viginti

153 813 209 844 pro
219 801 406 833 centenario.
453 800 585 831 Summa
600 800 708 831 totalis
726 800 924 831 oneracionis
941 809 1013 830 cum
1024 799 1199 840 arreragiis,

155 851 295 893 ijcoeldre
310 851 341 891 vj
359 850 443 882 bolle
459 850 493 890 iij
512 850 624 881 ferlote
642 850 664 890 ij
682 860 783 891 pecce.

196 901 341 942 Expense
357 900 537 932 eorundem.
584 900 624 930 In
640 900 761 940 primis,
778 899 912 930 allocate
928 899 1128 939 computanti
1143 909 1200 939 per

155 949 376 982 liberacionem
387 950 504 980 factam
516 949 680 980 Fratribus
697 949 953 989 Bredicatoribus
966 948 1004 979 de
1016 948 1199 990 Wigtoune‚

153 1000 400 1043 percipientibus
417 999 584 1036 annuatim
600 999 768 1030 duodecim
785 998 885 1029 bollas
901 998 1019 1029 farrine
1035 998 1200 1029 avenatice

153 1050 279 1092 grangie
295 1049 334 1080 de
351 1049 524 1086 Balndone‚
540 1052 577 1079 ut
600 1051 689 1089 patet
712 1049 746 1079 iu
762 1048 875 1079 rotulis
890 1047 1144 1089 precedentibus,
1161 1048 1200 1079 de

154 1103 224 1131 octo
251 1099 397 1130 terminis
424 1098 521 1139 hujus
549 1098 700 1139 computi,
726 1098 757 1138 vj
787 1097 898 1128 celdre.
944 1097 987 1127 Et
1010 1097 1121 1134 eidem,
1144 1107 1201 1137 per

155 1149 347 1181 solucionem
366 1148 484 1179 factam
507 1148 658 1188 magistro
681 1147 789 1178 David
813 1147 945 1184 Guthre,
968 1150 1047 1177 tunc
1070 1146 1199 1177 thesau-

153 1198 234 1230 rario
250 1197 372 1229 domini
387 1197 477 1238 regis,
493 1207 550 1238 per
572 1196 790 1238 recepcionem
812 1196 1047 1237 quinquaginta
1062 1199 1200 1237 quatuor

152 1247 304 1279 librarum
320 1250 456 1288 quatuor
471 1246 646 1278 solidorum
668 1257 725 1287 pro
742 1249 812 1278 octo
829 1247 943 1277 celdris
959 1249 1082 1287 septem
1105 1246 1200 1277 bonis

154 1300 185 1329 et
200 1297 321 1328 duabus
334 1296 455 1328 ferlotis
471 1296 589 1328 farrine
606 1300 760 1327 certarum
778 1297 980 1337 grangiarum
997 1299 1029 1327 et
1044 1295 1199 1327 molendi-

115 1352 117 1357 '
153 1354 265 1379 norum
287 1346 371 1377 infra
387 1346 566 1377 dominium
582 1345 747 1383 Galwidie,
764 1349 800 1376 ut
823 1350 912 1387 patet
927 1346 962 1377 in
978 1349 1127 1386 computo
1143 1356 1200 1376 suo

153 1396 275 1428 reddito
290 1396 404 1427 ultimo
428 1396 450 1427 J
452 1396 521 1426 unii
543 1406 627 1426 anno
651 1396 846 1436 sexagesimo
869 1396 976 1432 tercio,
994 1399 1030 1426 ut
1052 1399 1141 1436 patet
1164 1395 1199 1426 in

154 1446 263 1478 eodem
272 1449 304 1477 et
314 1446 352 1477 de
363 1456 404 1486 qu
409 1446 480 1477 ibus
490 1445 629 1477 reddidit
639 1448 834 1486 computum,
845 1445 900 1485 viij
913 1445 1016 1476 oeldre
1029 1445 1070 1485 vij
1083 1444 1166 1475 bolle
1177 1444 1198 1486 ij

155 1495 272 1527 ferlote.
310 1496 353 1526 Et
365 1495 477 1532 eidem,
493 1505 550 1536 per
565 1495 760 1526 solucionem
776 1495 895 1525 factam
906 1494 991 1525 dicto
1004 1494 1200 1525 thesaurario

155 1555 210 1587 per
230 1545 470 1576 liberacionem'
491 1544 650 1576 Johannis
681 1545 816 1585 Murray
839 1545 878 1576 de
904 1544 1137 1575 Kirkcubricht
1166 1544 1201 1574 iu

154 1594 364 1632 deeemlibris,
376 1597 413 1625 ut
424 1597 514 1635 patet
526 1594 558 1624 in
569 1594 679 1625 eodem
690 1597 848 1634 computo,
855 1594 867 1634 j
875 1594 981 1625 celdra
992 1594 1025 1624 ix
1036 1593 1127 1624 bolle.
1159 1593 1202 1624 Et

4 1634 15 1643 ¹
55 1643 66 1652 '
111 1662 113 1664 ·
154 1644 266 1682 eidem,
280 1654 335 1685 per
357 1643 551 1675 solucionem
576 1643 693 1674 factam
709 1643 794 1674 dicto
817 1644 969 1684 magistro
990 1643 1106 1680 David,
1122 1646 1201 1674 tunc

154 1694 357 1731 thesaurario,
382 1704 437 1735 per
463 1693 684 1725 vendicionem
711 1693 845 1724 duarum
868 1693 1047 1724 celdrarum
1073 1696 1105 1724 et
1130 1697 1200 1724 octo

154 1744 309 1776 bonarum
332 1743 449 1774 farrine
471 1743 600 1784 grangie
623 1743 662 1773 de
686 1742 815 1783 Spottis‚
842 1753 897 1783 pro
921 1743 1039 1783 quibus
1062 1742 1201 1773 reddidit

155 1797 339 1835 computum
366 1793 406 1824 de
431 1793 547 1834 viginti
574 1793 688 1823 marcis
718 1795 756 1823 ut
785 1795 874 1833 patet
904 1792 939 1822 in
963 1795 1112 1833 computo
1142 1802 1200 1823 suo

153 1844 275 1875 reddito
291 1842 363 1884 xiij⁰
378 1842 518 1884 Augusti
541 1853 625 1873 anno
648 1842 842 1883 sexagesimo
866 1841 988 1882 quinto,
1005 1845 1040 1872 ut
1063 1844 1152 1882 patet
1166 1842 1201 1873 in

155 1892 272 1930 eodem,
288 1893 310 1933 ij
335 1892 439 1923 celdre
465 1892 522 1932 viij
547 1891 631 1922 boile
658 1891 783 1922 farrine.
829 1891 871 1921 Et
894 1891 1007 1928 eidem,
1033 1901 1089 1931 per
1115 1891 1200 1922 solu-

155 1942 277 1973 cionem
303 1942 420 1973 factam
445 1940 588 1972 Johanni
615 1940 806 1980 Culquhone
832 1940 871 1971 de
896 1940 1014 1978 eodem,
1038 1940 1143 1977 militi,
1166 1941 1201 1971 in

154 1992 256 2023 tribus
272 1991 385 2023 celdris
408 1990 576 2022 duodecim
599 1989 693 2020 bonis
715 1989 816 2020 tribus
833 1989 954 2020 ferlotis
971 2000 1043 2020 cum
1059 1990 1200 2027 dimidia,

155 2051 211 2082 pro
226 2041 341 2082 quibus
365 2040 503 2072 reddidit
526 2043 712 2080 computum
736 2049 792 2079 pro
815 2039 930 2080 viginti
952 2039 1042 2070 libris
1058 2039 1200 2080 quinque

155 2090 262 2121 solidis
279 2093 310 2121 et
326 2090 436 2121 decem
459 2089 596 2121 denariis
619 2088 755 2129 receptis
772 2098 790 2119 a
812 2088 834 2119 J
837 2088 963 2119 ohanne
979 2089 1145 2126 Morisouu
1161 2089 1201 2120 de

156 2139 254 2171 firmis
269 2140 397 2181 grangie
411 2139 452 2171 de
469 2138 598 2180 Spottis,
614 2141 650 2168 ut
673 2141 761 2179 patet
784 2138 817 2168 in
841 2140 989 2179 computo
1006 2148 1062 2170 suo
1079 2138 1201 2170 reddito
