1551 2462
152 1623 316 1653 Respondebit

152 1653 302 1682 Culquhone,

152 1683 277 1706 rotulator.

154 1774 318 1803 Respondebit

153 1804 254 1838 Guthre,
267 1804 318 1826 the-

153 1840 281 1856 saurarius.

215 2035 259 2057 Do.

362 295 424 323 400
666 290 831 322 ROTULI
855 289 1092 322 SOACGARH
1323 289 1414 322 1466.

361 386 433 427 puti
448 385 487 417 de
503 384 597 416 certis
614 384 866 416 amerciamentis
890 383 974 414 infra
988 382 1067 414 balli
1074 393 1126 414 am
1149 381 1365 423 computantis
1381 381 1416 412 in

362 435 447 466 dicto
462 434 582 466 itinere.
629 434 671 464 Et
687 433 726 464 de
743 433 818 474 xxvj
837 433 867 464 Η.
888 433 943 473 xiij
971 437 995 464 s.
1012 432 1057 473 iiij
1076 432 1104 463 d.
1121 442 1178 473 per
1193 431 1415 463 vendicionem

361 488 521 516 certorum
545 485 650 521 boum,
666 494 844 520 vaccarum,
860 487 892 514 et
912 483 1021 514 ovium
1038 482 1077 513 de
1093 482 1240 514 eschaeta
1256 485 1416 513 certorum

359 535 607 576 justificatorum
619 534 653 564 in
666 533 751 564 dicto
761 533 876 564 itinere
888 542 945 573 per
958 534 1083 572 tempus
1094 531 1243 572 computi.
1284 531 1416 562 Summa

362 584 459 624 hujus
475 584 587 620 oneris,
602 583 692 623 lxxvj
711 582 742 613 n.
768 582 824 622 xiij
843 586 866 612 s.
885 581 930 622 iiij
956 581 985 612 d.
1033 581 1164 612 Summa
1181 580 1289 612 totalis
1306 590 1417 611 onera-

363 634 482 664 acionis
508 636 615 674 preter
638 632 802 673 arreragia,
829 630 920 672 vj⁰xlj
946 631 978 661 Π.
1006 631 1062 671 viij
1089 634 1111 661 s.
1144 630 1176 671 vj
1208 630 1237 661 d.
1285 630 1417 661 Summa

364 733 387 773 ij
405 732 433 763 d.

410 782 596 822 [Disekarqe.
646 781 688 812 To
718 784 775 811 two
800 780 963 820 chaplaz'ns
990 782 1023 810 at
1050 779 1195 816 Βαγώαν,
1221 782 1255 809 at
1281 779 1355 814 risk,
1382 788 1417 809 as

362 842 391 872 p.
409 832 482 868 178,
498 831 595 872 ΑΕΘ]
641 831 683 861 Et
700 830 811 867 eidem,
827 839 883 870 per
899 829 1096 860 solucionem
1113 829 1232 859 factam
1251 828 1417 860 Willelmo

364 882 403 912 de
427 881 569 921 Douglas
593 880 632 911 de
656 879 866 916 Sunderland,
882 879 1042 920 gurdiano,
1059 879 1098 910 de
1118 878 1270 910 mandato
1294 877 1418 909 domini

364 931 446 971 regis
484 930 658 961 literatorio
689 930 748 960 sub
779 929 902 970 signeto
933 932 965 959 et
996 928 1233 969 subscripcione
1271 927 1416 968 ejusdem

365 985 491 1011 ostenso
519 990 614 1021 super
640 982 836 1020 computum,
859 978 928 1019 ipso
956 978 1057 1009 eciam
1082 977 1234 1018 gardiano
1259 987 1317 1018 per
1343 987 1417 1008 suas

364 1030 473 1061 literas
484 1030 605 1061 fatente
615 1032 779 1070 receptum
792 1038 887 1069 super
900 1031 1086 1068 computum
1102 1026 1251 1058 similiter
1266 1029 1419 1064 ostensas,

364 1080 431 1120 lxvj
450 1079 481 1110 n.
505 1079 561 1119 xiij
587 1083 609 1110 s.
634 1079 679 1119 iiij
705 1079 733 1110 d.
788 1078 831 1109 Et
854 1078 966 1115 eidem,
990 1087 1049 1118 per
1076 1076 1272 1108 solucionem
1300 1076 1418 1107 factam

364 1130 503 1161 Roberto
528 1128 678 1159 Laweder
701 1128 739 1159 de
762 1127 971 1168 Edringtoun,
988 1126 1153 1167 capitaneo
1171 1126 1266 1157 castri
1285 1125 1419 1157 Berwici

365 1189 460 1220 super
483 1179 640 1215 Twedam,
656 1177 844 1218 percipienti
862 1176 1029 1208 annuatim
1046 1176 1199 1207 ducentas
1216 1186 1338 1207 marcas
1360 1185 1417 1216 pro

356 1228 509 1265 ,custodia
526 1227 677 1268 ejusdem,
693 1227 732 1258 de
748 1227 898 1258 mandato
922 1226 1043 1257 domini
1059 1225 1142 1266 regis
1165 1225 1341 1256 literatorio
1357 1225 1417 1256 sub

365 1279 487 1319 signeto
503 1288 560 1318 per
583 1277 673 1308 binas
690 1277 799 1308 literas
822 1280 974 1313 ostensas,
990 1276 1059 1316 ipso
1083 1275 1184 1306 eciam
1200 1275 1339 1306 Roberto
1361 1285 1419 1316 per

364 1339 438 1360 suas
465 1329 573 1359 literas
605 1327 726 1358 fatente
757 1330 921 1367 receptum
943 1336 1038 1366 super
1061 1329 1248 1366 computum
1272 1325 1311 1356 (18
1334 1335 1418 1356 anno

365 1378 517 1419 computi,
530 1376 658 1418 j‘xxxiij
676 1376 707 1407 H.
724 1376 755 1416 vj
774 1380 797 1407 S.
811 1376 865 1416 viij
884 1375 912 1406 d.
959 1376 1001 1406 Et
1017 1375 1128 1412 eidem,
1143 1385 1200 1416 per
1223 1374 1418 1406 solucionem

365 1429 483 1459 factam
500 1427 644 1458 Gilberto
661 1426 822 1466 Kennedy
838 1425 877 1456 de
893 1425 1128 1466 Kirkmychell‚
1144 1425 1310 1465 capitaneo
1324 1424 1419 1455 castri

365 1478 405 1509 (18
429 1477 573 1513 Duubar,
598 1476 631 1506 in
656 1478 780 1516 partem
804 1474 976 1506 solucionis
1003 1474 1089 1505 feodi
1116 1474 1166 1505 sui
1191 1484 1247 1515 pro
1273 1473 1418 1505 custodia

366 1526 518 1567 ejusdem,
534 1526 573 1556 de
596 1525 747 1556 mandato
771 1524 893 1555 domini
908 1524 990 1564 regis
1015 1524 1189 1555 literatorio
1213 1524 1272 1554 sub
1296 1523 1419 1564 signeto

366 1580 492 1607 ostenso
523 1585 618 1615 super
649 1577 845 1615 computum,
875 1574 944 1614 ipso
976 1573 1077 1604 eciam
1112 1573 1258 1604 Gilberto
1298 1573 1420 1604 fatente

366 1630 531 1666 receptum
555 1625 594 1656 de
617 1624 702 1655 dicto
726 1633 818 1660 anno,
833 1623 900 1663 lxvj
918 1622 950 1654 fi.
974 1623 1030 1663 xiij
1048 1627 1071 1654 s.
1088 1622 1134 1663 iiij
1159 1622 1188 1653 d.
1235 1623 1294 1663 [To
1311 1622 1420 1662 Comp-

367 1676 534 1716 trollerfor
544 1674 714 1710 homoboni,
725 1673 823 1714 Εὔα]
857 1673 899 1703 Et
909 1672 1021 1710 eidem,
1030 1683 1087 1713 per
1097 1672 1291 1704 solucionem
1302 1673 1421 1706 factam

368 1721 519 1766 magistro
546 1724 650 1755 David
667 1723 801 1760 Guthre,
825 1723 1029 1759 thesaurario,
1053 1723 1091 1753 de
1107 1723 1199 1754 bonis
1222 1723 1421 1760 eschaetatis,

369 1776 437 1816 ipso
449 1775 570 1806 fatente
582 1777 746 1814 receptum
762 1783 856 1813 super
869 1776 1064 1813 computum,
1077 1773 1153 1813 xxvj
1167 1772 1198 1803 n.
1212 1773 1267 1813 xiij
1286 1777 1308 1803 Ξ.
1322 1773 1367 1813 iiij
1382 1772 1423 1809 d„

369 1835 426 1866 pro
450 1824 566 1865 quibus
589 1822 802 1864 respondebit.
847 1822 890 1853 Et
913 1821 1025 1859 eidem,
1048 1832 1105 1862 pro
1128 1822 1277 1862 expensis
1300 1822 1423 1853 domini

370 1875 459 1905 ducis
475 1873 614 1904 Albanie
631 1876 662 1903 et
685 1872 887 1903 dominorum
903 1871 942 1903 de
965 1871 1097 1902 consilio
1121 1871 1207 1912 apud
1230 1872 1362 1909 Berwic,
1382 1872 1421 1903 de

369 1924 520 1955 mandato
537 1922 734 1958 thesaurarii,
750 1924 786 1952 ut
798 1924 888 1962 patet
903 1921 936 1951 in
946 1921 1028 1952 libro
1042 1921 1199 1952 dictarum
1209 1931 1421 1962 expensarum

369 1975 551 2006 examinato
567 1982 661 2013 super
677 1976 873 2012 computum,
887 1970 979 2011 lxviij
996 1970 1028 2002 fi.
1045 1982 1066 2001 v
1081 1975 1103 2002 s.
1121 1971 1154 2012 iij
1172 1971 1210 2008 d.‚
1226 1981 1283 2012 pro
1306 1971 1423 2012 quibus

369 2025 455 2055 idem
471 2022 686 2054 thesaurarius
709 2020 922 2061 respondebit.
967 2020 1010 2051 Et
1036 2020 1148 2058 eidem,
1174 2020 1214 2052 de
1238 2020 1337 2052 firmis
1360 2024 1423 2051 ter-

369 2084 475 2105 rarum
492 2073 530 2104 de
554 2071 846 2111 Litilpinkartoune
869 2073 901 2100 et
923 2069 1158 2111 Neutounleyis
1182 2070 1343 2110 deputatis
1367 2079 1424 2110 pro

370 2122 515 2154 custodia
531 2121 626 2152 castri
642 2120 681 2151 de
698 2119 833 2150 Dunbar
845 2118 930 2150 ultra
946 2122 1075 2149 centum
1088 2129 1210 2150 marcas
1226 2129 1305 2160 quas
1317 2124 1424 2150 custos

371 2171 514 2209 eiusdem
549 2170 685 2211 percipit
726 2169 760 2199 in
788 2168 931 2209 pecunia,
962 2172 1057 2209 prout
1094 2168 1252 2199 Robertus
1291 2167 1423 2199 Liddale

371 2225 403 2253 et
435 2221 540 2252 Adam
582 2219 621 2250 de
659 2219 818 2259 Hepburn
855 2221 997 2258 tempore
1043 2227 1106 2259 quo
1151 2219 1242 2249 erant
1278 2216 1427 2252 custodes
