1551 2462
145 921 310 951 Respondebit

147 951 297 980 Culquhone,

145 981 270 1004 rotulator.

150 1172 298 1204 ordeum.

159 2134 323 2164 Respondebit

159 2165 220 2193 Culq
224 2164 308 2191 uhone,

158 2194 284 2221 rotulator,
297 2199 340 2222 pro

159 2223 213 2253 xhn.

355 282 416 311 406
470 272 478 279 '
668 277 832 309 ROTULI
856 275 1092 308 SCACCARH
1314 275 1404 305 1466.

354 372 511 405 concessis
543 371 655 404 Colino
672 371 781 402 comiti
796 370 835 401 de
862 370 968 411 Ergile
999 380 1055 410 pro
1079 379 1138 400 suo
1165 367 1297 399 servicio
1322 367 1407 398 facto

355 422 483 453 domino
507 421 581 463 regi,
604 424 641 451 ut
663 424 752 461 patet
774 431 831 461 per
853 420 961 450 literas
978 419 1120 459 ejusdem
1144 418 1204 448 sub
1220 418 1342 459 signeto
1369 416 1408 447 de

354 472 539 503 remissione
550 474 691 502 ostensas
702 480 797 511 super
806 472 1001 511 computum,
1011 467 1135 509 ij⁰xxvij
1149 467 1182 498 11.
1192 467 1260 507 xiiij
1273 471 1296 497 ἔ.
1310 466 1364 507 viij
1379 466 1409 497 d.

355 522 397 553 Et
413 522 525 558 eidem,
541 531 596 562 per
611 520 806 551 solucionem
823 519 941 550 factam
957 518 1042 549 dicto
1057 518 1080 549 J
1083 517 1179 548 acobo
1196 517 1331 548 Stewart
1352 526 1410 557 pro

357 581 463 602 annuo
479 571 606 602 redditu
623 580 720 610 quem
742 569 860 600 clamat
876 568 938 599 sibi
954 567 1061 599 deberi
1084 567 1123 598 de
1139 567 1225 598 dicta
1240 566 1346 598 insula
1369 566 1408 597 de

356 621 449 658 Bute,
465 621 499 651 in
516 620 647 661 plenam
670 619 867 650 solucionem
890 618 1033 658 ejusdem
1050 617 1088 648 de
1111 627 1195 648 anno
1211 616 1354 657 computi
1377 620 1410 647 et

357 671 418 702 sub
441 670 552 701 eodem
575 669 724 710 periculo,
740 668 794 708 xvj
819 668 850 699 11.
867 668 924 708 xiij
949 672 972 699 s.
1000 667 1046 708 iiij
1073 666 1102 698 d.
1148 666 1191 698 En
1217 666 1330 703 eidem,
1353 676 1410 707 pro

357 720 474 761 viginti
489 729 605 751 novem
626 718 737 749 martis
753 718 775 758 ij
793 718 915 758 quartis
938 720 1039 748 marte
1055 716 1160 747 insule
1183 715 1222 747 de
1238 716 1331 754 Bute,
1354 726 1411 757 pro

359 780 495 811 quarum
517 769 661 810 qualibet
688 767 866 798 allocantur
888 766 1063 798 husbandis
1089 766 1233 807 quinque
1257 765 1352 796 solidi
1377 765 1412 796 in

360 819 427 851 suis
442 819 550 855 firmis,
567 818 606 849 de
622 828 706 848 anno
723 817 874 858 computi,
886 816 931 857 vij
948 816 979 847 H.
993 816 1037 856 vij
1062 819 1085 846 s.
1102 815 1133 856 vj
1159 815 1187 846 d.
1233 815 1276 845 Et
1299 815 1412 852 eidem,

359 879 416 910 pro
433 872 504 900 octo
520 868 635 899 celdris
657 877 833 898 avenarum
855 865 971 896 debitis
986 875 1043 906 per
1058 865 1242 896 husbandos
1258 865 1296 896 de
1324 865 1413 901 Bute,

360 928 418 960 pro
433 928 570 958 quarum
594 916 739 957 qualibet
754 916 932 947 allocantur
955 915 1076 946 eisdem
1092 915 1260 946 duodecim
1283 915 1414 952 denarii,

361 969 400 999 de
417 977 499 999 anno
523 966 673 1007 computi,
690 966 721 1006 vj
745 965 778 996 fi.
794 965 850 1006 viij
875 969 898 996 s.
945 965 1003 1005 [To
1028 964 1236 1005 Oomptroller,
1250 964 1327 1005 2862]
1373 964 1416 995 Et

362 1017 571 1058 computanti,
586 1026 643 1057 pro
660 1016 751 1047 feodo
767 1025 824 1047 suo
848 1015 887 1046 de
903 1024 986 1045 anno
1003 1014 1153 1055 computi,
1168 1025 1190 1044 v
1205 1014 1236 1044 11.
1284 1014 1416 1045 Summa

361 1068 476 1099 harum
500 1076 720 1107 expensarum,
735 1064 874 1106 iij⁰lxxvj
898 1064 930 1096 n'.
947 1064 982 1096 ix
1004 1068 1028 1096 s.
1050 1064 1072 1105 ij
1097 1063 1127 1096 d.
1172 1064 1214 1095 Et
1233 1063 1278 1095 sic
1293 1067 1417 1095 restant

358 1117 467 1159 j⁰xliiij
484 1116 517 1148 fi.
533 1116 567 1157 iij
593 1120 614 1147 s.
633 1116 676 1156 vij
694 1115 722 1146 d.

407 1167 500 1198 Idem
510 1169 621 1197 onerat
633 1175 667 1196 se
684 1165 722 1196 de
739 1164 792 1205 xvj
811 1163 925 1195 celdris
942 1164 973 1205 vj
991 1163 1085 1194 bouis
1098 1163 1178 1194 ordii
1190 1173 1246 1204 per
1259 1162 1415 1204 arreragia

366 1216 472 1248 ultimi
497 1215 641 1257 computi
665 1215 724 1253 sui,
750 1218 788 1245 ut
809 1218 899 1255 patet
921 1214 957 1244 in
978 1213 1060 1254 pede
1086 1213 1237 1254 ejusdem.
1283 1213 1416 1244 Summa

365 1266 515 1307 arreragii
530 1268 630 1306 patet.

410 1317 503 1353 Item,
519 1315 606 1346 idem
621 1317 732 1346 onerat
755 1324 788 1345 se
812 1313 851 1344 de
875 1313 906 1353 xj
932 1313 1048 1344 celdris
1072 1323 1116 1343 xv
1137 1313 1233 1344 bollis
1256 1312 1343 1344 ordei
1358 1322 1415 1353 per

366 1366 507 1407 integras
522 1374 703 1406 grassumas
719 1363 824 1395 insule
840 1363 879 1394 de
895 1364 979 1394 Bute
994 1363 1033 1394 de
1049 1363 1186 1394 termino
1203 1362 1312 1393 Sancti
1328 1362 1415 1393 Mar-

366 1415 429 1446 tini
444 1414 529 1445 infra
543 1416 740 1454 computum.
786 1413 829 1443 Et
845 1412 884 1444 de
899 1412 934 1453 iij
952 1411 1066 1443 celdris
1081 1412 1136 1452 viij
1151 1411 1245 1443 bollis
1257 1411 1279 1452 ij
1294 1411 1417 1442 ferlotis

367 1464 449 1495 ordii
464 1463 570 1494 insule
585 1463 625 1494 de
641 1463 749 1493 Arane
772 1462 812 1493 de
829 1462 940 1493 eodem
963 1461 1108 1493 termino.
1155 1461 1287 1492 Summa
1308 1460 1418 1491 totalis

367 1513 564 1544 oneracionis
580 1515 687 1553 preter
709 1511 874 1552 arreragia,
898 1521 941 1541 xv
964 1510 1068 1542 celdre
1093 1510 1134 1551 vij
1161 1510 1244 1541 bolle
1267 1511 1289 1551 ij
1307 1510 1420 1541 ferlote

368 1562 461 1592 ordei.
509 1561 642 1592 Summa
673 1560 782 1592 totalis
810 1559 1006 1591 oneracionis
1037 1569 1111 1590 oum
1141 1559 1314 1600 arreragiis,
1340 1559 1418 1599 xxxj

369 1611 472 1642 celdre
489 1610 533 1650 xij
551 1609 636 1640 bolle
652 1610 674 1649 ij
693 1609 804 1640 ferlote
821 1609 914 1639 ordei.

413 1660 560 1700 Expense
577 1658 728 1698 ejusdem.
777 1658 817 1688 In
841 1657 961 1698 primis,
985 1657 1118 1688 allocate
1141 1657 1341 1698 computanti
1363 1667 1420 1697 per

369 1709 564 1741 solucionem
580 1708 698 1739 factam
716 1707 868 1739 Gilcristo
884 1707 1000 1738 Leiche
1024 1707 1062 1738 de
1085 1717 1248 1748 gressuma
1264 1707 1302 1738 de
1319 1707 1417 1738 Glen-

370 1760 537 1790 derowane
548 1768 588 1788 ex
600 1767 695 1788 causa
712 1757 858 1797 superius
873 1757 908 1787 in
923 1760 1073 1797 computo
1083 1757 1218 1797 pecunie
1228 1759 1420 1797 expressata,

371 1809 410 1840 de
441 1818 525 1839 anno
557 1807 709 1847 computi,
739 1817 761 1837 v
791 1806 882 1837 bolle.
928 1806 971 1836 Et
997 1806 1164 1837 Elizabeth
1194 1806 1339 1843 Dunbar,
1363 1815 1421 1846 pro

371 1868 497 1889 summa
513 1857 575 1888 sibi
592 1866 741 1888 concessa
756 1859 788 1887 et
804 1855 950 1896 superius
967 1859 1150 1896 expressata
1165 1855 1200 1886 in
1215 1855 1326 1886 eodem
1336 1865 1420 1886 com-

371 1911 459 1949 puto,
476 1907 497 1948 ij
515 1906 620 1937 celdre
637 1906 693 1946 xiij
713 1905 796 1936 boUe
820 1905 914 1936 ordei.
960 1905 1003 1935 Et
1026 1905 1234 1945 computanti,
1249 1914 1306 1944 pro
1329 1903 1422 1935 feodo

372 1967 429 1989 suo
446 1957 484 1988 de
502 1966 585 1987 anno
602 1954 755 1995 computi,
767 1955 780 1995 j
798 1954 904 1985 caldra
920 1954 1013 1985 ordei.
1059 1954 1102 1984 Et
1117 1953 1229 1990 eidem,
1244 1963 1301 1994 per
1313 1953 1422 1985 vendi-

373 2007 497 2038 cionem
524 2005 626 2036 trium
651 2004 831 2035 celdrarum
861 2003 948 2034 ordei
971 2003 1096 2034 venditi
1122 2002 1267 2034 Gilberto
1293 2002 1422 2034 domino

373 2055 535 2096 Kennedy
550 2065 606 2095 pro
622 2054 730 2085 decem
748 2053 847 2090 libris,
862 2063 999 2094 quarum
1014 2053 1150 2093 pecunia
1162 2052 1356 2083 deliberatur
1368 2061 1424 2093 per

374 2107 495 2138 dictum
513 2105 679 2136 dominum
696 2104 856 2144 Kennedy
876 2104 898 2134 J
901 2103 1021 2134 ohanni
1044 2102 1234 2143 Culquhone
1249 2101 1288 2133 de
1304 2102 1423 2139 eodem,

374 2155 481 2192 militi,
497 2157 719 2195 computorum
735 2153 912 2190 rotulatori,
928 2153 996 2193 ipso
1013 2152 1134 2183 fatente
1150 2155 1312 2192 receptum
1328 2161 1424 2191 super

375 2207 562 2246 computum
592 2206 624 2234 et
652 2213 710 2244 pro
740 2203 857 2244 quibus
887 2201 1099 2244 respondebit,
1128 2201 1162 2242 iij
1195 2201 1298 2233 celdre
1328 2200 1422 2233 ordei.
