1551 2462
137 276 228 305 1464.
449 273 610 306 REGUM
634 273 880 306 SCOTORUM.
1124 276 1185 306 277

133 366 265 407 Lyoune
281 366 320 398 de
335 366 486 398 mandato
502 367 623 398 domini
638 367 719 408 regis
732 366 815 398 clare
824 367 974 398 memorie
988 367 1072 407 apud
1090 367 1185 407 Kyn-

134 415 230 447 droch
246 416 356 447 eodem
373 426 455 448 anno
471 427 534 458 quo
557 416 643 447 idem
666 416 814 447 domiuus
830 426 886 447 rex
909 416 1038 453 obierat,
1054 420 1187 457 propter

134 465 330 503 venaciones,
340 465 416 497 licet
425 476 489 497 non
498 469 638 503 venerat,
647 469 680 497 et
691 476 748 507 pro
759 468 884 497 tectura
894 465 1030 496 duarum
1045 466 1184 496 turrium

134 514 168 544 in
183 515 387 556 Kyndrumy,
396 515 555 546 dictarum
566 515 621 547 the
634 516 747 556 burges
757 518 830 546 tour
839 515 903 545 and
914 515 968 546 the
980 515 1095 546 maldis
1105 518 1187 551 tour,

135 574 259 595 necnon
286 565 402 606 viginti
431 565 560 606 paribus
583 565 795 596 canistrorum
818 565 923 595 missis
947 564 987 595 ad
1009 564 1186 595 exercitum

133 613 172 644 de
198 614 382 655 Roxburgh,
405 617 500 655 prout
521 614 600 645 fides
623 615 707 645 facta
731 614 793 645 fuit
816 624 912 654 super
934 617 1130 655 computum,
1146 624 1186 645 ex

133 663 390 695 consideracione
413 663 604 701 auditorum,
627 674 649 694 x
670 663 702 695 fi„
719 664 741 704 ij
766 668 790 695 s.
835 664 878 694 Et
902 663 1014 700 eidem,
1031 663 1070 694 de
1086 663 1186 694 firmis

133 715 292 745 terrarum
314 713 353 744 de
384 713 584 754 Inverrynye
613 713 647 744 iu
675 713 830 745 comitatu
854 713 893 744 de
920 713 1018 750 Marr,
1045 713 1185 744 remissis

133 762 155 793 J
158 762 277 794 ohanni
293 763 427 794 Stewart
443 773 498 804 per
521 763 643 795 dictum
666 773 772 804 regem
788 766 820 794 et
841 763 1012 794 consilium
1028 762 1067 793 de
1082 762 1186 793 tribus

133 812 235 850 annis,
251 816 473 853 computorum
497 813 669 844 rotulatore
692 815 832 843 testante
855 812 1075 843 remissionem
1091 822 1186 853 super

134 864 328 903 computum,
344 862 387 903 vij
405 862 436 893 fi.
454 873 475 892 x
498 866 522 893 Ξ.
566 862 609 893 Et
632 862 744 899 eidem,
767 872 825 902 per
838 862 1043 897 solucionem
1067 861 1185 893 factam

132 911 276 942 Johauni
291 912 427 949 Wricht,
443 911 649 952 carpentar-io,
659 911 815 943 conducto
827 921 884 952 per
896 911 1063 942 dominum
1077 921 1184 952 regem

132 961 173 992 ad
188 961 398 992 laborandum
413 962 448 992 in
471 965 574 993 castro
597 961 636 993 de
659 961 818 1001 Invernys
841 971 898 1001 pre
914 961 1072 997 manibus,
1089 971 1186 1001 super
1199 973 1394 1002 Computaudum

133 1021 196 1051 quo
219 1011 470 1052 computandum
493 1014 542 1042 est
565 1021 638 1041 cum
661 1010 746 1041 dicto
776 1010 936 1048 Johanne,
958 1010 1070 1041 eodem
1101 1020 1184 1041 com·
1198 1004 1309 1054 ἓῖξιζξζζ

134 1063 287 1101 putorum
296 1060 469 1091 rotulatore
480 1063 620 1091 testante
631 1059 878 1091 conduccionem
891 1069 987 1100 super
997 1063 1186 1100 computum
1198 1061 1307 1091 Wrycht.

133 1110 167 1150 iij
181 1109 213 1141 Π.
227 1110 258 1150 vj
275 1114 299 1141 ἓ.
312 1110 368 1150 viij
385 1109 414 1141 d.
460 1109 592 1140 Summa
608 1119 828 1150 expensarum,
841 1109 930 1149 xxxij
945 1108 976 1140 fi.
990 1109 1036 1149 iiij
1054 1113 1076 1139 s.
1094 1109 1140 1149 iiij
1155 1109 1184 1140 d.

135 1159 178 1190 Et
200 1159 245 1190 sic
267 1162 390 1190 restant
409 1158 494 1200 j⁰xix
515 1159 548 1190 Π.
565 1158 621 1200 viij
646 1162 668 1189 ἔ.
686 1158 717 1198 vj
745 1158 773 1189 d.
791 1158 840 1189 οἵ).
885 1158 936 1189 De
963 1158 1091 1198 quibus,
1107 1159 1185 1190 allo-

134 1212 249 1245 cantur
272 1209 472 1250 computanti
493 1219 551 1249 pro
574 1207 754 1239 minacione
774 1207 891 1248 viginti
914 1210 1052 1248 quatuor
1067 1212 1186 1241 marta-

133 1269 206 1290 rum
222 1262 364 1300 tempore
380 1258 508 1289 domine
523 1258 630 1299 regine
653 1256 736 1288 clare
759 1257 910 1288 memorie
933 1256 973 1288 de
989 1257 1186 1299 Kyndrumy

134 1311 166 1339 et
182 1308 383 1339 Garviauehe
399 1318 499 1349 usque
516 1307 678 1343 Strivelin,
693 1309 789 1347 prout
804 1306 890 1337 facta
911 1306 975 1337 fuit
997 1307 1075 1338 fides
1092 1317 1187 1348 super

135 1360 330 1399 computum,
352 1368 396 1388 xx
424 1362 446 1388 s.
492 1357 534 1388 Et
564 1356 677 1393 eidem,
700 1366 756 1396 pro
786 1355 949 1386 laboribus
979 1356 1073 1387 factis
1103 1358 1187 1388 circa

135 1407 307 1448 quemdam
319 1407 467 1447 juvinem
483 1416 556 1438 cum
578 1405 672 1437 litera
695 1405 823 1437 domine
846 1405 953 1445 regine
969 1405 1021 1445 pie
1033 1407 1186 1438 memorie

134 1457 175 1487 de
191 1456 280 1487 Marr
295 1466 396 1497 usque
408 1455 580 1497 Strivelyn,
595 1455 642 1496 iiij
660 1459 684 1487 s.
729 1455 772 1485 Et
794 1454 906 1492 eidem,
918 1465 974 1495 per
990 1455 1186 1488 solucionem

134 1506 250 1536 factam
261 1516 318 1546 pro
328 1505 445 1546 pabulo
458 1515 627 1537 vaccarum
638 1504 760 1536 domini
770 1505 851 1546 regis
861 1505 896 1535 in
905 1505 1003 1542 Marr,
1014 1505 1185 1547 depututa-

132 1565 205 1586 rum
227 1555 268 1585 ad
290 1554 468 1586 custodiam
490 1554 649 1586 Johannis
675 1554 813 1592 Andree,
837 1555 917 1585 mari
947 1555 1100 1595 ejusdem,
1127 1566 1184 1597 pro

134 1605 251 1645 quibus
266 1604 478 1646 respondebit,
491 1604 526 1635 xl
534 1609 556 1636 s.
603 1604 646 1635 Et
655 1604 767 1641 eidem,
782 1614 839 1644 per
854 1603 1049 1635 solucionem
1066 1605 1185 1636 factam

135 1657 271 1695 quatuor
296 1654 392 1685 maris
418 1654 458 1685 de
484 1654 559 1685 Mar
584 1653 670 1686 ultra
692 1663 862 1684 summam*
875 1653 936 1685 sibi
959 1653 1129 1685 allocatam
1152 1654 1186 1686 in

134 1704 247 1735 rotulis
259 1703 386 1735 domine
398 1703 514 1745 regine,
531 1714 571 1735 ex
583 1703 839 1734 consideracione
853 1703 1044 1740 auditorum,
1057 1704 1149 1745 xlviij
1163 1709 1185 1735 s.

134 1754 178 1785 Et
192 1754 304 1791 eidem,
326 1753 365 1784 de
388 1753 488 1784 firmis
511 1753 713 1794 episcopatus
740 1752 953 1784 Moraviensis
980 1763 1053 1784 cum
1070 1754 1187 1794 quibus

136 1806 323 1844 computans
338 1803 485 1843 superius
508 1806 657 1833 oneratur
679 1805 821 1843 tempore
846 1802 987 1833 vacionis
1004 1802 1087 1834 sedis
1104 1804 1187 1843 ejus-

135 1851 217 1890 dem,
228 1852 342 1883 levatis
354 1862 410 1892 per
421 1862 525 1883 maros
539 1851 577 1882 de
591 1852 704 1892 Spyny
715 1855 747 1883 et
761 1852 944 1892 Kynadore,
954 1862 1089 1892 quorum
1102 1863 1186 1883 unus

136 1901 270 1932 decessit
300 1901 419 1942 absque
449 1901 541 1932 bonis
571 1905 603 1932 et
618 1894 622 1897 “
641 1901 721 1932 alter
758 1901 882 1932 dimisit
911 1901 1058 1942 patriam,
1088 1906 1185 1942 prout

134 1951 246 1982 assen't
260 1955 449 1992 computans
459 1951 494 1981 in
506 1961 563 1982 suo
576 1954 782 1988 sacramento,
794 1951 827 1981 ix
839 1951 871 1981 li.
918 1951 1050 1982 Summa
1065 1961 1185 1991 expen-

134 2010 250 2038 sarum,
265 2000 334 2041 xiiij
351 2000 382 2031 ti.
401 2001 444 2041 xij
463 2005 486 2032 ἓ.
533 2001 575 2031 Et
591 2000 636 2031 sic
653 2003 776 2031 restant
788 1999 861 2041 j⁰iiij
878 1999 911 2031 fi.
928 2000 981 2040 xvj
1000 2004 1023 2031 s.
1040 2001 1070 2040 vj
1089 2000 1119 2032 d.
1135 2001 1184 2032 ob.

135 2050 185 2082 De
201 2050 325 2091 quibus,
341 2050 483 2091 pendent
496 2060 591 2091 super
602 2049 826 2080 Alexandrum
839 2049 1004 2080 dominum
1016 2049 1184 2091 Glammys

136 2099 175 2130 de
190 2099 288 2130 firmis
304 2099 474 2130 comitatus
490 2099 529 2130 de
544 2099 643 2136 Marr,
658 2099 773 2130 levatis
789 2108 845 2139 per
868 2098 1005 2130 eundem
1029 2102 1062 2130 et
1077 2109 1186 2130 servos

135 2159 217 2186 suos,
232 2152 327 2190 prout
342 2153 433 2190 patet
448 2160 504 2190 per
519 2148 691 2190 quamdam
708 2148 952 2189 inquisicionem
969 2151 1129 2188 receptam
1145 2149 1185 2179 de

136 2199 287 2230 mandato
302 2199 424 2230 domini
440 2199 522 2240 regis
538 2209 594 2239 per
617 2198 806 2238 magistrum
830 2197 1003 2229 Ricardum
1018 2198 1136 2229 Forbes
1153 2201 1186 2229 et
