1551 2462
115 1793 281 1825 Respondebit

114 1825 202 1854 l'urdy.

317 231 355 260 20
361 232 378 259 0
631 227 796 259 ROTULI
820 226 1056 259 SCAOCARII
1279 226 1369 255 1463.

315 323 501 354 remanente
518 331 592 353 cum
615 321 789 354 senescallo
805 321 980 362 Kingorne,
996 330 1040 351 xv
1055 319 1087 351 H.
1105 329 1124 350 v
1140 323 1163 351 ἔ.
1183 319 1229 359 iiij
1247 318 1275 350 d.
1321 318 1365 349 Et

316 372 428 409 eidem,
444 382 501 413 pro
517 372 609 403 feodo
625 382 682 403 suo
699 372 738 403 de
753 381 838 403 anno
859 370 1007 411 compoti,
1031 369 1084 410 xvj
1101 369 1133 400 fi.
1158 369 1215 410 xiij
1232 373 1256 400 s.
1272 367 1319 408 iiij
1336 367 1366 398 d.

317 422 451 453 Summa
466 421 581 452 harum
604 431 828 462 expensarum,
849 420 966 451 lxxxix
980 419 1011 450 11
1029 420 1051 460 ij
1069 423 1092 450 s.
1117 419 1163 459 iiij
1181 418 1211 450 d.
1256 418 1299 449 Et
1321 417 1367 448 sic

317 474 439 503 restant
455 482 522 502 xxx
537 471 569 502 ri„
587 470 609 512 ij
628 475 651 503 ἔ.
668 471 712 512 vij
729 470 760 503 d.
771 471 820 502 ob.
869 470 1012 509 Quarum
1025 469 1159 500 allocate
1172 466 1370 509 competenti

317 532 374 563 per
389 521 586 553 solucionem
607 521 726 552 factam
749 520 878 552 domino
901 519 1043 551 Henrico
1067 519 1242 559 Kingorne,
1265 526 1370 548 senes-

318 571 400 602 callo
422 571 538 612 regine,
561 571 602 602 ad
623 580 780 612 expensas
799 569 952 611 ejusdem,
967 569 1036 610 ipso
1062 568 1182 599 fatente
1204 570 1370 608 receptum

319 631 415 661 super
438 623 622 661 compotum
646 624 679 651 et
701 631 758 662 pro
783 620 901 661 quibus
926 618 1139 660 respondebit,
1162 617 1220 648 xix
1242 617 1275 648 n.
1297 616 1332 657 iij
1346 620 1372 648 ἓ.

319 671 364 711 vij
397 670 425 701 d.
483 670 526 701 Et
557 670 669 707 eidem5
699 680 756 711 per
786 669 982 701 solucionem
1013 668 1131 699 factam
1160 666 1304 698 ortolano
1334 664 1374 696 de

320 719 485 751 Faucland
516 730 572 760 pro
603 719 695 751 feodo
726 729 783 750 suo
808 719 847 750 de
872 728 955 750 anno
980 718 1128 759 compoti,
1152 717 1191 748 de
1221 716 1373 747 mandato

320 770 438 811 regine,
450 769 575 810 privato
591 769 695 810 sigillo
710 772 850 800 testante
866 768 1056 799 mandatum
1071 777 1166 808 super
1182 768 1374 807 compotum,

323 870 532 911 Cariageman
561 879 619 910 pro
648 869 811 900 laboribus
843 868 918 906 suis,
947 867 1093 899 venienti
1123 877 1198 897 cum
1228 865 1372 906 cariagiis

322 919 430 960 regine
446 923 478 950 et
494 929 568 950 cum
584 919 684 950 firmis
699 919 807 959 regine
823 918 864 949 ad
879 928 1035 958 expensas
1052 916 1208 948 domicilii
1231 914 1375 956 ejusdem

322 968 457 999 diversis
473 968 606 1005 vicibus,
630 967 705 1009 quia
728 970 878 999 oneratus
900 967 965 998 fuit
990 967 1051 997 hoc
1074 976 1158 997 anno
1181 965 1255 1006 plus
1281 964 1374 996 annis

322 1017 493 1058 preteritis,
516 1020 548 1048 et
571 1027 644 1048 cum
668 1017 739 1048 aliis
765 1017 919 1061 cariagiis3
941 1026 982 1047 ex
1008 1015 1263 1047 consideracione
1286 1014 1376 1045 audi-

321 1070 437 1105 torum,
453 1078 521 1098 xxx
536 1071 559 1099 ἔ.
607 1067 739 1098 Summa
762 1066 859 1107 hujus
882 1065 1129 1103 exoneraeionis,
1152 1065 1231 1105 xxiij
1249 1064 1280 1095 fi.
1300 1064 1332 1104 vj
1350 1067 1379 1104 s,

323 1119 356 1160 xj
374 1119 402 1150 d.
449 1119 492 1150 Et
507 1119 552 1151 sic
568 1122 691 1151 restant
705 1119 738 1160 vj
756 1119 789 1151 fi.
806 1129 851 1149 xv
866 1123 889 1150 s.
905 1119 962 1159 viij
981 1118 1010 1150 d.
1027 1118 1074 1150 ob.

367 1169 515 1209 Expense
531 1179 710 1210 granorum.
757 1168 797 1200 In
813 1168 933 1210 primis,
949 1168 1084 1199 allocate
1105 1165 1303 1207 compotanti
1317 1175 1375 1206 per

324 1217 552 1250 liberacionem
567 1219 686 1250 factam
702 1218 841 1250 Patricio
857 1217 977 1259 Purdy,
991 1217 1104 1258 pistori
1117 1216 1245 1247 domine
1261 1215 1376 1256 regine,

325 1268 366 1299 ad
381 1278 538 1309 expensas
554 1268 697 1309 ejusdem
712 1269 841 1300 intratis
856 1268 891 1299 in
906 1268 997 1299 libris
1014 1267 1172 1299 dietarum
1188 1266 1311 1297 decimo
1327 1265 1378 1296 die

325 1318 445 1349 mensis
473 1318 620 1350 Octobris
644 1318 721 1349 anni
743 1321 800 1350 ete.
823 1326 891 1349 LXII
915 1317 1071 1348 inclusive
1094 1326 1196 1357 usque
1217 1316 1378 1347 decimum

325 1367 461 1398 tercium
484 1368 627 1408 Augusti
645 1368 684 1399 de
708 1378 792 1399 anno
816 1368 955 1408 compoti
977 1366 1147 1403 exclusive,
1164 1369 1201 1396 ut
1227 1368 1317 1406 patet
1342 1365 1377 1396 in

325 1416 417 1449 libris
433 1417 593 1449 dietarum
616 1418 851 1458 particulariter
867 1417 1057 1449 examinatis
1074 1426 1169 1456 super
1184 1419 1378 1456 compotum,

326 1466 403 1506 xxvj
421 1466 527 1498 celdre
543 1467 600 1508 xiij
617 1467 709 1498 bolle.
756 1467 798 1498 Et
814 1467 926 1503 eidem,
942 1477 998 1507 per
1012 1465 1238 1497 liberacionem
1258 1465 1377 1496 factam

326 1515 455 1546 domino
479 1515 645 1547 Willelmo
668 1515 779 1557 Inglis,
802 1516 976 1547 senescallo
998 1515 1124 1547 comitis
1147 1514 1187 1545 de
1207 1514 1304 1551 Marr,
1320 1523 1379 1554 pro

327 1565 477 1605 expensis
501 1565 567 1596 suis
590 1565 683 1596 factis
706 1565 792 1606 apud
815 1565 987 1603 Faucland,
1009 1563 1192 1605 incipiendo
1213 1573 1232 1594 a
1254 1563 1378 1594 decimo
1413 1594 1416 1595 γ

327 1614 442 1654 quinto
454 1614 505 1646 die
517 1614 712 1656 Septembris
723 1618 754 1646 et
767 1615 905 1646 finiendo
918 1615 1011 1655 xxijm
1020 1614 1106 1645 diem
1115 1613 1233 1644 mensis
1244 1613 1379 1644 Decem-

327 1664 393 1695 bris
423 1663 590 1702 inclusive,
613 1667 651 1695 ut
676 1667 766 1705 patet
791 1664 826 1695 in
856 1664 938 1695 libro
964 1664 1042 1695 dicti
1073 1663 1195 1694 domini
1221 1661 1380 1694 Willelmi

327 1716 453 1745 ostenso
481 1724 577 1755 super
603 1717 788 1754 compotum
811 1717 995 1745 remanente
1022 1723 1096 1744 cum
1123 1712 1306 1749 senescallo,
1333 1712 1376 1752 vij

327 1763 412 1795 bolle
435 1763 596 1795 frumenti.
642 1764 685 1794 Et
711 1763 824 1800 eidem,
848 1773 905 1804 per
932 1763 1128 1794 solucionem
1153 1763 1274 1793 factam
1294 1761 1380 1792 dicto

329 1813 466 1845 Patricio
490 1813 608 1855 Purdy,
625 1813 746 1854 pistori,
761 1823 817 1854 pro
841 1814 957 1854 quibus
980 1812 1194 1853 respondebit,
1214 1811 1248 1852 iij
1273 1811 1378 1843 celdre

330 1863 363 1904 iij
397 1863 488 1894 bolle.
557 1862 602 1894 Et
632 1863 766 1894 allocate
801 1863 998 1904 compotanti
1036 1872 1093 1904 per
1128 1861 1376 1893 distruccionem

331 1913 485 1945 frumenti
507 1923 564 1954 per
586 1916 712 1944 ratones
736 1923 809 1944 cum
832 1913 862 1944 le
889 1913 973 1944 inlac
997 1923 1054 1954 per
1079 1915 1207 1953 tempus
1230 1911 1380 1952 compoti,

331 1963 385 2003 viij
413 1962 504 1994 bolle.
551 1963 683 1994 Summa
705 1962 800 2003 hujus
823 1973 970 2003 expense,
994 1973 1061 1993 xxx
1088 1961 1193 1994 celdre
1215 1972 1260 1993 xv
1287 1961 1378 1992 bolle.

329 2012 374 2043 Et
389 2013 434 2044 sic
450 2015 572 2044 restant
587 2013 643 2054 viij
660 2012 745 2044 bolle
760 2012 793 2053 iij
812 2012 924 2044 ferlote
940 2012 961 2053 ij
979 2022 1081 2053 pecce.
