1551 2462
329 279 391 307 550
641 277 804 309 ROTULI
828 277 1065 309 SCACCARII
1295 277 1378 308 1468

330 369 440 400 martis
467 369 523 411 viij
549 370 643 401 bollis
674 370 770 401 brasii
795 381 851 411 per
877 370 1016 412 integras
1047 371 1154 402 firmas
1181 370 1314 402 dominii
1341 369 1380 401 de

331 419 524 457 Stratherne‚
560 423 655 461 prout
680 423 770 461 patet
794 420 1029 461 particulariter
1066 421 1100 451 in
1127 423 1276 461 computo
1303 419 1380 451 anni

330 469 518 509 sexagesimi
540 469 677 510 septimi.
738 469 780 500 Et·
803 469 842 500 de
865 469 899 500 ix
914 469 945 500 ti.
964 470 1002 501 de
1023 470 1194 510 gressumis
1221 473 1379 501 certarum

330 522 484 549 terrarum
499 519 584 550 infra
600 519 731 550 bailiam
744 520 960 560 computantis
973 519 1191 551 assedatarum
1203 529 1222 550 a
1237 523 1380 559 tempore

329 567 438 598 ultimi
463 568 606 609 computi
634 568 710 599 facti
741 568 780 599 de
811 568 896 600 dicto
926 569 1076 606 dominio,
1101 573 1196 609 prout
1230 572 1320 609 patet
1344 568 1377 598 in

329 616 452 648 reutali.
500 617 632 648 Summa
648 617 744 658 hujus
761 618 873 655 oneris,
888 617 937 658 iij⁰
952 618 1077 648 lxxxxv
1092 617 1125 650 fi.
1141 618 1175 658 iij
1193 622 1216 649 s.
1232 618 1279 658 iiij
1297 617 1326 648 d.
1343 617 1374 658 xj

329 670 430 698 marte
452 667 507 708 viij
532 667 616 698 bolle
641 667 745 698 brasii.
792 668 925 699 Summa
948 667 1056 699 totalis
1079 668 1276 699 oneracionis
1303 677 1378 698 cum

329 716 502 757 arreragiis,
519 716 564 757 vjc
579 716 646 757 xlvj
663 717 694 747 li.
712 727 733 747 x
749 717 777 748 d.
796 717 875 758 xxiij
895 721 995 748 marte
1011 717 1033 758 ij
1051 717 1156 748 celdre
1172 717 1275 748 brasii.

373 766 520 807 Expense
545 766 696 806 ejusdem.
742 767 781 797 In
807 767 927 807 primis,
954 767 1089 798 allocate
1116 766 1315 807 computanti
1341 766 1379 798 de

329 815 429 846 firmis
467 819 623 847 terrarum
654 816 693 847 de
729 816 901 853 Kinkellis,
932 816 1089 847 concessis
1124 826 1180 857 per
1213 816 1379 847 dominum

329 875 435 905 regem
458 864 601 895 «Iohanni
625 865 741 906 Strang
766 865 805 896 ad
836 866 936 896 vitam
966 865 1001 896 in
1028 865 1120 897 feodo
1143 876 1209 903 suo,
1232 865 1271 896 de
1296 876 1378 897 anno

329 915 481 955 computi,
498 914 586 955 xxxij
599 914 629 945 fi.
675 915 718 946 Et
730 915 849 946 Thome
860 915 1031 952 Wardlaw‚
1045 915 1209 953 csthiriste,
1225 915 1265 947 de
1283 915 1380 946 firmis

329 967 485 995 terrarum
503 964 543 995 de
560 964 714 1005 Brigland
729 964 790 996 sibi
807 964 884 996 alias
900 975 956 1006 per
967 965 1075 996 literas
1091 965 1173 1006 regis
1189 965 1249 996 sub
1265 975 1379 1006 magno

330 1013 435 1054 sigillo
451 1014 617 1051 concessis,
634 1014 672 1045 de
688 1024 772 1045 anno
796 1014 939 1055 computi
955 1017 987 1045 et
1010 1015 1069 1045 sub
1093 1014 1233 1055 periculo
1250 1025 1378 1055 compu-

329 1063 438 1100 tantis,
464 1063 512 1104 liij
541 1067 563 1095 s.
600 1063 645 1104 iiij
673 1063 702 1095 d.
757 1064 800 1094 Et
826 1063 938 1100 eidem,
962 1074 1019 1105 per
1045 1064 1240 1095 solucionem
1262 1064 1377 1095 factam

329 1112 458 1143 domine
474 1112 612 1144 Matilde
628 1113 778 1154 Lindsay,
794 1113 984 1154 percipienti
1001 1123 1039 1144 ex
1055 1113 1160 1154 gracia
1179 1113 1262 1155 regis
1278 1123 1380 1144 annu-

329 1162 408 1193 atim
425 1162 540 1203 viginti
565 1162 663 1194 libras
686 1163 725 1194 de
742 1163 842 1194 firmis
866 1163 944 1194 dicti
966 1163 1146 1200 comitatus,
1162 1163 1222 1194 sub
1238 1162 1380 1203 periculo

329 1212 555 1252 computantis,
572 1222 616 1242 xx
638 1212 669 1243 fi.
716 1212 759 1243 Et
775 1212 887 1250 eidem,
910 1222 967 1253 per
985 1212 1200 1244 decidenciam
1217 1212 1380 1243 firmarum

328 1261 368 1292 de
383 1261 576 1292 Estirdoune
592 1271 665 1292 cum
682 1262 798 1302 quibus
815 1265 1004 1302 computans
1020 1262 1165 1303 superius
1181 1265 1331 1293 oneratur
1346 1262 1381 1292 in

328 1321 454 1342 summa
469 1311 666 1342 oneracionis
687 1311 838 1352 predicta,
857 1321 896 1342 ex
912 1322 949 1342 eo
965 1311 1051 1352 quod
1067 1311 1151 1343 dicte
1167 1315 1249 1342 terre
1265 1311 1380 1352 reperi-

328 1364 428 1392 untur
443 1361 477 1391 in
493 1361 609 1392 rentali
627 1361 766 1392 assedari
781 1360 885 1392 solum
897 1371 953 1402 pro
966 1364 1104 1402 quatuor
1119 1361 1233 1392 marcis
1248 1365 1281 1393 et
1296 1372 1380 1393 eom—

328 1414 446 1451 putans
470 1415 620 1442 oneratur
644 1421 717 1442 cum
735 1416 872 1452 quatuor
894 1411 994 1449 libris,
1010 1414 1047 1442 ut
1062 1414 1151 1452 patet
1173 1411 1208 1442 in
1231 1414 1380 1452 computo

328 1461 406 1491 anni
422 1461 612 1502 sexagesimi
634 1461 772 1502 septimi,
796 1461 873 1501 xxvj
898 1465 920 1492 s.
947 1461 1003 1501 viij
1028 1460 1058 1492 d.
1103 1461 1146 1491 Et
1161 1461 1325 1492 forestario
1341 1461 1380 1492 de

328 1510 539 1547 Corrimuklo,
555 1520 612 1550 pro
635 1510 727 1541 feodo
744 1520 801 1541 suo
825 1520 881 1550 pro
901 1510 1045 1541 custodia
1067 1510 1210 1550 ejusdem
1233 1510 1272 1541 de
1295 1520 1380 1541 anno

327 1560 479 1600 computi,
492 1559 548 1600 xiij
566 1564 589 1591 s.
602 1559 648 1600 iiij
660 1559 688 1590 d.
735 1560 779 1590 Et
795 1559 907 1596 eidem,
917 1569 973 1599 per
985 1559 1201 1590 decidenciam
1213 1559 1378 1590 firmarum

327 1609 366 1639 de
384 1608 592 1640 Casteltoune
608 1608 647 1639 de
663 1607 780 1639 Fowlis
801 1618 874 1639 cum
891 1608 1008 1649 quibus
1024 1610 1213 1649 computans
1233 1609 1380 1649 superius

327 1661 486 1695 oneratur,
503 1668 542 1689 ex
566 1668 602 1689 eo
619 1658 704 1698 quod
729 1658 814 1689 dicte
832 1661 913 1689 terre
935 1657 1125 1688 assedantur
1140 1658 1174 1688 in
1190 1658 1306 1689 rentali
1321 1668 1378 1700 pro

327 1710 398 1738 octo
414 1707 529 1738 marcis
546 1710 578 1738 et
594 1710 783 1748 computans
797 1710 948 1738 oneratur
957 1717 1029 1738 cum
1046 1710 1117 1738 octo
1133 1707 1224 1739 libris
1239 1707 1279 1739 de
1295 1718 1378 1739 anno

326 1757 479 1798 computi,
494 1757 541 1797 liij
560 1761 582 1788 s.
607 1756 653 1797 iiij
671 1757 700 1788 d.
746 1757 788 1787 Et
812 1757 923 1794 eidem,
939 1767 996 1798 per
1018 1757 1243 1789 liberacionem
1260 1758 1377 1789 factam

326 1806 367 1837 ad
390 1816 546 1847 expensas
573 1805 727 1837 domicilii
743 1806 863 1837 domini
887 1806 969 1847 regis
992 1806 1127 1837 intratas
1149 1806 1184 1837 in
1206 1806 1296 1838 fibris
1313 1807 1379 1838 die-

325 1859 431 1886 tarum
462 1855 582 1896 absque
612 1855 717 1896 precio
748 1855 899 1887 vicesimo
925 1856 1121 1897 Septembris
1150 1859 1182 1887 et
1208 1856 1377 1888 undecimo

325 1905 348 1936 J
351 1905 475 1936 anuarii
498 1905 584 1936 infra
608 1905 668 1936 hoc
692 1909 888 1946 computum,
913 1906 945 1946 xj
974 1909 1083 1937 marte.
1128 1906 1171 1936 Et
1193 1905 1305 1943 eidem,
1321 1916 1377 1947 per

326 1955 546 1986 decidenciam
561 1955 725 1986 firmarum
738 1958 895 1986 terrarum
911 1955 949 1986 de
966 1954 1167 1996 Inneryelde,
1184 1965 1224 1986 ex
1240 1966 1276 1986 eo
1292 1956 1377 1997 quod

325 2004 449 2035 rentale
476 2004 580 2035 solum
611 2005 754 2036 continet
792 2005 934 2045 quinque
957 2004 1064 2043 libras,
1087 2005 1163 2037 licet
1187 2009 1376 2046 computans

324 2058 474 2086 oneratur
489 2064 562 2085 cum
586 2054 729 2096 quinque
752 2054 842 2085 libris
865 2055 1034 2086 tresdecim
1057 2054 1166 2086 solidis
1190 2059 1223 2086 et
1239 2058 1374 2096 quatuor

324 2103 462 2135 denariis
479 2103 517 2134 de
533 2113 617 2134 anno
627 2104 783 2144 computi,
798 2103 854 2144 xiij
868 2108 890 2135 s.
904 2104 952 2145 iiij
970 2103 999 2134 d.
1036 2104 1079 2134 Et
1095 2104 1207 2141 eidem,
1219 2114 1276 2146 per
1291 2104 1375 2136 solu-

324 2153 447 2184 cionem
464 2153 581 2184 factam
598 2152 668 2183 Ade
684 2152 806 2184 Wauas
830 2153 869 2184 de
892 2153 1001 2194 Crago,
1017 2157 1241 2194 computorum
1256 2153 1373 2185 rotula-

323 2202 394 2239 tori,
410 2202 449 2233 ad
472 2212 626 2243 expensas
642 2202 795 2233 domicilii
812 2201 932 2233 domini
956 2203 1044 2243 regis,
1061 2206 1097 2233 ut
1120 2206 1209 2244 patet
1231 2213 1287 2244 per
1309 2206 1372 2234 tres
