1551 2462
100 449 224 480 Fetbir-

97 492 204 524 kerne.

95 1074 260 1097 Consulendus

95 1106 132 1127 est
141 1111 190 1127 rex.

97 1870 144 1893 Res
163 1870 261 1894 ondebit

97 1900 147 1923 Gut
165 1906 197 1924 re.

0 2195 103 2305 κ

317 216 377 245 566
631 214 796 246 ROTULI
820 214 1055 247 SOACCARH
1272 219 1285 246 1
1292 219 1363 247 468.

315 317 334 336 v
350 311 372 338 s.
421 307 468 338 De
491 308 607 348 quibus
631 311 707 339 sunt
729 308 840 339 decem
862 308 943 339 libre
967 307 1006 339 de
1029 308 1131 339 firmis
1148 310 1307 339 terrarum
1325 307 1364 339 de

313 356 489 398 Gradanys,
505 367 583 398 quas
600 360 794 398 computans
810 357 921 388 asserit
937 367 1005 389 esse
1021 361 1134 388 vastas.

357 456 551 497 Computum
576 456 718 487 Umfridi
741 456 779 487 de
804 456 1006 497 Culquhone‚
1021 456 1134 487 ballivi
1157 455 1302 497 thanagii
1324 455 1364 487 de

313 505 500 543 Kincardin,
516 506 729 547 [Edinburylss
747 507 767 537 7
782 506 811 536 J
810 506 862 546 aly
877 506 975 544 1463,
985 506 1075 546 from
1089 506 1134 536 30
1148 505 1233 536 sze
1248 507 1342 544 1467.

358 555 481 596 Oharqe.
527 555 673 592 Arrears,
689 556 768 593 ,94³3
784 556 829 586 938.
845 555 911 595 θῶ]

357 604 450 642 Item,
480 604 565 635 idem
591 608 702 636 onerat
727 615 760 636 se
791 605 830 636 de
857 605 961 645 lxxvij
989 604 1020 636 li.
1047 615 1068 635 v
1095 609 1117 635 ἔ.
1144 615 1201 645 per
1224 604 1364 645 integras

312 654 420 685 firmas
444 654 525 686 dicti
549 655 697 695 thanagii
724 655 763 685 de
788 654 971 686 Kincardin
998 654 1037 685 de
1067 654 1192 685 duobus
1219 654 1365 685 terminis

314 703 412 744 hujus
437 705 590 746 computi,
613 715 676 745 que
700 704 937 745 particulariter
963 704 1189 745 exprimuntur
1211 704 1244 735 in
1259 703 1364 734 rotulo

312 753 390 784 anni
405 754 594 794 sexagesimi
609 754 699 785 sexti.
747 754 878 785 Summa
893 754 990 795 hujus
1006 754 1119 791 oneris,
1135 753 1238 794 lxxvij
1256 753 1288 784 h:
1305 763 1326 784 v
1339 757 1361 784 ἓ.

312 802 444 834 Summa
462 803 570 834 totalis
590 802 787 834 oneraoiom's
811 813 888 834 cum
912 803 1088 844 arreragiis,
1107 801 1193 843 j⁰xix
1215 802 1247 833 fi.
1271 802 1315 842 vij
1340 806 1363 833 ἓ.

313 852 336 892 ij
354 852 383 882 d.

354 902 397 933 Et
423 901 664 933 memorandum
692 901 777 943 quod
807 904 998 942 computans
1028 912 1094 933 non
1125 904 1237 934 onerat
1263 911 1297 933 se
1324 901 1364 932 de

311 952 341 992 vj
365 951 397 982 fi„
422 951 457 982 ix
481 955 503 983 ἑ
529 951 744 992 pendentibus
771 951 810 982 de
836 952 1000 993 arreragiis
1027 951 1242 992 computantis
1269 961 1365 991 super

309 1001 332 1032 J
335 1001 493 1032 ohannem
509 1001 692 1041 episcopum
716 1001 977 1039 Breahinensem,
993 1001 1173 1042 capientem
1195 1000 1236 1031 ad
1251 1010 1365 1032 manus

309 1051 452 1091 proprias
476 1061 532 1091 pro
559 1051 698 1082 secunda
724 1051 847 1082 decima
875 1051 939 1082 sibi
967 1051 1084 1087 debita,
1110 1053 1148 1081 ut
1174 1050 1295 1087 asserit,
1325 1050 1365 1081 de

309 1100 394 1131 dicto
409 1100 558 1137 dominio,
574 1110 670 1141 super
684 1110 748 1141 quo
764 1099 988 1132 consulendus
1005 1103 1054 1133 est
1068 1110 1132 1131 rex.

351 1150 499 1190 Expense
515 1149 664 1189 ejusdem.
711 1150 752 1180 In
774 1149 894 1190 primis,
925 1149 1060 1181 allocate
1082 1148 1285 1190 computanti
1308 1158 1364 1189 per

308 1199 504 1230 solucionem
519 1199 638 1229 factam
653 1198 787 1230 Hectori
814 1198 986 1235 Meldrum,
1009 1198 1177 1239 clavigero,
1200 1208 1257 1238 pro
1273 1197 1365 1229 feodo

308 1258 366 1279 suo
381 1248 420 1280 de
435 1247 535 1279 firmis
558 1251 714 1280 terrarum
737 1249 998 1289 prescriptarum,
1022 1251 1060 1279 ut
1082 1251 1172 1289 patet
1193 1247 1229 1278 ‘m
1252 1247 1364 1279 rotulis

310 1297 564 1338 precedentibus,
580 1297 620 1328 de
646 1307 729 1328 anno
754 1298 898 1338 computi
925 1300 957 1328 et
985 1297 1044 1328 sub
1069 1296 1210 1339 periculo
1234 1306 1364 1337 compu-

309 1347 417 1384 tantis,
441 1357 463 1378 x
485 1346 517 1377 fi.
563 1347 606 1378 Et
628 1346 740 1384 eidem,
756 1357 796 1378 ex
819 1346 926 1387 gracia
949 1346 1071 1377 domini
1094 1346 1185 1386 regis,
1207 1345 1247 1377 de
1269 1345 1364 1377 dictis

310 1396 401 1427 terris
423 1399 456 1427 et
477 1406 571 1433 anno,
591 1396 646 1436 xvj
669 1400 692 1427 s.
738 1396 782 1427 Et
804 1396 917 1433 eidem,
941 1406 997 1437 per
1024 1395 1221 1427 solucionem
1245 1395 1364 1427 factam

310 1445 476 1477 Willelmo
497 1446 737 1487 Levingstoune
760 1446 799 1477 de
823 1446 966 1486 Drumry
982 1445 1021 1476 de
1044 1455 1151 1476 annuo
1174 1445 1300 1476 redditu
1323 1444 1364 1476 de

311 1495 533 1526 Balmakewin
548 1495 610 1526 sibi
633 1495 740 1526 debito
764 1495 803 1526 de
826 1505 911 1526 anno
934 1494 1076 1536 computi
1099 1498 1132 1526 et
1146 1494 1206 1525 sub
1221 1493 1363 1535 periculo

310 1544 535 1585 computantis,
552 1554 596 1574 xx
611 1543 643 1574 fi.
690 1544 732 1575 Et
748 1544 852 1574 eidem
864 1543 1072 1584 computanti,
1087 1553 1145 1585 pro
1157 1543 1250 1574 feodo
1259 1554 1317 1576 suo
1329 1544 1363 1574 in

310 1595 413 1626 officio
429 1593 662 1625 mariscallatus
679 1593 834 1624 domicilii
856 1593 896 1624 de
911 1593 1036 1624 duobus
1058 1593 1151 1624 annis
1166 1592 1262 1633 hujus
1278 1603 1363 1624 com-

311 1643 393 1685 puti,
409 1643 464 1684 xiij
481 1642 514 1674 fi.
531 1643 562 1683 vj
580 1646 603 1673 ἔ.
619 1643 676 1683 viij
694 1642 723 1674 d.
769 1642 812 1673 Et
834 1642 946 1679 eidem,
962 1652 1019 1683 per
1033 1641 1228 1673 solucionem
1244 1641 1363 1674 factam

311 1692 462 1733 magistro
484 1692 593 1723 David
616 1691 752 1728 Guthre,
773 1694 853 1723 tunc
875 1694 1098 1732 computorum
1116 1690 1292 1728 rotulatori,
1307 1701 1364 1733 per

311 1742 536 1773 liberacionem
549 1741 666 1772 factam
683 1751 740 1781 per
751 1740 882 1772 viduam
892 1740 1069 1773 molendini
1082 1740 1120 1771 de
1132 1739 1363 1778 Balmakewin‚

311 1792 396 1823 dicto
410 1791 561 1832 magistro
573 1790 680 1822 David
693 1790 814 1821 fatente
826 1794 991 1832 receptum
1007 1799 1104 1830 super
1118 1793 1314 1830 computum,
1326 1793 1364 1821 ut

312 1844 401 1882 patet
411 1841 445 1871 in
457 1840 573 1870 ultimo
583 1842 733 1880 computo
745 1849 811 1876 suo,
821 1849 842 1870 v
855 1838 886 1870 ri.
921 1839 980 1881 [To
995 1838 1183 1878 Guthre,for
1191 1838 1363 1876 household,

311 1891 388 1928 2924
402 1891 445 1921 5²23.
461 1889 528 1930 ffel]
573 1889 616 1919 Et
637 1889 750 1925 eidem,
766 1898 822 1929 per
844 1888 1070 1920 liberacionem
1093 1887 1211 1920 factam
1233 1887 1362 1919 cuidam

312 1939 476 1980 capellano
506 1938 680 1969 celebranti
710 1938 744 1968 in
774 1937 909 1969 ecclesia
939 1936 1114 1969 cathedrali
1145 1937 1362 1975 Breehineusi,

312 1989 445 2020 fundato
472 1998 528 2029 per
552 1987 713 2029 quondam
742 1987 848 2019 David
875 1986 1010 2028 Berclay
1037 1990 1070 2018 et
1097 1987 1282 2018 confirmato
1305 1997 1362 2028 per

311 2049 416 2080 regem
435 2037 539 2069 David
555 2037 739 2074 secundum,
755 2036 795 2068 de
816 2037 959 2078 quinque
974 2037 1089 2068 marcis
1105 2037 1204 2068 annui
1220 2037 1362 2070 redditus

310 2091 467 2119 terrarum
489 2087 529 2118 de
545 2087 703 2128 Petgervy
729 2086 808 2117 dicti
829 2086 981 2127 thanagii,
997 2090 1034 2117 ut
1056 2090 1144 2127 patet
1159 2096 1216 2127 per
1241 2090 1362 2118 cartam
1390 2101 1391 2104 ¹

311 2137 389 2168 dicti
411 2137 519 2168 David
541 2136 624 2177 regis
640 2136 700 2167 sub
722 2145 837 2177 magno
853 2135 958 2178 sigillo
981 2139 1142 2167 ostensam
1164 2146 1259 2178 super
1274 2146 1358 2168 com-
