1551 2462
165 283 255 313 1464.
474 280 636 312 REGUM
660 279 906 312 SOOTORUM.
1152 282 1213 309 263

159 374 186 405 F
187 374 328 412 oulwod„
336 373 551 416 Achinbibbir,
569 373 775 411 Gabroohhil,
794 372 998 414 Spittalland,
1022 371 1215 409 Bridisland,

162 424 364 462 Paeokbank,
381 427 413 455 et
431 423 589 462 Quhitleav„
605 433 679 454 cum
695 423 813 464 quibus
826 425 1051 463 computantes
1065 422 1212 462 superius

162 477 343 512 onerantur,
366 474 520 505 asserenti
541 484 574 505 se
596 473 799 504 infeodatum
822 472 861 503 de
885 472 1005 518 eisdem
1021 482 1078 513 per
1094 475 1214 503 cartam

165 524 256 565 regis,
272 524 311 555 de
327 527 450 565 septem
466 523 558 554 annis
575 523 671 564 hujus
695 523 844 563 computi,
860 533 922 563 que
940 525 1020 553 berre
1037 521 1217 553 extendunt

159 584 193 605 se
209 574 244 604 in
260 584 343 605 anno
359 574 398 605 ad
421 573 632 615 quadraginta
648 583 779 610 mareas,
793 571 932 613 j⁰lxxxvj
957 572 989 603 H.
1007 572 1063 612 xiij
1082 582 1104 603 s.
1120 571 1167 611 iiij
1185 570 1214 601 d.

159 624 202 654 Et
212 623 339 660 eisdem,
349 623 388 654 de
399 623 496 654 firmis
507 626 663 654 terrarum
673 623 712 654 de
724 622 945 663 Oassyltoune,
957 620 1216 657 Blarestrewaoh

161 671 327 710 Kirkwod,
351 672 524 710 Maobehil,
548 672 753 713 Langsohaw‚
781 672 982 712 Galowbery,
1010 670 1217 706 Robertland,

160 725 194 753 et
209 722 339 753 alterius
357 721 517 760 Quhitlez‚
533 732 596 763 que
611 732 645 753 se
666 721 847 753 extendunt
869 721 1037 753 annuatim
1053 721 1094 752 ad
1117 720 1216 761 quad-

161 771 286 812 raginta
296 782 395 803 unam
407 782 545 803 marcam
555 782 629 803 cum
641 771 789 807 dimidea,
800 771 1011 802 existenoium
1023 771 1057 802 in
1068 771 1218 801 manibus

162 821 340 852 Alexandri
357 821 466 852 Hume
489 821 528 852 de
548 821 668 859 eodem,
683 821 805 858 militis,
821 823 858 852 ut
881 821 1001 857 asserit,
1017 831 1074 862 per
1097 823 1218 851 cartam

161 871 254 912 regis,
277 871 316 903 de
339 871 434 902 dictis
458 871 550 902 annis
573 871 669 911 hujus
694 871 844 911 computi,
864 869 1030 911 j⁰lxxxxiij
1055 870 1087 902 11.
1112 870 1167 911 xiij
1194 874 1217 900 ἔ.

162 920 209 962 1113
227 920 256 952 d.
311 921 444 952 Summa
468 931 688 961 expensarum,
711 919 840 961 iij⁰lxxx
862 920 894 952 11.
918 921 950 961 vj
976 924 999 952 ἓ.
1023 920 1080 961 viij
1098 920 1128 951 d.
1174 920 1218 950 Et

162 970 209 1001 sic
225 973 347 1002 restant
359 969 448 1011 v⁰xiij
467 970 499 1002 fi.
515 971 546 1011 vj
566 976 589 1002 ἕ.
605 970 662 1011 viij
680 970 709 1001 d.
726 970 792 1011 xvij
810 970 914 1002 celdre
926 970 982 1011 viij
997 970 1084 1003 00116
1097 970 1218 1001 farrine

169 1020 343 1052 avenatice.

210 1120 406 1160 Oomputum
432 1119 553 1151 Thome
581 1119 767 1161 Symsoune,
798 1119 970 1161 receptoris
997 1120 1161 1150 firmarum
1187 1122 1219 1151 eb
1233 1119 1302 1160 Fyf.

168 1179 341 1210 granorum
365 1169 468 1200 tocius
492 1169 627 1200 dominii
653 1170 692 1200 de
715 1169 796 1210 Fyff,
813 1170 930 1210 [Parth
953 1170 997 1200 13
1018 1170 1103 1200 June
1118 1170 1218 1210 1464]
1234 1163 1422 1204 SymSOUDe·

168 1230 186 1251 a
202 1220 254 1251 die
272 1219 394 1251 decimo
410 1220 529 1251 mensis
552 1220 694 1261 Augusti
709 1220 786 1250 anni
801 1220 934 1250 Domini
957 1222 1014 1250 ete.
1032 1219 1221 1260 sexagesimi

168 1269 259 1300 tercii
269 1269 307 1300 de
318 1269 417 1300 firmis
429 1279 608 1310 granorum,
622 1273 653 1300 et
663 1269 702 1300 (16
717 1269 853 1301 termino
867 1269 1094 1300 Penthecostes
1107 1269 1221 1300 ultimo

168 1319 208 1350 de
224 1318 378 1360 pecuniis,
395 1321 427 1350 et
450 1318 495 1350 sic
518 1319 556 1350 de
579 1329 643 1350 uno
659 1319 804 1356 termino,
820 1319 971 1350 videlicet
994 1319 1221 1350 Penhheoostes

168 1368 252 1399 infra
268 1368 327 1400 hoc
344 1372 534 1409 compotum.

212 1418 305 1449 Idem
321 1422 431 1449 onerat
446 1429 479 1450 se
494 1418 529 1449 in
545 1418 663 1459 primis,
679 1418 719 1449 (16
738 1419 766 1459 vj
783 1418 815 1449 11.
832 1429 876 1449 xv
891 1422 913 1450 ἔ.
931 1418 970 1449 (16
985 1419 1122 1450 termino
1138 1419 1220 1450 Pen-

169 1467 331 1498 thecostes
346 1467 431 1498 infra
453 1467 513 1498 hoc
536 1470 732 1508 computum,
745 1468 758 1508 3
783 1467 889 1498 celdra
905 1468 936 1508 xj
957 1468 1050 1499 bollis
1067 1467 1222 1498 frumenti

169 1517 191 1557 ij
209 1516 323 1548 celdris
335 1517 348 1558 j
366 1516 452 1548 bolla
463 1517 496 1557 iij
512 1516 634 1548 serlonis
650 1517 736 1548 ordei
751 1517 791 1548 de
803 1517 940 1549 termino
950 1517 1060 1549 Sancti
1076 1517 1221 1554 Martini,

168 1576 225 1608 per
247 1566 386 1608 integras
409 1567 516 1598 firmas
539 1566 641 1607 prime
664 1566 763 1608 partis
780 1567 819 1598 de
843 1567 1078 1608 Uohtirmucty.
1124 1568 1167 1598 Et
1183 1567 1222 1598 de

171 1616 203 1656 vj
219 1615 251 1647 11.
269 1626 312 1646 xv
328 1620 354 1648 ἔ.
375 1616 388 1656 3
412 1616 519 1648 celdra
534 1616 566 1657 xj
593 1616 686 1647 bollis
702 1616 858 1648 frumenti
879 1617 902 1658 ij
927 1617 1041 1648 oeldris
1054 1617 1067 1658 j
1085 1617 1171 1648 bolla
1185 1617 1219 1657 iij

170 1664 292 1697 fet-lotis
315 1665 402 1697 ordei
424 1665 464 1697 de
486 1665 587 1696 firmis
610 1666 749 1697 secunde
765 1666 864 1707 partis
881 1667 1024 1707 ejusdem
1047 1667 1086 1698 de
1102 1667 1223 1698 eisdem

173 1715 327 1747 terminis.
372 1715 415 1746 Et
431 1715 470 1746 de
482 1716 571 1757 xxvij
589 1720 611 1747 ἔ.
628 1716 650 1757 13
668 1716 697 1747 d.
711 1716 758 1747 ob.
776 1716 815 1747 de
831 1716 916 1748 dicto
932 1716 1068 1747 termino
1084 1716 1222 1748 Penthe-

172 1768 273 1796 costes
289 1767 417 1796 tantum
428 1775 450 1795 v
461 1764 556 1796 bollis
569 1765 582 1806 j
600 1765 715 1796 ferlota
730 1765 884 1796 frumenti
901 1766 932 1806 vj
951 1765 1045 1797 bollis
1061 1766 1082 1806 ij
1100 1766 1223 1797 ferlotis

171 1815 257 1846 ordei
266 1814 305 1846 de
320 1815 421 1846 firmis
432 1818 516 1846 terre
532 1815 571 1846 de
582 1815 797 1847 Gerveslande
810 1815 849 1846 de
865 1815 950 1846 dicto
962 1815 1098 1847 termino
1115 1816 1225 1847 Sancti

173 1864 315 1896 Martini.
360 1865 403 1896 Et
418 1865 458 1896 (16
484 1865 540 1906 viij
563 1865 596 1896 15„
620 1865 642 1906 ij
671 1865 786 1897 celdris
809 1865 963 1896 frumenti
987 1865 1009 1905 13
1036 1865 1150 1896 oeldris
1167 1865 1222 1906 viij

174 1913 268 1945 bollis
283 1914 370 1945 ordei
385 1914 425 1945 de
440 1915 539 1946 firmis
556 1918 638 1946 terre
654 1914 694 1946 de
710 1914 889 1946 Bondhalfe
905 1914 944 1946 de
960 1914 1054 1945 dictis
1069 1914 1223 1945 terminis.

175 1963 216 1996 Et
233 1963 272 1995 de
288 1974 331 1994 xv
354 1968 377 1995 ἓ.
401 1963 441 1995 de
464 1964 564 1995 firmis
588 1964 627 1995 de
650 1963 848 1995 Marislande
863 1964 903 1995 de
926 1963 1062 1994 termino
1086 1964 1224 1995 Penthe-

175 2015 284 2044 costes.
330 2013 373 2044 Eb
393 2013 434 2045 (16
460 2024 481 2044 v
507 2013 538 2044 fi.
556 2024 612 2054 per
637 2013 778 2055 integras
805 2014 912 2044 firmas
939 2013 978 2044 de
1004 2013 1035 2045 le
1058 2013 1163 2054 Myris
1185 2014 1225 2045 de

179 2062 407 2104 Uohtirmuoty
423 2063 462 2094 de
477 2062 563 2094 dicto
586 2063 731 2094 termino.
778 2064 819 2094 Et
842 2063 881 2094 de
905 2062 964 2103 xlij
982 2067 1004 2093 s.
1022 2073 1043 2093 x
1058 2062 1087 2093 (Ἰ.
1105 2063 1151 2094 οἵ).
1169 2073 1226 2104 per

177 2112 318 2153 integras
333 2113 441 2144 firmas
457 2113 654 2154 ootagiorum
677 2115 710 2144 et
732 2112 856 2144 fabrilis
879 2112 919 2143 de
943 2112 1171 2153 Uchtirmucty
1187 2113 1226 2144 de

165 2161 263 2201 'dicto
291 2163 428 2194 termino
452 2163 687 2195 Pentheeostes.
733 2163 776 2194 Et
800 2163 840 2194 de
865 2162 888 2203 ij
913 2162 1028 2193 celdris
1051 2163 1107 2203 viij
1132 2163 1227 2194 bollis

184 2211 272 2243 ordei
297 2222 354 2253 per
384 2212 525 2254 integras
549 2213 657 2244 firmas
682 2212 858 2244 molendini
881 2212 920 2243 de
937 2212 1165 2254 Uuhhirmucty
1188 2213 1228 2244 (16
