1551 2462
194 820 335 844 Onerandus
345 822 383 844 est

194 852 337 880 computans

194 887 249 902 cum
259 880 364 909 penden-

194 917 244 934 cus.

194 1606 335 1638 Yarrow.

1362 0 1551 101 Ἤ

413 321 473 349 496
725 319 889 351 ROTULI
914 318 1150 350 SCAOOARII
1373 321 1463 352 1467.

412 415 482 444 octo
513 413 658 444 denarios
689 413 865 450 annuatim,
895 416 927 444 et
965 412 1140 444 vicecomes
1171 412 1307 443 Berwici
1343 413 1464 454 recepit

411 462 547 500 eosdem,
564 465 596 493 et
611 462 727 494 exinde
742 462 882 494 reddidit
897 465 1092 503 computum,
1109 462 1148 493 de
1165 472 1248 493 anno
1272 463 1414 503 computi
1430 466 1463 494 ct

412 522 495 543 anno
526 512 715 553 precedente
742 511 802 543 1100
828 515 1025 552 computum,
1051 512 1099 553 liij
1127 516 1150 543 s.
1182 512 1228 553 iiij
1254 511 1283 543 d.
1330 512 1463 544 Summa

409 561 506 602 hujus
532 572 670 602 expense
694 564 791 602 patet.
836 562 880 592 Et
906 562 951 593 sic
974 564 1097 592 restant
1123 560 1215 602 Vjcffij
1233 561 1264 592 fi.
1289 562 1320 602 vj
1343 566 1365 593 ἓ.
1412 562 1462 593 De

409 611 535 652 quibus,
572 611 715 652 pendent
751 621 846 652 super
888 611 1054 642 dominum
1093 611 1315 642 Alexandrum
1357 611 1462 642 Home

410 661 449 692 de
480 661 579 692 firmis
605 664 760 692 terrarum
790 661 829 692 de
859 661 1025 702 Brigeame
1055 664 1088 692 et
1118 661 1400 702 Brigeameschelis
1431 664 1464 692 et

411 710 510 741 annui
548 710 691 742 redditus
722 710 761 742 de
799 711 990 748 Lambdene,
1021 721 1083 752 que
1121 714 1197 742 sunt
1226 711 1265 742 de
1297 711 1462 752 arreragiis

410 759 542 791 Roberti
572 760 704 791 Liddale
734 760 811 791 anni
841 760 1039 801 sexagesimi,
1069 761 1129 791 sub
1158 760 1302 801 periculo
1332 770 1463 801 compu-

410 810 519 847 tantis,
533 808 605 850 jciiij
623 809 654 840 li.
701 810 744 841 Et
758 809 900 850 pendent
917 809 1065 841 similiter
1089 820 1183 851 super
1195 810 1301 841 Adam
1318 810 1357 841 de
1372 810 1462 851 Hep-

411 859 512 890 burne
529 859 568 890 de
584 859 683 890 firmis
706 862 865 890 terrarum
888 859 927 891 de
951 859 1132 897 Petcokkis,
1156 863 1383 901 occupatarum
1405 871 1462 901 per

409 909 555 946 eundem,
572 909 610 940 de
627 908 746 940 eisdem
762 909 936 950 arreragiis,
952 920 1019 940 xxx
1030 909 1061 941 11
1099 910 1143 940 Et
1158 910 1300 950 pendent
1315 910 1464 941 similiter

409 969 504 1000 super
543 958 665 989 dictum
696 958 862 989 dominum
899 958 1123 990 Alexandrum
1154 959 1262 990 Hume
1293 959 1332 990 de
1362 960 1462 990 firmis

408 1009 565 1039 dictarum
576 1011 733 1039 terrarum
743 1011 817 1048 post
827 1008 950 1039 obitum
961 1008 1089 1039 domine
1098 1009 1206 1050 regine
1217 1009 1300 1040 clare
1310 1009 1462 1041 memorie

408 1068 481 1089 cum
507 1058 624 1098 quibus
649 1060 838 1098 computans
866 1058 1013 1098 superius
1043 1061 1200 1096 oneratur,
1231 1058 1291 1089 hoc
1314 1069 1399 1090 anno
1429 1062 1462 1090 et

408 1107 532 1139 duobus
559 1108 651 1138 annis
678 1107 923 1148 precedentibus
949 1108 1010 1139 sub
1040 1108 1152 1139 eodem
1178 1108 1330 1149 periculo,
1349 1107 1411 1150 j⁰iij
1428 1109 1461 1141 fi.

409 1158 452 1188 Et
467 1157 610 1198 pendent
625 1167 720 1198 super
743 1157 947 1188 WVillelmum
970 1157 1008 1188 de
1035 1157 1185 1199 Douglas,
1208 1159 1406 1199 gardianum,
1422 1159 1462 1190 de

409 1207 509 1238 firmis
536 1210 692 1238 terrarum
722 1207 761 1239 de
797 1207 971 1245 Ersiltoun,
1003 1207 1183 1246 Ookburne,
1215 1211 1247 1240 et
1278 1208 1461 1246 Cadschele‚

407 1260 633 1298 occupatarum
651 1267 706 1298 per
721 1257 859 1288 eundem
882 1261 956 1289 ante
971 1257 1031 1289 hoc
1055 1262 1251 1299 computum,
1267 1258 1312 1298 xlj
1337 1257 1368 1289 u.
1386 1258 1418 1299 xj
1437 1262 1460 1290 s.

410 1308 542 1339 Summa
557 1307 654 1348 hujus
669 1307 852 1348 pendencie,
875 1307 1026 1348 ij⁰1xxviij
1044 1307 1075 1339 112
1093 1308 1125 1348 xj
1151 1312 1173 1339 ἓ.
1219 1308 1262 1339 Et
1278 1308 1323 1339 sic
1338 1311 1461 1339 restant

407 1417 464 1437 suo
481 1406 519 1437 de
535 1416 619 1437 anno
635 1406 778 1447 computi
794 1410 826 1437 et
842 1406 881 1437 de
897 1407 1039 1447 quinque
1055 1407 1200 1438 terminis
1216 1407 1461 1448 precedentibus

408 1456 468 1486 1100
498 1459 697 1496 computum,
728 1456 807 1496 xxiij
839 1455 870 1486 fi.
902 1456 933 1496 vj
966 1459 988 1486 s.
1020 1456 1076 1497 viij
1116 1456 1145 1487 d.
1192 1457 1325 1488 Summa
1363 1457 1460 1498 hujus

410 1516 549 1546 expense
564 1508 660 1546 patet.
706 1505 749 1536 Et
765 1505 810 1536 sic
826 1508 948 1536 restant
963 1504 1034 1546 iij⁰lj
1051 1505 1083 1537 fi.
1101 1506 1157 1547 viij
1175 1510 1197 1537 s.
1214 1506 1259 1547 iiij
1278 1506 1307 1538 d.

455 1606 650 1647 Computum
674 1606 806 1636 Roberti
828 1606 969 1643 Liddale‚
993 1607 1129 1637 cursoris
1152 1607 1256 1638 warde
1279 1607 1318 1638 de
1334 1607 1459 1645 Yarow,

409 1656 620 1697 [Edinbmyffl
636 1656 679 1693 14
693 1656 774 1695 July
788 1656 883 1694 1467,
891 1656 981 1696 from
997 1657 1040 1687 16
1055 1657 1139 1687 June
1154 1657 1241 1694 1466
1250 1668 1263 1695 ;
1285 1658 1308 1688 2
1323 1660 1421 1688 tcrms.

454 1706 579 1746 Charye.
624 1705 770 1742 Ast-rem,
785 1706 859 1736 ,ΕΒΖ
877 1707 918 1736 53.
935 1706 955 1736 1
958 1706 1000 1746 ὦ]

452 1755 545 1791 Item,
560 1754 646 1786 idem
662 1758 772 1785 onerat
782 1765 815 1786 se
831 1754 870 1786 de
883 1753 966 1796 j⁰xlij
984 1755 1015 1786 fi.
1040 1766 1061 1785 x
1077 1759 1099 1786 ἔ.
1116 1766 1173 1796 per
1195 1755 1334 1796 integras
1351 1756 1458 1787 firmas

410 1804 525 1845 viginti
547 1804 647 1835 trium
667 1804 808 1835 locorum
829 1815 904 1835 cum
919 1804 1051 1835 dimidio
1068 1808 1100 1836 et
1115 1805 1145 1836 10
1161 1805 1284 1836 hamlot
1300 1805 1458 1837 dictorum

409 1855 436 1886 F
438 1854 611 1885 osterstede
628 1854 666 1885 de
682 1853 828 1885 terminis
844 1854 930 1885 beati
947 1854 1033 1885 Petri
1049 1854 1089 1885 acl
1100 1855 1240 1886 Vincula
1256 1858 1288 1887 et
1304 1856 1457 1887 Omnium

410 1904 601 1935 Sanctorum
625 1903 710 1934 infra
735 1903 795 1934 hoc
823 1906 1018 1944 computum.
1065 1903 1197 1935 Summa
1226 1904 1324 1945 hujus
1353 1905 1458 1936 oneris

407 1957 504 1995 patet.

452 2004 547 2040 1tem,
571 2003 657 2034 idem
681 2005 791 2033 onerat
818 2013 851 2034 se
874 2002 913 2034 de
937 2003 992 2043 xiij
1017 2002 1049 2034 11⁴.
1073 2003 1129 2044 viij
1146 2007 1168 2034 ἔ.
1186 2013 1242 2044 per
1257 2004 1336 2035 duos
1352 2005 1458 2036 exitus

411 2054 547 2084 duarum
564 2052 723 2083 curiarum
747 2052 904 2083 dictarum
926 2052 1153 2083 Beltanecourt
1169 2056 1201 2083 et
1215 2053 1458 2085 Alhalowcourt

409 2105 572 2133 tentarum
603 2101 687 2132 infra
719 2100 869 2132 forestam
895 2101 934 2132 de
964 2101 1075 2138 Ettric,
1102 2105 1139 2132 ut
1173 2105 1262 2142 patet
1292 2112 1349 2143 per
1378 2103 1457 2134 duos

409 2154 570 2182 extractus
587 2153 728 2182 ostensos
745 2161 839 2191 super
854 2153 1048 2191 computum.
1094 2150 1137 2181 Et
1153 2151 1191 2181 de
1208 2162 1228 2181 x
1244 2151 1275 2182 Π.
1293 2152 1347 2192 xvj
1365 2156 1387 2182 s.
1401 2161 1457 2192 per

409 2201 630 2232 vendicionem
647 2200 821 2231 octodecim
831 2203 1006 2230 martarum
1017 2200 1174 2231 dictarum
1187 2200 1322 2242 fogmart
1333 2205 1364 2232 et
1376 2201 1457 2233 fule-

409 2254 493 2283 mart-
514 2251 552 2282 de
577 2250 687 2281 eodem
714 2250 851 2281 termino
877 2249 985 2281 Sancti
1012 2250 1148 2281 Martini
1172 2250 1211 2282 de
1237 2261 1353 2282 novem
1379 2251 1456 2283 locis

1534 106 1551 149 ’ἓ

1535 1826 1551 1840 Α·
1530 1454 1551 1818 ft-flmfflnm
1532 1251 1551 1446 —uA—k'fflhu
1540 1091 1551 1244 mh*-
1543 1067 1551 1081 a

1534 2054 1545 2067 ¹
1532 1850 1551 2045 .*2-··¹r›..r,rn-

1520 2115 1546 2147 A.-
1536 2075 1551 2101 .

1529 2158 1551 2226 ,au
