1551 2462
171 842 285 874 Marte.

171 1443 312 1475 Ordium.

167 2090 370 2132 Kynolevyn.

391 247 428 275 92
702 249 865 282 ROTULI
888 249 1125 283 SCACCARII
1347 256 1437 285 1461.

390 339 434 380 vij
452 344 474 371 ἕ.
492 351 513 370 x
529 340 558 372 d.
575 341 622 372 ob.
668 342 711 373 Ee
733 343 778 374 sio
800 347 923 376 restani:
941 356 1009 376 xxx
1030 344 1063 376 fi.
1080 344 1102 385 ij
1120 349 1142 376 S.
1167 345 1200 386 iij
1225 345 1253 376 d.
1271 346 1329 383 ob„
1345 347 1437 378 feodo

389 400 453 420 non
466 390 607 422 auocato.
654 392 703 424 De
713 394 839 434 quibus,
852 395 1029 426 alloeantur
1038 395 1235 435 compotanti
1250 405 1290 426 ex
1305 406 1342 427 eo
1352 397 1437 437 quod

388 440 462 480 plus
478 444 627 473 oneratur
646 452 719 472 cum
735 442 834 472 firmis
857 446 1013 474 terrarum
1029 443 1068 474 de
1091 443 1224 475 Ardune
1241 448 1274 476 et
1289 445 1436 477 Buchan-

390 493 486 520 stoun
513 501 610 532 quam
641 492 823 523 continetur
852 492 887 522 in
916 492 1041 530 rentali,
1057 496 1094 523 ut
1120 496 1217 534 patet,
1244 504 1311 525 xxx
1326 499 1349 527 ἔ.
1394 496 1438 527 Et

388 539 499 578 eidem,
515 551 572 581 per
594 542 788 582 superfluam
803 542 1023 573 oneraeionem
1046 545 1203 573 terrarum
1226 543 1265 575 de
1282 544 1437 576 Glander-

388 592 482 621 stoun
498 602 570 622 cum
582 592 773 629 molendino,
789 602 829 623 ex
845 603 881 623 eo
898 592 983 633 quod
999 596 1184 632 compotans
1199 597 1349 625 oneratur
1363 595 1436 635 plus

389 650 485 680 quam
502 642 624 672 onerari
635 642 737 679 debet,
753 645 790 672 ut
805 645 902 682 patet),
914 641 970 682 viij
988 641 1021 672 ET.
1033 641 1066 682 vj
1084 645 1106 673 Ξ.
1123 642 1178 683 viij
1197 641 1226 674 d.
1271 643 1314 674 Et
1324 643 1436 683 eidem,

387 701 443 731 pro
454 691 545 722 feodo
556 702 612 723 suo
623 692 662 723 de
678 692 771 723 dionis
784 692 926 732 quinque
938 691 1093 728 terminis,
1109 691 1148 722 de
1160 693 1311 724 mandato
1321 694 1436 735 regine,

388 751 433 771 xx
448 741 480 772 fi.
505 752 526 772 v
548 747 571 774 ἔ.
595 743 638 783 vij
657 742 686 773 d.
710 742 758 774 ob.
806 742 938 773 Summa
960 741 1057 782 hujus
1080 741 1291 780 alloeaeionis,
1314 754 1380 774 xxx
1403 744 1434 776 15.

386 790 408 832 ij
426 795 449 822 ἒ.
466 792 500 832 iij
518 792 546 823 d.
563 792 610 824 οὔ.
658 793 700 824 Et
716 793 761 824 sio
777 803 866 834 eque.

431 841 524 879 Item,
556 842 642 873 idem
672 846 782 874 onerat
812 853 845 874 se
877 842 916 873 de
950 842 1018 882 xiiij
1051 842 1164 873 martis
1191 852 1253 883 que
1284 842 1436 875 dicuntur

387 892 627 923 custummarbis
652 892 691 923 de
711 892 796 923 dieto
819 891 961 923 dominio
985 891 1024 922 de
1047 891 1205 922 Brechine
1227 902 1285 933 per
1307 895 1434 934 tempus

388 942 536 982 compoti.
582 942 714 973 Summa
729 942 826 983 hujus
842 942 946 973 oneris
962 944 1060 982 patet.

431 992 579 1032 Expense
605 992 755 1033 ejusdem.
802 992 843 1023 In
867 991 989 1033 primis,
1006 991 1140 1022 allocate
1164 992 1361 1032 eompotanti
1377 1003 1434 1033 per

388 1041 614 1072 liberaeionem
628 1041 745 1072 factam
757 1041 886 1082 Nigesso
896 1040 1292 1077 Davidsoun‚armentario
1306 1041 1433 1073 domine

386 1093 503 1134 regine,
519 1093 558 1124 ad
575 1096 719 1125 armenta
735 1093 887 1134 ejusdem,
903 1092 947 1133 vij
966 1096 1075 1129 marte,
1091 1102 1149 1133 pro
1172 1092 1289 1133 quibus
1305 1103 1434 1134 respon—

389 1143 484 1174 debit.
530 1143 573 1174 Ec
588 1153 645 1184 per
660 1143 883 1174 vendicionem
899 1145 1022 1183 septem
1038 1144 1214 1172 mattarum
1230 1142 1434 1174 venditarum

385 1203 443 1234 per
471 1195 717 1234 eompotantem,
740 1193 885 1234 precium
914 1191 1004 1233 pecie
1035 1191 1219 1232 quindecim
1250 1191 1353 1229 solidi,
1376 1203 1433 1233 pro

390 1254 526 1284 quarum
556 1243 701 1284 pecunia,
728 1242 879 1274 videlicet
917 1241 1061 1282 quinque
1091 1241 1183 1272 libris
1221 1245 1253 1273 et
1291 1242 1433 1283 quinque

389 1292 509 1330 solidis,
526 1292 705 1324 onerandus
721 1295 770 1324 est
792 1295 979 1333 compotens
1002 1292 1038 1322 in
1053 1294 1199 1332 compoto
1217 1292 1433 1332 pecuniarum,

386 1343 429 1382 vij
463 1346 573 1374 marte.
628 1342 760 1374 Summa
790 1350 1011 1383 expensarum,
1042 1340 1110 1381 xiiij
1143 1345 1251 1372 marte.
1308 1342 1350 1373 Et
1387 1343 1433 1374 sic

386 1402 474 1433 eque.

430 1442 524 1478 Item,
540 1441 627 1473 idem
650 1443 760 1472 onerat
782 1451 816 1472 se
839 1440 878 1472 de
890 1440 903 1480 j
922 1438 1027 1471 celdra
1039 1440 1052 1480 j
1069 1440 1155 1471 bolla
1178 1440 1264 1472 ordei
1280 1441 1370 1473 firme
1393 1442 1432 1474 de

386 1490 545 1522 Garviach
569 1491 608 1522 de
632 1491 734 1531 primo
765 1490 901 1521 termino
925 1490 1129 1521 Pentecostes
1156 1490 1252 1531 hujus
1284 1492 1430 1532 compoti.

385 1541 428 1572 Et
451 1540 490 1571 de
515 1541 548 1581 iij
575 1540 691 1571 celdris
714 1540 769 1580 viij
795 1540 889 1571 bollis
913 1540 1001 1571 ordei
1023 1540 1113 1571 firme
1137 1540 1176 1571 de
1200 1540 1360 1572 Garviaeh
1391 1541 1430 1573 de

387 1590 511 1621 duobus
549 1590 673 1621 ultimis
710 1589 857 1620 terminis
888 1589 1115 1621 Penthecostes
1153 1589 1251 1630 hujus
1282 1591 1430 1632 compoti.

387 1640 520 1671 Summa
536 1639 632 1680 hujus
648 1639 761 1676 oneris,
777 1638 822 1679 iiij
842 1638 945 1669 oeldre
961 1639 995 1669 ix
1012 1639 1103 1670 boile.
1144 1678 1153 1680 ἡ

427 1690 576 1730 Expense
600 1688 750 1729 ejusdem.
796 1686 837 1718 In
860 1688 981 1728 primis,
997 1688 1132 1719 allocate
1155 1689 1353 1730 eompobanti
1374 1700 1432 1731 per

384 1739 606 1771 vendicionem
623 1738 780 1769 dictarum
797 1742 933 1778 quatuor
956 1738 1134 1769 celdrarum
1151 1742 1184 1769 eb
1200 1749 1315 1770 novem
1330 1739 1431 1771 bolla—

383 1799 456 1820 rum
479 1788 574 1825 ordei,
597 1787 799 1819 venditarum
830 1796 887 1827 per
918 1787 1063 1824 eundem,
1093 1788 1237 1828 precium
1268 1788 1351 1819 bolle
1374 1799 1430 1820 sex

385 1839 478 1871 solidi
512 1842 544 1869 et
574 1842 645 1869 octo
676 1837 806 1874 denarii,
836 1847 893 1878 pro
932 1847 1067 1877 quarum
1097 1837 1242 1878 pecunia,
1280 1838 1431 1870 videlicet

383 1888 500 1930 viginti
523 1891 660 1929 quatuor
682 1887 772 1918 libris
795 1897 851 1917 sex
874 1886 984 1917 solidis
1007 1891 1039 1918 eb
1062 1890 1133 1918 octo
1157 1887 1304 1925 denariis,
1320 1899 1429 1920 onera-

384 1989 516 2020 Summa
532 1996 742 2028 expensarum
758 1989 855 2027 patet.
899 1985 942 2016 Et:
957 1985 1002 2016 sie
1015 1996 1103 2026 eque.

430 2089 625 2129 Computum
670 2086 790 2117 Thome
834 2083 1055 2125 VVardropare,
1092 2086 1263 2126 receptoriS
1302 2086 1428 2119 domine

384 2138 490 2179 regine
514 2136 647 2168 dominii
670 2135 709 2166 de
732 2133 926 2176 Kynelevin‚
949 2134 1110 2165 redditum
1133 2135 1218 2176 apud
1241 2135 1429 2177 Edinburgh

385 2188 536 2220 vicesimo
552 2186 649 2218 tercio
665 2186 717 2218 die
733 2185 850 2216 mensis
867 2184 1004 2225 Augusti
1017 2193 1100 2215 anno
1116 2185 1249 2216 Domini
1259 2185 1428 2218 millesimo

1536 2447 1551 2462 r
1535 1977 1551 2433 *1—rmu„-o·0....=.3.-.·-.-.-4u—.⁸.-A....
1535 1844 1551 1964 —ffl-...n
1544 1817 1551 1824 ,
1548 1758 1551 1768 ,
