1551 2462
161 916 301 958 Lythqu.

379 261 418 289 46
693 259 859 292 ROTULI
882 260 1119 293 SOAGCARII
1341 264 1431 294 1460.
1510 283 1513 290 .

667 612 846 644 CCXXVI.
872 609 1114 654 [CCXXXIV]

421 709 677 750 COMPUTUM
701 708 992 744 VICECOMITIS
1008 712 1068 743 DE
1084 711 1384 744 LINLITHGOW.

810 820 872 843 Aa).
898 810 989 843 1460.

418 910 612 951 Compotum
628 910 817 942 Archibaldi
833 911 872 942 de
888 909 1024 942 Dundas
1040 911 1079 942 de
1095 910 1215 949 eodem,
1230 910 1428 942 vicecomitis

375 960 413 991 de
429 959 566 1001 Lithqw,
581 960 742 991 redditum
759 961 844 1001 apud
860 960 1049 1002 Edinburgh
1064 961 1173 1002 xxiiij⁰
1184 961 1305 1002 &Marcii
1329 961 1427 1002 [anno
1490 983 1492 985 -

373 1009 520 1051 Domini]
537 1013 596 1042 etc.
612 1014 700 1048 Lxffl⁰‚
716 1010 755 1042 de
771 1010 919 1042 omnibus
931 1010 1066 1051 receptis
1079 1010 1145 1042 suis
1161 1014 1194 1042 et
1209 1011 1357 1051 expensis
1372 1020 1429 1051 per

373 1060 480 1091 firmas
504 1063 536 1091 et
566 1060 672 1091 exitus
695 1059 792 1091 ballie
817 1069 872 1091 sue
898 1070 916 1091 a
942 1060 1093 1091 vicesimo
1117 1060 1168 1092 die
1191 1061 1310 1091 mensis
1333 1060 1427 1092 Junii

373 1109 450 1140 anni
466 1109 609 1150 ejusdem
625 1109 815 1150 sexagesimi
830 1120 930 1150 usque
947 1109 981 1140 in
1001 1106 1087 1141 diem
1102 1109 1199 1151 hujus
1222 1109 1371 1151 compoti,
1394 1112 1428 1140 et

374 1158 419 1190 sic
436 1158 474 1190 de
490 1169 555 1190 uno
570 1159 707 1190 termino
723 1159 807 1190 infra
822 1158 882 1190 hoc
898 1162 1089 1200 compotum.

418 1208 510 1239 Idem
526 1212 637 1240 onerat
652 1218 686 1240 se
701 1209 741 1239 de
756 1208 788 1249 vj
804 1208 836 1239 ii.
853 1208 907 1249 xvj
925 1213 947 1240 s.
964 1209 1020 1249 viij
1038 1208 1068 1240 d.
1085 1219 1142 1250 per
1156 1209 1296 1250 integras
1318 1209 1426 1240 firmas

374 1259 650 1290 castriwardarum
695 1258 792 1289 ballie
830 1259 1042 1299 compotantis
1080 1259 1119 1289 de
1152 1259 1290 1291 termino
1323 1258 1425 1299 prime

374 1308 549 1340 ebdomade
573 1308 820 1350 Quadragesime
842 1308 927 1339 infra
950 1308 1009 1339 hoc
1032 1313 1224 1349 compotum,
1247 1308 1323 1348 quia
1346 1310 1424 1339 tunc

373 1359 551 1390 redduntur
566 1362 701 1389 tantum.
748 1358 880 1389 Summa
895 1358 993 1398 hujus
1008 1358 1113 1389 oneris
1129 1361 1225 1398 patet.

416 1408 459 1439 Et
475 1418 540 1439 non
556 1411 666 1439 onerat
681 1417 714 1438 se
730 1407 769 1438 de
785 1407 841 1448 viij
858 1407 890 1439 fi„
907 1417 965 1448 per
989 1407 1210 1439 vendicionem
1225 1407 1321 1439 unius
1344 1407 1424 1439 libre

374 1457 484 1488 cimini
507 1460 591 1488 terre
616 1458 654 1488 de
678 1457 766 1494 Wra,
790 1467 852 1498 que
875 1461 952 1488 sunt
971 1458 1039 1498 jam
1062 1458 1096 1488 in
1123 1458 1272 1489 manibus
1295 1458 1423 1489 domine

372 1507 486 1548 regine.
532 1507 601 1538 Nec
638 1506 677 1537 de
712 1506 757 1547 xij
789 1506 818 1537 d.
851 1516 908 1547 per
946 1506 1168 1538 vendicionem
1204 1507 1300 1538 unius
1338 1506 1423 1548 paris

372 1556 544 1588 calcarium
567 1554 712 1587 alborum
735 1556 806 1588 albe
836 1555 926 1588 firme
957 1556 996 1588 de
1026 1555 1317 1594 Littilkettilstone,
1347 1556 1423 1598 quia
1484 1560 1486 1565 ⁴
1539 1553 1544 1606 Ἰ

371 1606 521 1638 levantur
550 1606 584 1637 in
611 1606 692 1637 festo
723 1605 956 1637 Pentheoostes.
1001 1603 1071 1638 Nec
1097 1606 1136 1638 de
1160 1606 1321 1648 aliquibus
1351 1606 1423 1638 aliis

372 1656 497 1693 wardis,
516 1655 651 1692 releviis,
666 1656 851 1697 maritagiis,
866 1656 992 1693 finibus,
1009 1659 1063 1687 aut
1080 1655 1243 1693 eschaetis,
1259 1656 1335 1697 quia
1357 1666 1422 1687 nou

372 1704 445 1745 plus
461 1704 577 1736 accidit
591 1715 648 1745 per
663 1707 791 1745 tempus
813 1705 960 1745 compoti,
984 1709 1021 1736 ut
1043 1705 1156 1737 asserit
1178 1708 1365 1746 compotans
1387 1705 1422 1736 in
1480 1734 1484 1741 ,

371 1765 428 1786 suo
441 1755 632 1795 juramento.

415 1805 564 1845 Expense
587 1803 738 1845 ejusdem.
785 1803 826 1834 In
850 1804 970 1844 primis,
988 1804 1122 1836 allocate
1146 1804 1344 1845 compotanti
1365 1814 1423 1845 per

372 1854 568 1885 solucionem
589 1854 707 1884 factam
722 1853 887 1884 Fratribus
910 1853 1092 1885 Minoribus
1115 1853 1208 1895 burgi
1229 1853 1269 1884 de
1293 1853 1421 1892 Dunde,
1483 1867 1489 1870 ⁴

371 1904 621 1945 percipientibus
651 1903 818 1934 annuatim
848 1902 958 1934 decem
987 1913 1110 1934 marcas
1141 1903 1180 1934 de
1210 1902 1421 1934 castriwardis
1475 1926 1480 1931 .

372 1952 469 1985 ballie
500 1952 711 1993 compotantis
741 1962 781 1983 ex
814 1951 981 1983 elimosina
1011 1951 1133 1982 domini
1162 1951 1294 1983 Roberti
1323 1951 1420 1993 primi
1479 1974 1482 1978 -

371 2002 462 2044 regis,
477 2006 515 2033 ut
529 2005 618 2043 patet
633 2001 667 2032 in
683 2001 796 2033 rotulis
811 2000 1064 2042 precedentibus,
1086 2001 1238 2042 gardiano
1261 2001 1420 2032 dictorum
1475 2020 1479 2023 »

371 2053 520 2084 Fratrum
550 2052 672 2083 fatente
701 2054 865 2092 receptum
889 2060 984 2091 super
1006 2054 1190 2091 compotum
1217 2050 1255 2082 de
1281 2051 1419 2082 termino
1467 2072 1469 2074 -
1528 2067 1529 2070 =

369 2102 511 2143 compoti
526 2104 558 2133 et
573 2101 709 2132 termino
725 2100 951 2132 Penthecostes
966 2100 1119 2141 proximo,
1135 2101 1166 2140 vj
1178 2099 1211 2131 li.
1224 2100 1280 2141 xiij
1293 2104 1317 2132 s.
1329 2100 1374 2141 iiij
1388 2099 1416 2131 d.
1442 2105 1446 2107 “
1478 2124 1481 2125 ⁷
