1551 2462
353 219 413 248 192
611 244 613 247 .
656 217 821 250 ROTULI
846 216 1083 249 SCAOCARH
1314 220 1406 250 1463.

350 310 497 351 compoti.
542 310 585 341 Et
609 310 647 341 de
670 309 702 351 vj
727 309 758 341 fi.
783 320 827 340 xv
849 314 872 341 ἔ.
901 310 913 351 3
939 310 1044 341 celdra
1066 310 1099 351 xj
1132 309 1227 341 bouis
1250 309 1405 342 frumenti

348 360 371 400 ij
389 359 503 391 celdris
524 360 537 401 3
555 359 640 391 bolla
662 359 696 400 iij
722 359 845 391 ferlotis
861 359 946 391 ordei
971 360 1011 391 de
1027 359 1126 391 firmis
1149 359 1288 391 secunde
1303 360 1403 401 partis

349 409 492 450 ejusdem
523 409 562 441 de
587 409 681 440 dietis
712 409 866 440 terminis.
923 410 966 440 Et
989 410 1028 441 de
1059 410 1149 450 xxvij
1182 414 1204 441 ἒ,
1235 410 1258 451 13
1290 410 1319 442 d.
1353 410 1403 442 015.

348 470 370 490 v
393 459 487 490 bellis
509 459 521 500 j
548 459 663 490 ferloba
687 459 842 490 frumenti
866 459 897 499 vj
929 459 1024 490 bouis
1049 459 1071 500 ij
1099 459 1222 490 ferlotis
1253 459 1340 490 ordei
1363 459 1402 491 de

349 509 449 539 firmis
465 512 546 540 terre
563 508 601 539 de
618 508 817 540 Gervasland
833 518 889 549 per
904 508 990 539 idem
1006 511 1143 549 tempus.
1189 509 1232 540 Et
1242 508 1280 540 de
1296 509 1352 550 viij
1370 509 1402 540 11.

348 558 371 599 13
389 558 503 589 celdris
518 558 673 589 frumenti
683 558 706 598 ij
724 557 839 589 celdris
855 558 911 598 viij
928 557 1022 589 bollis
1039 558 1126 589 ordei
1142 558 1180 589 de
1197 558 1296 589 firmis
1318 561 1403 589 terre

348 608 388 639 de
412 607 574 639 Bondhalf
597 618 653 649 per
684 607 768 639 idem
792 610 928 648 tempus.
973 608 1016 638 Et
1040 608 1079 639 de
1103 618 1169 638 xxx
1193 612 1216 639 ἒ.
1241 607 1280 639 (18
1302 607 1402 639 firmis

347 661 432 689 terre
448 658 486 689 de
502 657 691 699 Marysland
706 668 763 698 per
778 660 906 698 tempus
925 657 1073 698 compoti.
1119 658 1162 688 Et
1179 657 1217 689 de
1232 658 1279 698 iiij
1296 657 1328 688 11,
1346 668 1366 688 v
1378 661 1402 688 ἓ.

349 708 382 739 ix
399 707 427 739 d.
443 718 500 749 per
515 707 654 749 integras
675 707 783 738 firmas
806 707 1003 748 cotagiorum
1020 711 1052 738 et
1067 707 1192 739 fabrilis
1209 707 1248 739 de
1271 707 1403 739 11811111·-

349 757 473 799 mukhy.
518 757 561 788 Et
577 757 615 788 de
631 757 652 797 ij
670 756 784 787 eeldris
799 757 856 797 viij
873 756 968 788 bollis
984 757 1071 787 ordei
1087 756 1125 787 de
1148 756 1280 797 integris
1303 757 1405 788 firmis

348 806 525 838 molendini
548 806 587 837 de
604 806 838 847 Uchtirmukty
854 816 910 847 per
932 806 1017 837 idem
1034 809 1170 846 tempus.
1214 806 1257 837 Et
1281 806 1320 837 de
1336 817 1357 837 x
1372 806 1405 837 11.

348 866 405 896 per
434 855 574 897 integras
604 855 711 886 firmas
742 857 898 886 terrarum
925 854 965 886 de
995 855 1206 895 Westirrossy
1232 865 1289 896 per
1317 855 1404 886 idem

349 909 485 946 tempus.
531 905 574 935 En
597 904 636 935 de
652 904 683 945 vj
701 903 733 935 11.
751 904 807 945 xiij
825 908 847 935 Ξ.
866 904 912 945 1113
928 904 959 935 d.
984 904 1023 935 de
1039 904 1139 935 firmis
1162 904 1340 936 molendini
1364 905 1404 937 de

349 954 536 995 Lumquhab
567 954 605 984 de
629 953 725 985 dietis
755 953 911 985 terminis.
965 954 1008 984 Et
1031 953 1070 985 de
1099 954 1132 994 vj
1164 954 1197 986 n’.
1227 955 1363 995 pecunie
1390 955 1403 995 j

347 1004 455 1036 celdra
471 1003 626 1034 frumenti
641 1003 662 1043 ij
681 1003 794 1034 celdris
810 1003 865 1044 viij
884 1003 979 1034 bellis
992 1003 1079 1034 ordei
1090 1013 1109 1034 x
1127 1003 1221 1034 bellis
1231 1013 1405 1035 avenarum

349 1054 389 1085 de
412 1053 511 1084 firmis
539 1053 577 1084 de
608 1053 788 1094 Estirrossy
810 1063 867 1093 per
896 1052 982 1083 idem
1005 1055 1140 1093 tempus.
1200 1053 1244 1084 Et
1268 1053 1305 1084 de
1328 1063 1350 1084 v
1372 1053 1404 1086 fi.

350 1104 381 1145 vj
399 1108 422 1135 ἔ.
439 1103 494 1144 viij
520 1103 549 1134 d.
567 1103 606 1134 de
629 1103 729 1134 firmis
754 1105 911 1133 terrarum
934 1101 1020 1133 Aule
1044 1102 1082 1133 de
1105 1102 1208 1144 Rossy
1231 1113 1288 1143 per
1317 1102 1405 1134 idem

349 1157 485 1194 tempus.
530 1153 573 1184 Et
589 1153 628 1184 de
651 1153 728 1193 xxvj
747 1156 769 1183 ἔ.
794 1152 849 1193 viij
868 1152 896 1183 d.
912 1152 924 1192 3
943 1151 1048 1182 celdra
1070 1162 1093 1182 x
1115 1152 1211 1183 bollis
1234 1152 1257 1193 ij
1282 1152 1405 1184 ferlotis

349 1214 424 1235 eum
450 1202 549 1234 tercia
571 1206 661 1243 parte
686 1202 799 1233 ferlote
823 1212 997 1233 avenarum
1012 1201 1051 1233 de
1075 1201 1174 1232 firmis
1190 1202 1229 1232 de
1252 1202 1407 1233 Neutoun

348 1253 389 1284 de
405 1252 596 1284 Balcaneoll.
643 1252 686 1283 Et
707 1262 729 1282 v
744 1251 776 1282 11.
792 1252 824 1292 vj
843 1255 867 1283 ἔ.
883 1251 939 1292 viij
964 1251 993 1283 d.
1011 1251 1050 1282 de
1066 1251 1166 1282 firmis
1189 1255 1345 1282 terrarum
1367 1251 1407 1283 de

350 1303 566 1344 Bannaehtyn
589 1313 646 1344 per
668 1303 754 1334 idem
769 1305 904 1343 tempus.
951 1303 993 1333 Et
1016 1302 1055 1333 (18
1071 1312 1116 1333 xx
1138 1302 1171 1334 n.
1187 1312 1244 1343 per
1267 1302 1406 1343 integras

351 1353 458 1384 firmas
488 1355 645 1383 terrarum
675 1352 714 1383 de
745 1352 901 1392 Petloehy
931 1351 1095 1382 Bordland
1125 1361 1199 1382 cum
1222 1351 1406 1383 molendino

350 1402 495 1442 ejusdem
518 1401 557 1432 de
575 1401 669 1432 dictis
692 1401 845 1432 herminis.
891 1401 933 1431 Et
957 1401 996 1431 de
1018 1400 1075 1441 xiij
1093 1400 1125 1431 11.
1142 1401 1173 1441 vj
1191 1405 1214 1431 ἔ.
1239 1401 1296 1442 viij
1314 1401 1343 1432 d.
1368 1401 1408 1433 de

351 1451 450 1481 firmis
473 1453 631 1481 terrarum
655 1450 693 1481 de
724 1449 870 1481 Urehard
895 1449 933 1480 de
957 1449 1078 1480 eisdem
1100 1449 1255 1480 terminis.
1301 1450 1344 1480 Et
1366 1450 1406 1481 de

349 1500 382 1540 vj
399 1500 431 1530 11.
448 1499 504 1540 xiij
523 1503 545 1530 ἒ.
563 1499 610 1539 1113
627 1499 659 1529 d.
677 1499 715 1530 de
731 1499 831 1529 firmis
847 1498 886 1529 de
902 1498 1059 1529 Westend
1075 1498 1114 1529 de
1131 1498 1344 1539 Stramyglow
1367 1499 1407 1531 de

334 1549 445 1579 *dictis
461 1547 607 1579 terminis
624 1558 697 1578 cum
707 1547 898 1578 molendino.
946 1547 989 1577 Et
999 1547 1038 1578 de
1055 1547 1109 1587 viij
1127 1546 1158 1578 1⁵1⁵.
1169 1558 1213 1578 xv
1225 1547 1254 1578 d.
1271 1548 1406 1589 pecunie

351 1599 372 1639 ij
387 1598 502 1630 celdris
517 1597 574 1638 viij
591 1597 685 1628 bollis
703 1597 789 1629 ordei
805 1607 826 1627 v
841 1596 955 1628 celdris
972 1607 1146 1628 avenarum
1162 1597 1202 1628 de
1217 1597 1406 1630 Estircaseh.

350 1649 393 1679 Et
408 1648 448 1679 de
463 1647 510 1688 iiij
527 1647 559 1677 11.
583 1647 622 1677 (18
638 1647 738 1678 firmis
754 1649 837 1678 terre
853 1646 892 1677 de
909 1646 1094 1687 Kilquhous
1104 1656 1160 1687 per
1175 1647 1260 1678 idem
1271 1649 1406 1688 tempus,

350 1697 393 1728 Et
409 1697 448 1728 de
464 1707 485 1727 x
501 1696 532 1727 fi.
550 1696 590 1727 de
605 1696 705 1727 firmis
721 1699 877 1727 terrarum
885 1695 926 1726 de
948 1695 979 1726 le
995 1695 1099 1736 Myris
1115 1696 1153 1727 de
1171 1696 1406 1737 Uchtirmukty

350 1757 407 1787 per
437 1746 523 1777 idem
554 1749 689 1786 tempus.
736 1745 868 1776 Summa
894 1744 991 1784 hujus
1034 1745 1140 1776 oneris
1171 1745 1327 1785 quarterii
1365 1745 1405 1776 de

353 1795 594 1836 Uchtirmukty,
604 1793 698 1835 j⁰xxv
710 1794 741 1825 fi.
753 1794 796 1835 vij
809 1798 831 1825 ἔ.
843 1794 875 1834 vj
889 1793 917 1824 d.
929 1794 976 1824 ob.
1017 1794 1148 1826 Summa
1158 1794 1313 1826 frumenti
1325 1794 1404 1826 dicti

349 1845 513 1886 quarterfi,
525 1845 556 1885 vj
571 1844 675 1876 eeldre
688 1844 720 1885 xj
735 1843 818 1875 bolle
828 1844 839 1884 3
855 1843 974 1874 ferlota.
1007 1843 1142 1874 Summa
1154 1843 1241 1875 ordei
1251 1844 1404 1884 ejusdem,

351 1895 419 1935 xiiij
444 1894 549 1925 eeldre
566 1905 587 1924 x
603 1893 694 1925 bolle.
741 1892 873 1924 Summa
883 1902 1058 1923 avenarum
1074 1892 1153 1923 dieti
1177 1893 1339 1933 quarterii,
1357 1893 1402 1934 vij
1447 1930 1454 1933 ψ

351 1945 456 1976 celdre
465 1944 511 1984 iiij
523 1943 606 1975 bolle
622 1943 644 1984 ij
663 1942 774 1974 ferlote
790 1952 864 1973 cum
879 1942 977 1973 tercia
992 1945 1082 1983 parte
1097 1942 1217 1974 ferlote.

395 1995 489 2030 Item,
515 1993 602 2024 idem
628 1995 739 2024 onerat
763 2002 797 2023 se
824 1991 862 2023 de
887 1991 921 2022 xl
946 1996 969 2023 ἔ.
996 1992 1036 2023 (18
1061 1992 1161 2023 firmis
1184 1995 1341 2023 terrarum
1364 1991 1404 2023 de

352 2044 512 2075 Oamroun
535 2042 569 2073 in
586 2041 747 2083 quarterio
763 2041 802 2072 de
821 2041 985 2072 Faueland
1007 2052 1029 2072 x
1050 2041 1145 2072 bollis
1169 2041 1255 2072 ordei
1267 2041 1280 2081 j
1298 2041 1404 2072 caldra

351 2093 398 2133 iiij
416 2093 510 2124 bouis
530 2101 703 2123 avenarum
726 2090 765 2122 de
789 2090 912 2121 duobus
935 2091 1082 2122 terminis
1105 2090 1253 2131 compoti.
1298 2090 1341 2121 Et
1365 2090 1402 2121 de
