1551 2462
391 265 431 293 82
702 262 867 294 ROTULI
891 262 1128 295 SCAOOARH
1349 265 1408 293 146
1415 265 1442 294 1.

390 355 513 387 ferlotis
536 355 557 396 ij
583 355 687 397 peccis
710 366 785 387 curn
808 356 905 388 tercia
927 359 1017 397 parte
1041 356 1152 387 ferlote
1175 355 1197 396 ij
1223 355 1317 387 bollis
1341 355 1443 387 farine

391 405 564 442 avenatioe,
583 405 622 436 de
638 405 732 437 dictis
749 406 842 437 terris
866 410 898 437 et
921 406 959 437 de
983 405 1095 437 eodem
1118 405 1263 437 termino.
1311 405 1442 436 Summa

390 453 487 495 hujus
525 454 629 486 oneris
659 458 755 496 patet.
813 455 945 486 Summa
982 454 1090 486 totalis
1128 455 1325 486 oneraoionis
1368 464 1442 485 cum

391 504 565 545 arreragiis,
588 504 699 543 lxiiij0r
722 504 826 536 celdre
849 504 882 545 iij
908 504 992 535 bolle
1008 504 1163 535 frumenti
1182 503 1210 545 j⁰
1224 504 1270 545 xij
1287 503 1392 535 celdre
1408 504 1443 534 ix

392 553 475 585 bolle
487 554 499 594 j
518 554 632 585 ferlota
649 554 734 585 ordei
750 554 852 595 lxxvij
870 554 974 585 celdre
990 554 1037 595 iiij
1051 554 1134 585 bolle
1150 554 1173 595 ij
1191 554 1304 585 ferlote
1316 558 1329 594 j
1346 564 1444 595 pecca

391 614 465 635 cum
482 604 579 635 tercia
588 607 679 645 parte
692 604 804 635 ferlote
815 614 990 635 avenarum
999 604 1045 644 iiij
1058 604 1143 635 bolle
1153 604 1254 635 farine
1269 603 1441 635 avenatice.

434 654 583 695 Expense
606 653 758 695 ejusdem.
805 654 846 685 In
869 654 991 694 primis,
1006 653 1142 684 allocate
1165 653 1365 694 compotanti
1387 663 1444 694 per

391 703 616 735 liberacionem
632 704 750 735 factam
766 703 941 744 pistoribus
957 704 1157 735 dominorum
1173 703 1254 744 regis
1278 707 1310 735 et
1325 703 1443 745 regine,

392 754 530 786 Patricio
568 754 679 795 Purdy
709 754 831 785 fatente
869 758 1041 795 receptum,
1072 757 1105 785 et
1140 753 1257 785 intrate
1286 753 1322 784 in
1352 753 1443 785 libn's

391 803 550 835 dietarum
573 804 614 834 ad
635 803 720 834 intra
743 807 776 834 et
799 807 889 835 extra
913 814 930 835 a
945 804 1048 844 primo
1066 803 1262 844 Septembris
1285 803 1362 834 anni
1384 806 1442 836 etc.

392 853 580 894 sexagesimi
604 863 705 893 usque
728 851 918 884 vicesimum
942 853 1019 884 dicti
1036 853 1155 884 mensis
1178 853 1255 884 anni
1278 857 1335 884 etc.
1353 863 1443 884 sexa-

390 903 504 944 gesimi
519 903 623 944 primi,
640 903 718 933 xxix
735 902 839 934 celdre
855 903 898 943 xij
917 902 1000 934 bolle
1013 904 1025 944 j
1046 902 1157 935 ferlota
1173 903 1335 940 frumenti,
1351 903 1443 944 cujus

391 962 516 983 summe
531 952 734 993 reperiuntur
748 952 867 984 intrate
882 953 916 983 in
932 953 1022 983 libris
1039 952 1206 990 dietarum,
1217 952 1332 994 viginti
1349 953 1443 993 quin-

390 1011 453 1041 que
477 1000 580 1032 celdre
604 1001 754 1032 undecim
776 1001 860 1032 bone
884 1011 957 1032 cum
981 1001 1101 1039 ferleto,
1117 1004 1150 1033 et
1172 1002 1218 1032 sic
1240 1002 1275 1032 in
1289 1001 1380 1032 libris
1403 1001 1443 1032 ad

390 1054 481 1081 extra
511 1059 574 1091 que
600 1060 665 1081 non
694 1050 907 1081 ostenduntur
936 1060 1032 1092 super
1060 1054 1243 1092 compotum
1273 1051 1349 1092 quia
1378 1061 1444 1082 non

389 1103 525 1140 possunt
548 1100 686 1141 reperiri,
702 1104 840 1141 quatuor
863 1100 968 1132 celdre
991 1111 1066 1131 cum
1094 1111 1158 1131 una
1180 1100 1266 1132 bolla
1292 1100 1444 1132 dicuntur

390 1149 517 1186 intrate,
547 1152 585 1180 ut
615 1152 706 1190 patet
737 1159 793 1190 per
824 1149 969 1181 cedulam
1000 1149 1150 1190 scriptam
1183 1159 1281 1180 manu
1312 1149 1444 1181 Roberti

391 1199 551 1240 Symsoun
574 1202 606 1230 et
636 1202 814 1230 extractam
845 1199 883 1230 de
907 1199 1001 1230 dictis
1025 1199 1123 1230 libris.
1181 1199 1224 1230 Et
1250 1199 1363 1236 eidem,
1386 1209 1443 1240 per

389 1248 615 1279 liberacionem
645 1249 763 1279 factam
794 1248 923 1279 domino
953 1249 1096 1279 Henrico
1126 1248 1165 1279 de
1196 1248 1372 1289 Kyngorne
1403 1248 1443 1280 ad

390 1308 546 1338 expensas
573 1300 731 1329 certorum
755 1298 997 1329 familiariorum
1021 1299 1148 1329 domine
1171 1299 1279 1339 regine
1301 1299 1335 1329 in
1358 1299 1443 1330 Rav-

390 1348 568 1388 ynniscrag,
592 1347 631 1379 de
661 1346 812 1378 mandato
843 1347 994 1387 ejusdem,
1026 1347 1111 1378 (licto
1142 1347 1271 1378 domino
1301 1347 1443 1379 Henrico

391 1397 512 1429 fatente
528 1400 693 1437 receptum
709 1407 804 1438 super
816 1400 1008 1437 compotum,
1024 1397 1081 1438 viij
1097 1396 1179 1428 bolle
1193 1397 1355 1428 frumenti.
1400 1398 1444 1428 Et

390 1446 503 1484 eidem,
514 1456 571 1487 per
580 1446 773 1486 superfluam
786 1447 1007 1477 oneracionem
1022 1447 1185 1478 firmarum
1195 1447 1271 1478 ville
1283 1447 1321 1478 de
1331 1447 1443 1482 Casch,

390 1507 430 1527 ex
445 1506 482 1527 eo
504 1496 590 1536 quod
613 1496 812 1527 frumentum
835 1495 920 1527 dicte
943 1495 1019 1527 ville
1036 1499 1252 1527 commutatur
1266 1496 1301 1527 in
1316 1506 1443 1534 avenas,

387 1546 524 1586 jceldra
555 1556 575 1575 v
606 1545 689 1576 bolle
717 1546 729 1586 j
756 1545 877 1576 ferlota.
923 1545 967 1576 Et
996 1545 1109 1583 eidem,
1131 1556 1188 1587 per
1217 1546 1443 1577 liberaeionem

389 1596 508 1627 factam
525 1595 617 1626 dictis
633 1594 805 1636 pistoribus
821 1595 949 1626 domine
968 1595 1084 1636 regine,
1099 1599 1132 1627 et
1154 1596 1272 1626 intrate
1295 1595 1329 1626 in
1351 1595 1442 1627 libris

389 1645 557 1682 dietarum,
571 1647 609 1675 ut
624 1648 713 1684 patet
728 1644 762 1675 in
775 1644 894 1676 eisdem
911 1645 949 1676 de
966 1652 1049 1676 anno
1064 1645 1212 1686 presenti,
1225 1645 1326 1686 xxviij
1338 1644 1443 1676 celdre

389 1693 432 1734 xij
451 1693 541 1725 bolle.
589 1694 631 1724 Et
653 1693 726 1724 date
743 1694 872 1724 domino
895 1694 1006 1725 comiti
1029 1694 1067 1725 de
1084 1694 1220 1730 Huntle,
1236 1694 1275 1725 de
1291 1694 1442 1725 mandato

388 1742 516 1773 domine
539 1739 646 1783 regine
677 1745 816 1783 tempore
840 1743 1045 1783 parliamenti
1069 1744 1150 1775 tenti
1179 1743 1214 1774 in
1245 1743 1387 1785 Stirling,
1418 1743 1440 1784 ij

388 1791 500 1823 celdre.
546 1792 678 1822 Summa
708 1791 804 1832 hujus
835 1803 973 1833 expense
1005 1793 1167 1830 frumenti,
1197 1793 1254 1833 lxij
1287 1793 1442 1833 celdreKV

388 1841 472 1872 bolle
488 1841 510 1882 ij
529 1841 647 1872 ferlote.
693 1841 735 1872 Et
751 1841 796 1872 sie
812 1845 933 1873 restant
945 1843 957 1883 j
976 1842 1081 1873 celdra
1104 1843 1161 1883 xiij
1181 1843 1264 1874 bolle
1282 1843 1301 1883 ij
1321 1842 1440 1874 ferlote.

389 1891 459 1929 Que
475 1901 601 1922 summa
613 1890 768 1922 auocatur
780 1892 976 1932 compotanti
988 1902 1044 1932 pro
1057 1892 1275 1923 destruccione
1288 1892 1441 1924 frumenti

388 1941 474 1972 facta
489 1941 522 1971 in
539 1938 662 1982 gra‘nali
673 1940 711 1972 de
722 1940 884 1971 Faucland
895 1951 951 1982 per
967 1942 1110 1982 spacium
1123 1941 1259 1973 duorum
1275 1952 1440 1973 annorum.

388 1991 431 2021 Et
445 1990 491 2021 sic
508 2000 597 2031 eque.

431 2041 578 2081 Expense
591 2040 684 2072 ordei.
730 2041 770 2071 In
781 2040 900 2081 primis,
911 2040 1044 2072 alloeate
1055 2040 1250 2081 compotanti
1259 2051 1316 2082 per
1326 2041 1440 2073 libera-
1496 2050 1499 2051 ⁷

388 2090 512 2121 cionem
528 2090 646 2121 factam
663 2090 890 2121 brasiatoribus
907 2090 1108 2121 dominorum
1132 2091 1213 2131 regis
1229 2095 1262 2122 et
1277 2091 1383 2132 regine
1399 2091 1440 2122 ad

387 2149 542 2180 expensas
566 2139 720 2171 domicilii
745 2139 918 2170 eorundem
935 2143 966 2171 et
981 2140 1099 2171 intrate
1116 2140 1150 2170 in
1166 2140 1256 2172 libris
1274 2140 1440 2176 domicilii,

387 2192 424 2219 ut
440 2191 529 2229 patet
545 2188 578 2220 in
595 2189 724 2226 eisdem,
734 2199 752 2220 a
767 2189 870 2230 primo
884 2190 1078 2230 Septembris
1089 2191 1167 2221 anni
1178 2194 1235 2222 etc.
1249 2190 1438 2232 sexagesimi
