1551 2462
0 875 43 1283 ψωεμῄνωψ

110 267 200 297 1469.
419 265 579 296 REGUM
603 264 849 296 SCOTORUM.
1091 267 1152 309 613

109 357 220 395 eidem,
235 368 290 398 per
303 357 521 389 vendicionem
532 358 667 388 duarum
681 357 857 388 celdrarum
870 360 902 388 et
914 360 983 388 octo
996 357 1151 388 bollarum
1168 363 1331 397 Respondebit

109 406 224 438 farrine
240 406 380 447 predicte
395 417 451 448 per
473 407 697 438 liberacionem
723 406 800 438 dicti
815 406 994 437 Alexandri
1018 406 1152 437 Stewart
1167 392 1360 450 ἶῇἰᾞξῗῖῐῗιζῒῗξ

108 455 193 488 dicto
208 455 382 493 rotulutori,
398 456 467 497 ipso
483 456 604 487 fatente
619 458 784 496 receptum
800 465 896 496 super
911 458 1098 496 computum
1115 455 1154 486 de
1168 451 1208 480 Vfij
1221 451 1244 474 ‘⁴‘-

108 505 222 546 viginti
243 506 366 543 marcis,
389 516 445 547 pro
461 506 577 546 quibus
600 505 812 546 respondebit,
828 505 850 545 ij
876 505 980 536 celdre
996 505 1051 545 viij
1071 505 1154 536 bolle

108 554 232 586 farrine.
278 555 410 586 Summa
434 565 655 596 expensarum,
685 554 754 585 xlix
786 554 890 585 celdre
921 555 964 595 vij
1004 554 1089 585 bolle
1119 555 1152 595 iij

108 603 217 635 ferlote
244 604 266 645 ij
293 615 394 645 pecce.
440 605 483 635 Et
509 605 554 635 sic
580 608 703 635 restant
730 602 757 644 j⁰
787 603 843 634 lxx
872 604 976 635 celdre
1003 614 1047 634 xv
1071 604 1155 635 bolle

110 653 224 685 farrine
239 654 403 685 avenatice
420 654 633 695 computando
647 654 749 684 sexies
766 653 880 695 viginti
897 664 953 694 pro
969 653 1154 685 centinario.

151 751 345 792 computum
368 752 490 784 domini
516 753 647 783 Roberti
670 752 773 789 Mure,
796 752 960 783 camerarii
975 751 1014 783 de
1031 751 1154 783 Strath-
1169 745 1362 777 Stl'flthffi'sse-

109 811 190 838 erne,
206 801 414 842 [Edinburqh,
429 803 472 833 31
490 802 572 842 July
587 803 682 840 1469,
690 802 776 841 from
796 802 815 832 7
827 801 907 842 July
921 801 1030 841 1468]

149 850 240 882 Idem
256 854 366 882 onerat
382 862 414 882 se
432 851 466 882 in
480 852 593 892 primis
610 852 649 883 de
666 850 746 892 iij⁰1v
762 851 794 881 Π.
811 852 843 891 xj
862 855 884 882 s.
902 861 924 881 v
940 851 968 882 d.
982 851 1026 892 xij
1043 851 1154 882 martis

106 900 131 941 ij
147 900 260 932 celdris
276 901 373 932 brasii
389 911 446 942 per
470 901 625 942 arreragia
649 901 758 931 ultimi
774 900 915 941 computi
937 901 996 937 sui,
1012 904 1048 931 ut
1065 903 1155 941 patet

107 950 141 981 in
155 950 236 991 pede
251 950 401 991 ejusdem.
447 951 505 982 De.
522 951 647 991 quibus,
671 954 746 981 sunt
769 949 807 981 de
823 950 987 991 arreragiis
1010 950 1156 991 magistri

106 999 224 1031 Thome
240 1000 279 1031 de
294 1000 440 1031 Moravia
457 1000 534 1031 olim
558 1000 722 1031 camerarii
746 999 784 1030 de
809 999 994 1031 Stratherne
1017 1000 1155 1031 ducente

105 1049 338 1091 quinquaginta
362 1050 443 1081 libre
470 1049 698 1090 septemdecim
729 1049 823 1080 solidi
850 1059 905 1080 sex
930 1049 1052 1080 denarii
1077 1049 1154 1080 duo-

106 1098 209 1130 decim
225 1103 325 1131 marte
340 1110 406 1130 una
421 1099 526 1131 celdra
543 1103 613 1130 octo
630 1099 714 1131 bolle
730 1099 833 1130 brasii.
880 1099 922 1129 Et
934 1099 973 1130 de
983 1099 1155 1140 grassumis

105 1148 276 1180 earundem
292 1152 446 1180 terrarum
462 1159 557 1190 super
573 1149 711 1180 eundem
728 1159 843 1180 novem
859 1148 948 1185 libre,
964 1159 1021 1189 pro
1037 1149 1154 1190 quibus
1168 1154 1334 1207 ξξῖῖῗέξεὺῑι

54 1214 57 1217 ⁴
106 1198 316 1238 respondebit.
362 1198 494 1229 Summa
509 1198 658 1239 arreragii
674 1201 770 1239 patet
807 1205 810 1207 ’
1170 1214 1275 1243 Murray.

149 1247 242 1285 Item,
268 1247 352 1278 idem
380 1250 490 1278 onerat
513 1258 547 1279 se
572 1247 610 1279 de
635 1246 797 1288 iijclxxxvj
830 1246 861 1278 fi.
887 1247 919 1287 iij
948 1251 971 1278 s.
995 1247 1042 1288 iiij
1068 1247 1097 1278 d.
1122 1248 1154 1288 xj

45 1320 50 1322 ἡ
107 1297 217 1327 martis
242 1297 298 1337 viij
328 1297 421 1328 bellis
448 1297 543 1328 brasii
569 1307 626 1338 per
656 1297 794 1338 integras
820 1297 926 1327 firmas
957 1296 1091 1328 dominii
1118 1297 1156 1328 de

85 1347 87 1350 ⁴
109 1344 293 1377 Stratherne
310 1346 348 1377 de
364 1356 448 1376 anno
471 1346 621 1386 computi,
638 1349 732 1386 prout
754 1346 979 1386 exprimuntur
1001 1346 1036 1376 in
1051 1346 1156 1377 rotulo

83 1395 184 1426 ·anni
214 1396 404 1437 sexagesimi
434 1395 570 1436 septimi.
633 1395 764 1426 Summa
794 1395 891 1434 hujus
922 1396 1026 1426 oneris
1057 1399 1154 1436 patet.

109 1444 240 1476 Summa
257 1445 366 1476 totalis
381 1445 576 1476 oneracionis
593 1455 666 1475 cnm
682 1444 855 1485 arreragiis,
871 1443 975 1485 vij⁰xlj
994 1444 1026 1475 fi.
1045 1445 1114 1485 xiiij
1132 1449 1154 1476 s.

108 1492 142 1524 ix
159 1493 187 1525 d.
205 1494 283 1535 xxiij
303 1497 405 1526 marte
421 1495 443 1535 ij
461 1494 564 1526 celdre
580 1494 636 1535 viij
654 1494 738 1525 bolle
754 1494 858 1525 brasii.

153 1543 300 1584 Expense
325 1544 476 1585 ejusdem.
522 1544 562 1574 In
585 1544 706 1584 primis,
732 1543 866 1574 allocate
894 1543 1094 1584 computanti
1118 1543 1156 1575 de

111 1591 209 1624 firmis
239 1596 395 1624 terrarum
427 1593 465 1624 de
501 1593 674 1630 Kinkellis‚
705 1593 861 1624 concessis
901 1603 955 1633 per
991 1593 1157 1624 dominum

110 1652 213 1683 regem
230 1642 252 1673 J
254 1642 375 1674 ohanni
391 1643 505 1683 Strang
521 1642 561 1673 ad
576 1643 676 1673 vitam
693 1643 727 1673 in
744 1642 835 1673 feodo
846 1653 911 1679 suo,
924 1643 963 1673 de
976 1652 1059 1673 anno
1072 1653 1155 1673 com-

110 1692 189 1732 puti,
212 1692 301 1732 xxxij
318 1691 350 1722 h'.
396 1693 438 1723 Et
461 1692 580 1723 Thome
605 1692 777 1729 Wardlaw,
800 1692 972 1729 citheriste,
995 1692 1033 1722 de
1057 1692 1157 1723 firmis

109 1744 265 1772 terrarum
297 1742 335 1773 de
367 1742 519 1783 Brigiand
549 1742 610 1773 sibi
641 1742 718 1773 alias
749 1751 805 1782 per
842 1741 951 1772 literas
983 1742 1064 1782 regis
1095 1743 1156 1772 sub

111 1800 224 1832 magno
241 1791 345 1832 sigillo
369 1791 534 1828 concessis,
557 1791 596 1822 de
611 1801 694 1822 anno
718 1790 859 1830 computi
883 1794 915 1821 et
938 1791 997 1821 sub
1013 1790 1156 1831 periculo

111 1840 336 1881 computantis,
348 1840 395 1881 hij
408 1845 430 1872 s.
447 1841 494 1881 iiij
511 1840 539 1871 d.
585 1841 628 1871 Et
640 1840 750 1877 eidem,
766 1850 822 1880 per
831 1840 1026 1871 solucionem
1040 1839 1156 1872 factam

12 1899 13 1902 ’
54 1916 57 1917 ⁷
110 1888 237 1921 domine
267 1890 406 1921 Matilde
436 1890 604 1930 Lindesay‚
634 1889 826 1931 percipienti
864 1900 902 1920 ex
941 1889 1046 1930 gracia
1074 1889 1157 1930 regis

3 1948 15 1962 g
53 1947 55 1950 .

3 1973 38 1982 ,η-

0 2036 17 2043 *v
35 2035 49 2041 -.

14 2098 27 2108 n

0 2214 38 2238 ,Γῦ

14 2240 31 2251 ›-

111 1940 276 1971 annuatim
299 1940 415 1980 viginti
439 1940 536 1971 libras
559 1939 598 1970 de
621 1940 720 1970 firmis
744 1939 821 1970 dicti
845 1939 987 1975 dominii,
1009 1938 1048 1970 de
1073 1949 1156 1970 anno
1171 1964 1235 1987 Nota
1246 1964 1343 1987 manda-

69 1995 76 2002 ·
110 1988 253 2029 computi
275 1992 308 2020 et
329 1989 389 2020 sub
408 1989 547 2030 periculo
564 1989 788 2029 computantis,
804 1999 847 2019 xx
872 1988 913 2024 nl,
929 1992 962 2019 et
983 1989 1157 2029 precipitur
1170 1996 1230 2017 tum.

111 2039 310 2078 computanti
336 2039 422 2080 quod
445 2038 582 2079 amplius
610 2048 674 2069 non
698 2037 801 2076 sQIvat
824 2037 886 2068 sibi
909 2047 1013 2078 neque
1037 2038 1157 2070 Thome

110 2085 271 2119 Wardlaw
288 2088 407 2129 absque
423 2098 505 2119 novo
529 2087 686 2118 mandato.
732 2087 774 2118 Et
796 2087 908 2124 eidem,
930 2096 987 2127 per
1009 2087 1156 2118 deciden-

112 2136 192 2168 ciam
218 2137 383 2168 firmarum
411 2138 449 2169 de
474 2137 561 2168 Estir
588 2137 709 2177 Douny
731 2146 805 2167 cum
829 2136 945 2177 quibus
969 2139 1158 2177 computans

112 2190 260 2218 oneratur
274 2187 308 2218 in
324 2198 449 2219 summa
472 2186 668 2218 oneracionis
691 2185 840 2227 predicta,
856 2196 895 2217 ex
918 2196 954 2217 eo
971 2186 1057 2227 quod
1073 2186 1157 2218 dicte
