1551 2462
158 267 248 297 1464.
467 263 630 296 REGUM
653 263 903 295 SCOTORUM.
1151 266 1212 294 265

159 358 252 391 Catil.
301 357 343 389 Et
360 357 400 389 (18
423 357 469 398 iiij
487 357 518 388 Ti.
533 357 546 398 j
571 357 676 388 celdra
699 357 745 398 iiij
763 356 857 388 bollis
881 356 962 387 ordii
984 356 1006 397 ij
1026 356 1139 388 celdris
1157 356 1213 397 viij

165 408 261 448 bonis
277 418 450 439 avenarum
467 407 505 439 de
521 407 621 438 firmis
640 410 798 438 termium
822 407 860 437 de
883 407 1128 438 Drumtennate.
1174 406 1217 436 Et

167 458 206 489 de
230 457 285 498 viij
310 457 341 488 fi.
363 458 375 498 j
401 457 507 488 celdra
529 467 551 487 v
573 456 668 488 bollis
688 457 700 497 j
726 456 840 487 ferlo‘ca
861 456 1042 497 frumentij
1067 456 1172 487 celdra
1196 466 1217 485 x

166 507 262 539 bollis
275 507 287 548 j
307 506 421 538 ferlota
437 506 517 537 ordii
533 506 566 547 iij
591 506 705 537 eeldris
728 516 749 537 v
766 506 859 537 bollis
882 506 916 546 iij
934 505 1058 536 ferlotis
1073 505 1094 546 ij
1113 505 1217 546 peoois

167 566 340 588 avenarum
371 556 411 587 de
441 556 540 587 firmis
570 559 727 587 terrarum
764 555 803 587 de
833 555 1060 596 Fruyohquhy.
1105 555 1148 586 Et
1178 554 1217 585 de

166 606 214 647 liij
232 610 254 637 ἔ.
271 606 318 647 iiij
335 605 365 637 d.
378 606 391 646 j
409 605 514 637 celdra
530 616 551 636 x
567 605 660 636 bonis
676 606 697 646 ij
717 605 837 637 ferlotis
854 615 929 636 cum
938 605 1062 636 duabus
1071 604 1217 645 partibus

167 655 280 687 ferlote
311 655 391 687 ordii
422 655 461 686 de
492 655 590 686 firmis
620 655 798 686 molendini
828 655 970 696 ejusdem
1002 654 1042 685 de
1071 654 1218 685 terminis

168 704 318 746 computi.
364 705 407 735 Et
436 704 475 735 de
500 705 556 745 viij
584 704 615 735 fi.
643 705 665 745 ij
694 704 808 736 celdris
835 705 891 746 viij
917 704 1011 735 bolh's
1036 704 1117 735 ordii
1141 707 1173 734 et
1198 714 1218 734 v

169 755 282 786 eeldris
299 764 471 786 avenarum
488 754 527 785 de
543 754 643 786 firmis
660 754 699 786 de
722 754 902 786 Newtoune
926 755 965 786 de
981 753 1163 786 Fauolande
1179 753 1218 784 de

144 814 149 815 ⁷
165 804 284 836 eisdem
300 804 452 836 terminis.
498 804 541 835 Et
557 804 595 835 de
612 815 633 834 x
648 804 680 835 fi.
697 804 736 835 de
759 804 859 835 firmis
880 804 956 835 ville
980 804 1018 835 de
1035 802 1218 834 Fauolande

168 854 208 885 de
230 854 366 885 termino
389 852 487 895 hujus
510 854 660 894 computi.
706 854 748 884 Et
772 854 811 885 de
834 854 878 895 xij
907 858 929 885 ἓ.
954 854 985 894 vj
1010 853 1039 884 (1.
1057 854 1095 885 (18
1119 853 1218 885 firmis

167 904 264 935 unius
295 903 418 935 fabrilis
448 904 488 934 de
518 903 701 935 Fauolande
731 904 770 935 de
801 904 886 935 dioto
917 904 1060 934 termino.
1106 901 1150 934 Et
1179 902 1218 934 de

164 953 232 995 xxij
258 957 281 985 ἓ.
308 957 445 995 quatuor
471 953 671 984 brasinarum
696 953 772 984 ville
796 953 835 984 de
861 953 1043 985 Fauolande
1070 953 1109 984 de
1132 951 1217 984 diem

161 1003 307 1034 termino.
353 1002 396 1033 Εἴ,
412 1002 450 1034 (18
467 1010 534 1033 xxv
550 1007 572 1034 ἓ.
586 1002 625 1033 (18
642 1003 741 1034 firmis
765 1003 962 1044 cotagiorum
978 1002 1122 1043 ejusdem
1138 999 1216 1033 ville

161 1053 201 1083 de
217 1052 400 1083 Fauolande
419 1062 475 1093 per
497 1055 624 1093 tempus
648 1052 798 1093 computi.
845 1053 888 1083 Ee
911 1049 950 1083 de
966 1052 1001 1083 xl
1016 1056 1039 1083 ἓ.
1057 1052 1095 1083 (18
1112 1052 1216 1083 firmis

159 1101 339 1133 molendini
349 1102 388 1133 de
399 1100 582 1133 Fauclande
593 1101 632 1133 de
642 1100 727 1133 dicto
737 1101 882 1139 termino,
889 1102 944 1133 sed
953 1112 1040 1133 nuno
1051 1102 1216 1133 assedatur

161 1201 201 1232 de
217 1200 317 1232 firmis
334 1200 373 1231 de
390 1200 506 1232 Balbla
523 1201 562 1232 (18
575 1201 685 1232 eodem
698 1201 843 1232 termino.
889 1201 932 1232 Et
944 1198 983 1232 de
996 1201 1085 1242 xxxij
1104 1199 1219 1232 celdris
1285 1217 1288 1220 ⁴

162 1251 338 1282 carbonum
354 1250 393 1282 de
413 1250 510 1281 firmis
527 1250 566 1282 de
582 1251 762 1282 Newtoune
786 1251 824 1282 de
840 1249 1039 1282 Markinohe.
1086 1251 1219 1282 Summa

162 1299 260 1341 hujus
287 1300 391 1331 oneris
420 1300 455 1330 in
476 1298 613 1341 pecunia
635 1300 788 1340 quarterii
811 1300 850 1331 de
874 1300 1065 1338 Fauohmde,
1088 1300 1158 1341 lxiij
1185 1300 1218 1332 11

162 1350 208 1391 iiij
227 1354 249 1382 ἔ.
266 1349 301 1391 iij
320 1350 348 1381 d.
397 1350 530 1381 Summa
552 1349 707 1381 frumenti
729 1350 872 1390 ejusdem
895 1348 1055 1391 quarterii,
1075 1351 1088 1391 j
1112 1350 1220 1382 coldra

163 1410 185 1431 v
215 1399 300 1431 bolle
327 1400 340 1440 j
369 1399 491 1431 ferlota.
540 1399 673 1430 Summa
703 1399 785 1430 ordii
815 1399 959 1441 ejusdem
984 1400 1145 1441 quarterii,
1173 1400 1217 1440 xij

165 1450 270 1481 oeldre
286 1449 321 1490 iij
339 1448 423 1480 bolle
439 1459 513 1480 cum
528 1449 605 1480 bina
619 1452 709 1490 parte
731 1449 850 1486 ferlote.
898 1450 1030 1481 Summa
1046 1458 1220 1481 avenarum

165 1499 245 1531 dicti
273 1499 436 1540 quarterii,
461 1499 516 1540 xxj
539 1498 643 1530 oeldre
669 1498 693 1540 ij
717 1498 838 1531 ferlote.
885 1499 1019 1531 Summa
1042 1500 1219 1531 carbonum

164 1552 262 1591 patet.

208 1599 302 1636 Item,
317 1598 402 1630 idem
419 1600 528 1629 onerat
544 1608 577 1629 se
593 1597 632 1629 de
648 1599 725 1639 xxvj
742 1602 765 1630 ἓ.
783 1598 839 1639 viij
857 1598 885 1629 d.
900 1599 912 1639 j
927 1599 1033 1630 coldra
1049 1609 1070 1630 x
1085 1598 1179 1631 bollis
1196 1599 1219 1639 ij

166 1648 289 1680 ferlotis
305 1648 327 1689 ij
353 1649 457 1689 peceis
481 1658 655 1679 avenarum
678 1648 717 1679 de
743 1648 844 1680 firmis
867 1651 1026 1680 terrarum
1049 1649 1088 1680 de
1109 1649 1220 1690 Mary-

165 1702 279 1730 stoune
295 1698 329 1729 in
340 1697 500 1739 quarterio
510 1697 549 1729 de
565 1697 649 1729 Edin
665 1697 704 1729 de
714 1699 851 1730 termino
872 1698 1099 1730 Penthecostes
1116 1699 1221 1740 quoad

166 1748 335 1789 pecuniam
360 1750 394 1779 eb
419 1747 529 1779 Sancti
554 1747 691 1778 Marbini
717 1748 823 1788 quoad
848 1759 953 1789 grana.
999 1746 1043 1780 Et
1074 1748 1113 1780 de
1138 1749 1169 1789 vj
1197 1753 1220 1780 ἔ.

166 1797 222 1839 viij
245 1797 275 1829 d.
300 1797 338 1828 (18
362 1797 462 1828 firmis
478 1797 518 1828 de
543 1796 748 1828 Murisfeilde
771 1797 811 1828 de
833 1797 917 1829 dieto
934 1798 1077 1830 termino.
1124 1799 1166 1829 Et
1182 1798 1221 1829 de

168 1847 223 1888 viij
244 1847 276 1878 fi.
301 1847 341 1878 de
359 1847 460 1878 firmis
484 1847 523 1878 (18
547 1847 750 1888 Ramorgony
766 1850 798 1878 et
820 1847 994 1879 Lawfeilde
1020 1848 1058 1879 de
1083 1848 1222 1879 termino

167 1897 317 1938 computi.
362 1897 406 1928 Et
422 1897 461 1928 de
477 1906 498 1927 x
514 1896 545 1927 fi.
562 1907 606 1927 xv
629 1900 651 1928 ἔ.
666 1896 679 1937 j
704 1896 810 1927 celdra
826 1897 895 1937 xiiij
912 1897 1008 1928 bollis
1025 1897 1180 1928 frumenti
1196 1897 1219 1937 ij

167 1946 281 1978 celdris
307 1956 328 1978 v
354 1945 450 1978 bellis
476 1946 498 1986 ij
528 1945 651 1977 ferlotis
679 1945 760 1977 ordii
791 1946 830 1977 de
851 1946 950 1977 firmis
987 1949 1144 1978 terrarum
1182 1946 1221 1977 de

168 1995 356 2028 Rothufitte.
404 1996 448 2026 Et
463 1995 502 2026 (18
517 1995 564 2036 liij
583 1999 604 2026 ἓ.
616 1995 662 2036 iiij
680 1995 709 2026 d.
727 1995 765 2026 de
781 1995 882 2026 firmis
891 1995 1069 2027 molendini
1078 1996 1221 2036 ejusdem

170 2045 209 2077 de
225 2046 309 2077 dicto
324 2045 468 2077 termino.
515 2045 558 2076 Et
568 2045 606 2076 de
622 2055 643 2075 v
659 2044 690 2076 fi.
707 2055 764 2085 per
774 2045 912 2085 integras
929 2045 1035 2076 firmas
1045 2045 1222 2076 molendini

169 2094 329 2126 fullonum
354 2098 387 2126 et
408 2094 515 2126 warde
538 2094 578 2126 de
601 2094 708 2135 Oupro
732 2094 770 2125 de
793 2094 904 2125 eodem
927 2094 1071 2125 termino.
1117 2095 1159 2125 Et
1182 2095 1222 2126 de

170 2143 217 2185 iiij
233 2143 266 2176 fi.
282 2154 338 2185 per
353 2144 494 2185 integras
518 2143 628 2175 firmas
644 2147 800 2175 terrarum
817 2143 856 2174 de
872 2144 1051 2184 Feryfeilde
1068 2147 1099 2175 et
1114 2144 1221 2175 Bond-

174 2193 270 2226 {eilde
292 2204 350 2235 per
373 2193 458 2225 idem
482 2196 618 2234 tempus.
663 2193 706 2224 Et
722 2193 761 2224 de
776 2204 797 2224 x
820 2193 852 2224 11,
881 2193 902 2233 ij
917 2193 1031 2225 celdris
1055 2193 1110 2235 viij
1128 2194 1223 2225 bouis
