1551 2462
0 2320 5 2324 ·
0 2201 22 2291 χνκᾎ.
6 2190 11 2194 ·
0 2172 15 2183 a
0 2138 17 2164 :w
0 2083 13 2131 x
0 2052 17 2074 ..ι
0 2023 21 2042 ,τι

80 223 170 252 1463.
390 219 553 251 REGUM
578 218 826 250 SCOTORUM.
1072 221 1131 249 189

82 311 103 345 {r
118 313 151 345 fi.
196 313 239 344 Et
254 313 366 350 eidem,
376 323 433 354 per
448 311 644 344 solucionem
660 311 778 342 factam
794 311 924 342 domino
939 311 1079 343 Henrico
1096 311 1135 342 de

83 363 258 405 Kingorne,
275 362 448 394 senescallo
465 362 592 393 domine
608 361 724 403 regine,
741 361 781 392 ad
804 371 959 402 expensas
983 361 1135 402 ejusdem,

83 413 152 454 ipso
163 413 283 444 fatente
292 416 457 454 receptum
466 422 560 453 super
570 415 763 452 compotum,
770 414 802 442 et
812 421 868 452 pro
879 411 996 452 quibus
1006 421 1136 451 respon-

84 513 123 544 de
147 512 298 544 Balfoure
321 512 361 543 ad
383 515 469 543 tecas
492 511 620 543 domine
642 511 759 552 regine,
775 513 812 541 ut
834 513 924 551 patet
946 521 1004 551 per
1026 510 1135 541 literas

85 563 229 604 ejusdem
255 573 313 594 sua
335 562 478 593 manuali
501 561 738 602 subscripcione
770 561 965 601 subscriptas
993 563 1135 591 ostensas

86 663 198 700 eidem,
213 673 270 704 pro
286 662 421 703 cariagio
434 662 596 703 tignorum
612 664 644 692 et
660 661 795 692 aliorum
811 660 979 701 lignorum,
995 670 1136 691 unacum

86 712 182 743 naulo
198 712 293 743 unius
316 711 434 743 batelle
456 721 530 742 cum
546 711 640 742 dictis
663 710 760 752 lignis
777 710 816 741 ad
836 703 1082 751 Ravynniscrag,
1100 712 1137 740 ut

85 765 175 803 patet
184 772 240 803 per
252 761 370 792 librum
381 761 593 801 compotantis
604 760 824 792 examinatum
837 770 932 801 super
944 763 1137 800 compotum,

85 822 128 843 xv
153 816 176 843 s.
233 812 276 842 Et
298 810 541 852 quatuordecim
564 810 771 841 servitoribus
802 810 930 842 domine
956 810 1073 851 regine,
1097 810 1137 841 de

86 861 237 892 mandato
253 861 405 902 ejusdem,
420 871 477 901 pro
494 860 567 891 feno
590 870 746 901 equorum
769 870 899 891 suorum
919 860 954 890 in
969 860 1029 891 hoc
1045 870 1138 896 anno,

88 920 224 952 quorum
247 910 385 951 quilibet
407 910 447 941 de
470 910 621 941 undecim
643 909 780 950 percipit
803 910 946 950 quinque
970 909 1087 941 solidos
1103 910 1138 940 in

89 971 181 998 anno,
197 963 229 991 et
245 959 382 1001 quilibet
405 959 540 990 aliorum
563 959 663 990 trium
686 959 797 991 decem
812 959 939 996 solidos,
955 970 1028 990 cum
1045 960 1139 1000 quin-

88 1009 191 1041 decim
217 1009 326 1040 solidis
349 1009 466 1040 debitis
490 1009 529 1039 de
553 1019 636 1039 anno
659 1009 822 1049 preterito,
838 1020 860 1040 v
882 1009 914 1040 li.
959 1010 1003 1040 Et
1026 1009 1139 1046 eidem,

88 1069 145 1099 per
160 1058 355 1089 solucionem
367 1053 484 1089 factam
499 1068 556 1098 pro
567 1058 690 1089 duobus
703 1059 859 1090 archoniis
873 1059 939 1089 feni
951 1059 1067 1099 emptis
1083 1068 1141 1099 per

89 1108 225 1140 eundem
241 1117 297 1148 pro
313 1107 403 1147 equis
426 1107 553 1138 domine
576 1107 683 1148 regine
707 1111 739 1138 et
760 1108 940 1149 expenditis
963 1108 998 1139 in
1014 1108 1141 1139 stabulo

90 1157 241 1198 ejusdem,
257 1166 323 1187 non
344 1156 472 1187 intratis
497 1156 532 1187 in
555 1156 645 1187 libris
670 1156 836 1194 dictarum,
858 1158 1033 1189 senescallo
1057 1158 1141 1189 Kin-

90 1217 188 1248 gorne
212 1209 352 1237 testante
374 1208 538 1246 receptum
563 1216 658 1247 super
684 1209 875 1247 compotum,
892 1207 925 1247 iij
944 1207 976 1238 fi.
993 1218 1014 1238 x
1029 1211 1053 1239 ἓ.
1098 1208 1142 1238 Et

91 1256 204 1293 eidem,
219 1265 277 1296 pro
290 1255 438 1296 expensis
454 1255 548 1286 factis
563 1265 620 1295 per
637 1255 816 1287 Walterum
832 1256 904 1297 Dog
919 1257 954 1287 in
976 1260 1078 1288 castro
1101 1257 1141 1288 de

90 1306 207 1336 Doune
223 1315 318 1346 super
334 1305 428 1336 certis
444 1304 650 1335 servitoribus
666 1304 794 1336 domine
804 1306 912 1346 regine
928 1306 1141 1338 existentibus

90 1355 124 1386 in
141 1355 226 1386 dicto
242 1357 353 1392 castro,
369 1365 425 1395 pro
441 1354 586 1385 custodia
602 1354 744 1394 ejusdem
767 1364 786 1385 a
802 1354 883 1386 festo
903 1355 1024 1387 Pasche
1040 1366 1142 1397 usque

91 1408 242 1446 quartum
264 1404 349 1435 diem
376 1404 470 1435 Junii
496 1403 610 1434 ultimo
635 1403 787 1444 elapsum,
815 1404 854 1435 de
882 1405 1033 1436 mandato
1058 1406 1142 1437 dicte

92 1453 219 1484 domine
244 1453 360 1494 regine,
387 1453 560 1484 senescallo
587 1453 754 1494 Kingorne
780 1456 920 1485 testante
945 1455 1143 1493 mandatum,

92 1513 136 1533 xv
157 1502 189 1534 Η.
206 1502 250 1543 xij
275 1506 297 1533 Ξ.
315 1502 371 1542 viij
396 1502 426 1534 d.
471 1502 514 1533 Et
537 1502 650 1539 eidem,
674 1513 732 1543 pro
756 1513 821 1533 uno
848 1514 929 1544 equo
956 1507 1063 1545 empto
1087 1515 1144 1546 per

92 1555 328 1593 compotantem
353 1552 392 1582 ab
414 1551 544 1583 Andrea
569 1552 720 1583 Balfoure
736 1555 768 1583 et
789 1552 922 1584 liberato
939 1554 1088 1595 magistro
1105 1555 1144 1586 de

93 1601 260 1639 Boltoune,
288 1601 433 1642 Anglico,
460 1601 499 1632 de
526 1602 677 1632 mandato
708 1602 837 1633 domine
867 1604 983 1644 regine„
1013 1604 1145 1635 custode

93 1651 212 1692 privati
232 1649 331 1692 sigilli
357 1653 496 1682 testante
523 1651 713 1682 mandatum
737 1662 832 1692 super
857 1656 1049 1694 compotum,
1069 1664 1091 1685 v
1111 1654 1143 1686 li.

93 1701 136 1732 Et
159 1701 270 1738 eidem,
291 1711 347 1741 pro
364 1700 604 1732 construccione
627 1704 660 1732 et
683 1702 844 1733 ereccione
865 1703 1032 1743 cujusdam
1054 1707 1145 1744 porte

93 1751 128 1782 in
158 1754 260 1782 castro
298 1750 337 1781 de
378 1750 551 1791 Striveling
590 1750 626 1781 in
664 1750 737 1782 alba
772 1755 869 1789 turre,
899 1752 1050 1784 videlicet
1087 1764 1145 1794 pro

94 1799 263 1841 stipendiis
301 1799 485 1830 latimorum
529 1803 562 1831 et
603 1810 712 1831 eorum
757 1801 978 1839 servieneium,
1019 1812 1145 1833 necnon

94 1849 230 1890 cariagio
256 1849 411 1889 lapidum,
437 1848 558 1886 zabule,
586 1849 690 1886 calcis,
716 1852 749 1880 et
779 1850 915 1881 aliorum
947 1851 1144 1882 diversorum

95 1899 313 1940 spectancium
329 1898 580 1929 necessariorum
596 1898 636 1929 ad
652 1899 770 1930 dictam
786 1903 920 1940 portam,
934 1903 970 1930 ut
985 1903 1073 1941 patet
1088 1910 1146 1941 per

95 1949 214 1980 librum
229 1948 442 1989 compotantis
457 1948 693 1988 particulariter
714 1949 934 1980 examinatum
950 1960 1046 1990 super
1061 1960 1146 1981 com-

96 2002 218 2039 potum,
233 1998 280 2038 iiij
297 1997 328 2028 fi.
344 1998 378 2038 iij
396 1997 425 2028 d.
471 1998 514 2028 Et
530 2007 586 2038 pro
603 1998 704 2029 tribus
721 1998 835 2029 celdris
847 1998 942 2029 calcis
958 1999 1074 2039 emptis
1090 2010 1147 2040 per

97 2050 333 2088 compotantem
349 2047 389 2078 ad
409 2047 645 2088 reparacionem
669 2047 752 2078 dicte
775 2051 874 2088 porte,
892 2058 936 2078 xv
958 2052 980 2078 s.
1026 2049 1069 2079 Et
1089 2059 1146 2089 pro

97 2097 191 2127 certis
207 2096 356 2136 expensis
371 2098 403 2127 et
419 2096 591 2127 denariatis
609 2097 725 2137 emptis
743 2107 800 2138 per
815 2097 952 2128 eunden]
968 2097 1096 2129 intratis
1112 2098 1147 2129 in

97 2145 194 2177 libras
217 2145 376 2177 dictarum
403 2155 506 2186 usque
531 2145 566 2176 in
592 2145 678 2178 diem
704 2146 801 2186 hujus
826 2146 974 2187 compoti,
998 2147 1147 2179 videlicet

84 463 181 499 debit,
197 463 232 493 xl
247 463 278 493 Π.
325 463 368 493 Et
391 462 504 499 eidem,
519 472 576 502 per
599 461 797 492 solucionem
819 460 939 492 factam
955 460 1135 501 Mergarete
1150 437 1313 496 ffizggpltllgmt

1150 556 1315 585 Respondebit
1333 585 1342 607 1

85 622 180 653 super
209 615 402 653 compotum,
429 611 492 652 j⁰1x
521 611 554 643 li.
584 621 641 652 pro
673 610 791 651 quibus
821 610 1032 651 respondebit.
1093 610 1136 640 Et
1149 587 1283 639 ffiffigareta
1297 586 1332 608 Ba
