1551 2462
146 212 235 241 1464.
455 209 617 241 REGUM
641 208 888 241 SCOTORUM.
1134 212 1194 241 233

143 303 255 341 eidem,
271 313 328 344 per
347 303 540 344 superfluam
561 303 782 334 oneracionem
797 306 955 334 terrarum
972 302 1010 334 de
1027 302 1198 343 Glenlyon,

144 363 181 384 eo
197 353 282 394 quod
306 352 389 384 dicte
412 356 495 384 terre
518 355 646 384 tantum
670 353 858 384 assedentur
880 362 937 393 pro
963 352 1198 393 quinquaginta

144 403 260 434 marcis
282 403 317 434 in
340 413 432 441 anno,
454 406 549 444 prout
571 405 661 444 patet
683 403 718 433 iu
734 402 852 434 rentali
874 402 913 432 de
938 411 1022 432 anno
1045 401 1198 442 computi,

144 453 179 493 iij
196 452 228 484 fi.
245 453 302 493 xiij
320 456 343 484 S.
355 452 402 493 iiij
414 452 443 484 d.
488 453 531 483 Et
547 453 659 490 eidem,
675 452 714 484 de
727 452 827 483 firmis
843 455 1002 483 terrarum
1015 451 1143 482 baronie
1160 451 1198 482 de

144 502 323 533 Rannauch
339 512 413 533 cum
428 502 545 543 quibus
562 506 752 543 computans
769 501 916 542 superius
933 504 1090 537 oneratur,
1107 511 1146 532 ex
1162 511 1199 532 00

145 551 231 592 quod
246 551 280 582 10
296 551 409 582 rotulis
425 552 669 593 precedentibus
684 551 887 592 reperiuntur
901 551 1039 583 assedari
1056 551 1078 582 J
1081 551 1199 582 ohanni

146 601 281 632 Stewart
302 611 359 642 pro
390 601 498 633 decem
528 601 642 633 mareis
673 602 708 632 in
738 611 830 639 anno,
861 601 900 632 de
930 601 1075 632 terminis
1102 601 1199 641 hujus

145 650 295 691 computi,
308 651 340 691 xj
357 650 390 683 ri.
406 651 462 692 xiij
488 655 511 683 ἓ.
527 651 574 692 iiij
599 651 628 682 d.
674 652 717 682 Et
740 651 852 688 eidem,
874 661 931 692 pro
954 651 1064 682 decem
1087 651 1198 681 martis

144 700 238 732 dictis
268 701 457 732 stukmartis
487 701 622 732 dominii
652 701 692 732 de
729 701 895 742 Descheyr
917 704 949 732 et
978 701 1119 742 Tweyer,
1142 711 1198 741 pro

144 760 280 791 quarum
296 750 440 791 qualibet
455 750 612 782 3110031111·
626 750 803 782 husbandis
819 750 959 782 dimidea
982 760 1095 788 marca,
1111 750 1145 791 iij
1162 750 1193 781 fi.
1211 743 1413 802 ᾒῇὶέἳιξξξξξῖο

144 799 176 840 vj
200 803 223 831 ἔ.
247 799 303 840 viij
328 799 368 837 d.‚
398 810 454 840 pro
485 800 601 841 quibus
633 798 744 831 martis
767 800 972 841 respondebit
998 802 1194 841 computans.
1212 803 1330 828 xmartis-

144 849 187 880 Et
202 849 314 887 eidem,
324 849 363 880 de
379 849 479 880 firmis
495 852 652 880 terrarum
664 850 703 881 de
715 850 813 881 Inver
829 860 902 881 cum
915 849 1098 881 molendino
1114 850 1198 890 ejus-

144 898 226 936 dem,
238 909 458 930 concessarum
470 907 526 939 per
538 898 705 929 dominum
721 909 826 940 regem
842 899 893 939 pie
908 898 1056 930 memorie
1081 898 1197 929 ultimo

145 948 333 979 defunctum
343 948 489 989 episcopo
505 948 730 980 Dunkeldensi
745 949 780 979 10
796 948 998 980 excambium
1015 959 1088 979 cum
1105 948 1197 979 terris

145 997 185 1028 de
201 997 358 1034 Ballerno,
381 997 420 1028 de
443 1007 526 1028 3000
553 997 705 1038 0001111111,
731 997 765 1028 xl
781 1002 804 1029 ἔ.
850 998 893 1028 Et
916 1007 973 1038 per
1001 997 1198 1028 solucionem

145 1045 264 1077 factam
301 1056 387 1076 maro
419 1045 458 1076 de
495 1046 649 1077 Descheir
686 1049 719 1077 et
754 1047 885 1087 Teweyr
922 1057 979 1087 pro
1017 1047 1109 1077 feodo
1141 1057 1198 1078 suo

146 1096 184 1126 de
200 1105 283 1126 anno
299 1095 450 1136 computi,
465 1095 500 1126 xl
515 1100 538 1127 ἓ.
584 1096 627 1127 Et
642 1106 730 1127 maro
757 1096 796 1128 de
813 1096 984 1138 Glenlyon,
1006 1096 1199 1137 percipienti

145 1145 313 1176 annuatim
329 1145 408 1176 duas
424 1154 545 1176 marcas
560 1155 617 1186 pro
633 1145 726 1177 feodo
741 1154 798 1177 suo
814 1145 853 1178 de
869 1145 954 1177 dicto
970 1156 1063 1184 anno,
1078 1146 1155 1187 xxvj
1173 1150 1198 1191 ἓ,

144 1197 201 1237 viij
213 1196 242 1228 d.
274 1197 316 1227 Et
327 1207 414 1228 maro
427 1197 466 1228 de
477 1197 716 1235 Strathbraune,
722 1208 778 1238 pro
789 1197 881 1229 feodo
891 1207 948 1228 suo
959 1197 998 1229 de
1009 1198 1094 1229 (11010
1105 1208 1198 1242 anno,

145 1248 180 1279 xl
189 1253 212 1279 ἒ.
243 1249 378 1279 Etmaro
385 1248 423 1280 de
429 1248 722 1290 Α11111003ᾰ1111,1110
730 1249 819 1280 feodo
830 1259 888 1280 suo
894 1249 933 1280 de
940 1249 1035 1281 dictis
1042 1250 1198 1285 terminis,

145 1298 179 1329 xl
198 1302 221 1329 s.
252 1298 295 1328 Et
317 1298 430 1335 eidem,
452 1308 509 1339 per
519 1298 714 1330 solucionem
737 1299 857 1330 factam
880 1299 966 1330 dioto
990 1300 1197 1337 thesaurario,

144 1348 214 1388 ipso
237 1348 358 1379 fatente
373 1351 538 1388 recept-,um
562 1358 657 1389 super
673 1353 867 1390 compotum,
882 1349 917 1379 xl
940 1353 973 1387 s„
989 1359 1046 1390 pro
1070 1342 1377 1395 (111111113ἒξ1ῗξ1ζξᾱξξ3

144 1397 354 1438 respondebit.
400 1397 443 1428 Et
458 1397 571 1435 eidem,
592 1408 648 1438 pro
671 1398 765 1429 firma
787 1398 955 1429 domorum
978 1398 1149 1430 lardinarie
1166 1402 1198 1430 et
1212 1390 1339 1424 samarifis.

143 1445 281 1486 granulis
297 1456 333 1477 30
355 1456 411 1486 pro
428 1447 618 1478 carbonibus
643 1448 868 1479 conservandis
891 1448 926 1478 10
941 1447 1020 1479 villa
1043 1448 1083 1479 de
1100 1449 1198 1480 Perth

142 1505 198 1535 per
213 1505 334 1526 annum
349 1495 502 1535 elapsum,
518 1496 552 1536 iij
570 1495 602 1528 fi.
620 1496 650 1536 vj
668 1500 691 1528 ἔ.
708 1496 765 1537 viij
782 1496 811 1527 d.
857 1497 900 1528 Et
917 1497 1029 1534 eidem,
1047 1497 1085 1529 de
1097 1498 1197 1530 firmis

141 1548 298 1576 terrarum
321 1545 359 1576 de
382 1545 577 1577 Dalmernoc
603 1555 678 1577 cum
694 1546 811 1587 quibus
833 1549 1023 1587 computans
1051 1548 1198 1589 superius

142 1597 300 1631 oneratur,
342 1604 565 1626 concessarum
608 1596 755 1636 episcopo
806 1596 1029 1628 Dunkeldensi
1067 1597 1102 1628 in
1144 1608 1197 1629 cx-

142 1644 304 1675 cambium
319 1654 375 1685 pro
391 1644 484 1676 1011111
501 1644 540 1676 (10
559 1644 719 1682 BallernO,
736 1655 792 1686 pro
809 1645 927 1686 quibus
943 1649 1080 1687 occupat
1096 1646 1197 1678 dietas

142 1696 241 1724 terras
272 1697 304 1725 et
334 1696 435 1724 terras
466 1693 506 1725 de
538 1694 636 1725 Inver
667 1704 740 1725 cum
770 1694 956 1726 molendino
981 1696 1134 1736 ejusdem,
1158 1697 1198 1727 de

140 1743 268 1774 duobus
284 1743 375 1774 annis
390 1743 488 1784 hujus
506 1744 661 1784 computi,
672 1744 703 1784 vj
721 1743 753 1775 11'.
769 1744 826 1785 xiij
845 1748 868 1775 ἒ.
885 1744 931 1785 iiij
950 1744 978 1775 d.
1025 1746 1067 1776 Et
1083 1746 1197 1782 eidem,

144 1793 183 1824 de
206 1793 305 1824 firmis
328 1796 486 1824 terrarum
509 1793 548 1824 de
572 1793 720 1836 Erntuly,
743 1796 971 1835 occupatarum
994 1805 1051 1835 per
1073 1795 1198 1826 dictum

144 1842 327 1883 episcopum
354 1843 630 1880 Dunkeldensem,
657 1847 851 1875 asserentem
882 1854 914 1874 se
939 1843 1055 1875 habere
1083 1855 1136 1876 eas
1162 1845 1197 1876 in

144 1892 345 1923 excambium
361 1903 418 1934 per
433 1892 597 1924 dominam
620 1893 763 1933 reginam
786 1893 838 1933 pie
861 1893 1012 1924 memorie
1032 1904 1088 1934 pro
1104 1894 1197 1925 terris

144 1942 365 1973 ecclesiasticis
382 1942 421 1973 de
437 1942 633 1983 Abyroorne,
649 1943 869 1983 spectantibus
892 1943 977 1974 (11010
1001 1944 1148 1985 episeopo
1165 1948 1198 1976 et

145 1993 305 2033 occupatis
321 1992 355 2023 in
371 1993 503 2033 grangia
519 1993 558 2024 de
582 1992 767 2029 Abircorne,
783 1991 822 2024 de
845 1992 940 2023 dictis
956 1992 1079 2024 duobus
1096 1994 1197 2031 annis,

144 2042 221 2082 xxvj
245 2041 277 2073 111
303 2042 359 2082 xiij
386 2046 409 2074 s.
432 2042 478 2082 iiij
504 2042 534 2073 d.
579 2043 622 2073 Et
645 2042 758 2080 eidem,
781 2052 837 2084 per
859 2041 1054 2073 solucionem
1078 2042 1198 2074 factam

145 2091 294 2132 magistro
316 2091 426 2122 David
442 2091 576 2129 Guthre,
592 2090 800 2128 thesaurario,
816 2091 855 2122 ad
872 2101 1027 2132 expensas
1043 2091 1194 2124 domicilii

145 2140 268 2172 domini
283 2140 375 2182 regis,
397 2141 431 2171 in
455 2141 549 2186 certis
573 2141 684 2172 martis
700 2140 882 2182 expenditis
905 2141 940 2172 in
963 2141 1197 2174 Sanctoandrea
