1551 2462
189 1808 255 1832 Nota
266 1809 363 1833 manda·

190 1840 251 1862 tum.

414 247 473 276 126
725 242 891 279 ROTULI
914 244 1152 280 SCACGARII
1377 251 1468 282 1462.

412 338 470 369 uni
500 336 664 380 capellano
694 339 868 371 celebranti
890 340 925 371 in
948 340 1082 372 ecclesia
1113 340 1224 372 Sancti
1255 338 1398 373 Duthaci
1427 342 1468 374 de

410 388 532 430 Thayn,
548 399 587 420 ex
600 389 792 421 fundacione
808 390 930 421 domini
945 390 1059 422 Jacobi
1070 390 1203 422 secundi
1217 391 1300 422 bone
1316 391 1467 423 memorie

410 437 492 479 regis
520 437 694 476 Scotorum,
723 439 914 480 percipienti
941 440 1110 470 annuatim
1141 440 1251 471 decem
1277 449 1400 472 marcas
1427 441 1467 472 de

410 488 510 519 firmis
526 490 610 519 terre
630 488 670 519 de
692 488 869 520 Dunskath
892 499 967 520 cum
995 489 1139 531 passagio
1167 490 1206 521 de
1233 489 1404 531 Cumbaty,
1428 490 1467 522 de

409 537 504 568 dictis
520 537 622 569 tribus
638 538 792 576 terminis,
808 549 829 569 x
845 538 877 570 n.
923 539 965 569 Et
981 537 1145 580 capellano
1155 538 1277 581 capelle
1289 539 1328 571 de
1344 540 1468 578 Avach,

409 587 599 628 percipienti
615 588 783 618 annuatim
798 588 838 619 de
853 587 953 619 firmis
969 588 1048 620 dicti
1064 588 1198 620 dominii
1214 589 1357 630 quinque
1368 589 1467 621 libras

409 637 444 668 in
460 647 552 674 anno,
569 636 608 668 de
624 637 718 668 dictis
734 637 837 669 tribus
852 637 1008 675 terminis,
1026 638 1068 679 vij
1086 638 1118 669 fi.
1142 649 1164 669 x
1179 642 1203 670 s.
1248 639 1291 670 Et
1313 639 1411 680 priori
1427 639 1466 671 de

411 686 502 718 Bello
514 686 606 724 Loco,
618 686 656 717 de
673 697 779 718 annuo
791 686 919 718 redditu
932 687 993 719 sibi
1005 687 1112 719 debito
1129 691 1161 719 et
1176 698 1241 719 una
1252 688 1335 720 libra
1345 688 1466 730 piperis

408 736 448 767 de
464 736 556 767 terris
572 736 611 767 de
628 736 759 767 Avache
775 739 807 767 et
824 736 1009 774 Eddirdule,
1027 737 1065 768 de
1081 737 1176 769 dictis
1192 737 1295 769 tribus
1310 738 1467 776 terminis,

408 786 440 826 vj
457 785 489 817 H.
506 795 528 816 v
542 789 565 817 s.
611 785 653 816 Et
676 785 842 826 capellano
865 786 957 817 beate
979 786 1123 828 Virginis
1147 787 1232 828 apud
1252 787 1411 829 Invernys
1427 788 1466 819 de

407 835 529 873 Veridi,
544 835 735 877 percipienti
751 836 919 867 annuatim
930 839 1068 877 quatuor
1080 846 1201 868 marcas
1214 837 1253 868 de
1270 837 1411 868 dominio
1427 837 1467 869 de

408 886 628 923 Strathnarne,
658 885 796 927 demptis
835 886 959 917 duabus
997 886 1104 918 terciis
1142 886 1258 918 solutis
1294 896 1352 928 per
1385 886 1465 918 duas

408 936 586 967 comitissas
610 935 809 973 Craufurdie,
835 935 874 967 de
902 936 1004 967 tribus
1028 936 1174 967 terminis
1197 935 1294 977 hujus
1317 936 1466 977 compoti,

408 996 497 1016 xxxv
524 990 546 1017 s.
572 986 616 1026 vij
644 985 674 1016 d.
698 985 746 1017 ob.
792 985 835 1016 Et
857 984 970 1023 eidem,
994 985 1032 1016 de
1047 983 1220 1016 medietate
1242 988 1399 1017 terrarum
1423 985 1463 1017 de

407 1035 562 1066 Bonnoch
578 1038 610 1066 et
633 1034 910 1075 Bonnochquhare
933 1044 1082 1065 concessa
1103 1044 1160 1075 per
1175 1034 1342 1065 dominum
1357 1044 1464 1076 regem

408 1084 660 1116 bone'memorie
683 1084 800 1115 Jonete
825 1084 969 1121 Stewart,
992 1087 1029 1115 ut
1052 1087 1141 1125 patet
1163 1084 1198 1115 in
1221 1084 1334 1116 rotulis
1357 1094 1464 1125 prece-

407 1134 568 1172 dentibus,
592 1134 630 1165 de
653 1134 747 1165 dictis
770 1134 873 1165 tribus
896 1134 1051 1171 terminis,
1067 1144 1112 1165 xv
1133 1133 1167 1166 fi.
1212 1134 1255 1165 Et
1277 1134 1390 1172 eidem,
1406 1144 1463 1175 per

409 1183 605 1215 solucionem
643 1183 762 1214 factam
803 1184 948 1224 granario
987 1184 1025 1215 de
1063 1183 1191 1224 Kynlos
1229 1193 1286 1224 pro
1318 1184 1464 1216 custodia

407 1233 563 1264 frumenti
593 1236 626 1264 et
648 1233 745 1264 brasii
772 1233 894 1264 domini
917 1234 999 1275 regis
1027 1234 1062 1265 in
1089 1234 1174 1265 dicto
1205 1234 1397 1265 monasterio
1424 1234 1463 1266 de

407 1282 503 1314 dictis
526 1283 680 1320 terminis,
702 1283 737 1324 iij
755 1283 786 1314 li.
832 1283 875 1314 Et
897 1284 1044 1315 servitori
1067 1283 1234 1324 recipienti
1256 1287 1289 1315 et
1312 1285 1463 1325 purganti

407 1332 530 1363 dictum
546 1332 745 1363 frumentum
760 1336 793 1364 et
808 1333 950 1364 brasium
972 1333 1006 1363 in
1023 1333 1109 1364 dicto
1127 1333 1271 1373 granario
1287 1333 1326 1364 de
1341 1333 1463 1365 eisdem

406 1382 561 1418 terminis,
577 1391 621 1411 xv
636 1385 658 1412 s.
704 1382 747 1411 Et
770 1391 857 1412 maro
874 1382 912 1412 de
929 1381 1043 1423 Elgyn,
1059 1392 1116 1422 pro
1133 1382 1224 1413 feodo
1240 1392 1297 1413 suo
1313 1381 1351 1413 de
1367 1383 1462 1415 dictis

407 1431 509 1462 tribus
524 1430 679 1467 terminis,
694 1430 728 1470 iij
745 1430 777 1461 ri.
824 1431 866 1461 Et
882 1441 968 1462 maro
992 1431 1031 1462 de
1047 1431 1151 1469 Fores,
1167 1441 1224 1472 pro
1240 1431 1332 1463 feodo
1348 1441 1406 1464 suo
1421 1433 1462 1465 de

408 1480 528 1512 eisdem
546 1480 701 1516 terminis,
724 1480 759 1510 xl
781 1483 804 1511 s.
850 1480 893 1511 Et
916 1480 1029 1518 eidem,
1044 1491 1101 1522 per
1123 1481 1318 1512 solucionem
1341 1481 1460 1514 factam

406 1530 571 1571 capeliano
594 1529 715 1570 capelle
739 1529 830 1560 beate
853 1530 956 1561 Marie
978 1530 1120 1572 Virginis
1135 1531 1170 1561 in
1185 1533 1295 1562 monte
1310 1531 1405 1562 castri
1421 1531 1461 1563 de

405 1580 511 1621 Elgyn
548 1589 605 1620 pro
642 1579 845 1619 reparacione
889 1579 1041 1620 ejusdem,
1079 1590 1119 1611 ex
1163 1580 1364 1611 concessione
1409 1580 1463 1622 pie

404 1629 556 1661 memorie
569 1629 691 1660 domini
706 1629 796 1670 regis,
811 1631 848 1659 ut
863 1632 953 1670 patet
968 1629 1003 1660 iu
1019 1629 1132 1660 rotulis
1144 1629 1388 1670 precedentibus
1403 1640 1461 1671 pro
1513 1623 1519 1662 ἶ

405 1679 512 1721 spacio
539 1682 609 1710 octo
634 1688 799 1715 annorum,
826 1681 864 1709 ut
890 1679 1002 1710 asserit
1025 1682 1219 1720 compotans,
1242 1682 1275 1710 et
1290 1689 1461 1711 numerum
1512 1696 1523 1701 --

405 1737 562 1760 annorum
579 1728 635 1769 qui
650 1728 815 1759 fluxerunt
830 1727 963 1769 ignorat,
987 1729 1025 1760 de
1041 1728 1187 1760 terminis
1203 1729 1351 1769 compoti,
1366 1729 1401 1770 iij
1417 1729 1461 1767 n,

405 1783 438 1811 et
467 1778 638 1809 mandatur
668 1778 866 1818 compotanti
896 1778 981 1819 quod
1005 1778 1142 1819 amplius
1171 1788 1237 1809 non
1267 1778 1371 1810 solvat
1396 1778 1460 1810 nisi

404 1828 554 1861 ostendat
563 1827 671 1859 literas
683 1827 735 1858 vel
748 1838 868 1858 novum
884 1827 1078 1859 mandatum.
1125 1828 1168 1858 Et
1177 1827 1291 1865 eidem,
1303 1835 1360 1868 per
1374 1827 1460 1859 solu-

406 1877 764 1910 cionemfactamDavid
775 1877 910 1914 Wricht,
918 1877 1078 1918 fabro,pro
1085 1877 1177 1909 feodo
1187 1877 1298 1914 suo‚de
1307 1877 1459 1909 mandato
1506 1912 1512 1916 ,

406 1927 529 1960 domini
543 1927 634 1968 regis,
650 1929 687 1957 ut
701 1929 791 1968 patet
806 1936 862 1967 per
878 1926 969 1958 binas
985 1926 1094 1958 literas
1104 1927 1164 1958 sub
1179 1927 1303 1967 signeto
1315 1930 1458 1958 ostensas

405 1988 501 2019 super
517 1980 709 2018 compotum,
719 1975 757 2007 de
773 1974 909 2007 termino
921 1976 1030 2007 Sancti
1047 1976 1184 2007 Martini
1195 1976 1280 2007 infra
1295 1975 1355 2007 hoc
1371 1986 1457 2007 com·
1472 2013 1475 2016 Ι

405 2031 518 2069 potum
544 2030 577 2058 et
602 2029 739 2067 quatuor
765 2025 880 2056 marcis
906 2026 940 2055 in
967 2028 1091 2066 partem
1117 2025 1289 2057 solucionis
1314 2025 1458 2066 ejusdem

404 2077 490 2108 feodi
505 2076 545 2107 de
560 2075 696 2107 termino
712 2074 939 2106 Penthecostes
955 2075 988 2105 in
1005 2085 1088 2106 anno
1099 2075 1294 2116 sexagesimo
1305 2078 1337 2106 et
1349 2075 1458 2106 decem

404 2126 519 2157 marcis
546 2126 584 2156 de
611 2124 747 2156 termino
786 2123 1012 2155 Penthecostes
1050 2124 1126 2155 anni
1164 2124 1458 2170 sexagesimiprimss

404 2175 490 2207 dicto
517 2175 625 2207 David
654 2184 712 2216 per
734 2183 807 2206 suas
829 2173 938 2205 literas
961 2174 1124 2216 quitancie
1149 2174 1269 2206 fatente
1293 2178 1456 2216 receptum
