1551 2462
144 2047 308 2077 Respondebit

143 2078 243 2111 Guthre,
256 2077 307 2099 the-

141 2113 269 2130 samarius.

351 272 368 300 2
375 271 413 300 92
665 269 830 301 ROTULI
855 269 1090 302 SCAOOARH
1312 272 1326 300 1
1333 271 1404 300 464.

350 362 385 393 ix
401 367 425 394 s.
441 362 702 404 provenientibus
719 362 757 394 de
773 373 852 395 cona
868 363 1076 394 tricentarum
1100 363 1284 404 octuaginta
1307 363 1401 404 quin-

351 422 414 452 que
429 412 583 444 librarum
599 416 631 444 et
649 413 892 453 quatuordecim
914 413 1083 444 unciarum
1106 413 1228 454 argenti
1251 413 1401 444 fabricati

351 461 386 492 in
415 462 530 503 grossis
560 463 729 494 duodecim
751 462 952 494 denariorum
977 467 1009 493 et
1035 473 1091 494 sex
1116 462 1319 494 denariorum
1344 473 1400 504 per

351 511 437 542 idem
446 515 583 553 tempus,
595 512 748 553 capiendo
761 512 827 553 regi
839 512 877 543 de
890 512 1034 553 qualibet
1045 513 1140 543 uncia
1153 512 1232 543 duos
1247 512 1401 545 denarios.

350 560 394 592 Et
418 561 457 592 de
481 562 513 602 vj
537 561 568 592 fi.
591 562 622 602 vj
650 566 671 593 s.
697 561 745 593 ob.
775 562 1038 602 provenientibus
1061 562 1100 593 de
1123 572 1202 593 cona
1225 562 1400 604 nonaginta

351 613 489 651 quatuor
518 611 673 642 librarum
703 614 773 642 octo
803 611 972 642 unciarum
999 621 1073 642 cum
1102 610 1242 643 dimedia
1279 613 1402 653 argenti

351 660 497 692 fabricati
524 661 559 691 in
585 660 718 691 minutis
742 660 880 691 denariis
904 664 936 691 et
959 660 1059 692 obolis
1082 671 1138 701 per
1160 661 1245 692 idem
1268 664 1404 702 tempus,

353 710 506 751 capiendo
522 711 561 741 de
577 710 720 751 qualibet
737 711 831 741 uncia
846 710 912 751 regi
926 721 1028 741 unum
1052 710 1224 742 denarium.
1271 711 1404 743 Summa

352 761 461 792 totalis
478 761 683 798 oneracionis,
699 760 778 801 lxvij
795 760 827 792 fi.
844 761 878 791 ix
894 765 916 791 Ξ.
933 760 964 801 vj
982 760 1010 791 d.
1029 760 1076 791 οῖ).

397 811 544 851 Expense
560 810 712 851 ejusdem.
758 810 798 841 In
821 810 942 850 primis,
965 809 1099 841 allocate
1123 811 1323 851 computanti
1346 821 1402 851 pro

353 870 433 891 cona
447 861 580 901 triginta
596 863 733 901 quatuor
755 859 909 890 librarum
931 862 1067 900 quatuor
1089 859 1257 890 unciarum
1280 860 1403 901 argenti

354 910 501 941 fabricati
515 911 551 941 in
565 910 680 951 grossis
697 909 824 940 domine
840 909 948 950 regine
964 909 1016 949 pie
1031 909 1183 940 memorie
1206 909 1245 940 de
1268 910 1404 950 propriis

353 960 497 1000 ejusdem
517 964 555 990 ut
577 962 667 1000 patet
689 959 723 989 in
746 958 828 989 libro
851 958 1067 998 computantis
1091 968 1186 999 super
1208 962 1404 999 computum,

353 1058 396 1089 Et
411 1069 469 1099 per
492 1058 688 1089 solucionem
712 1057 831 1088 factam
854 1056 1018 1089 Willelmo
1043 1055 1238 1098 Goldsmyth
1261 1067 1317 1098 pro
1341 1068 1405 1089 uno

353 1107 530 1138 columbari
550 1110 698 1148 argenteo
715 1107 754 1138 de
770 1106 905 1138 liberata
921 1106 1043 1137 domini
1058 1107 1140 1147 regis
1156 1107 1231 1138 dato
1249 1107 1405 1139 Dederico

354 1157 501 1194 Grutare,
524 1157 563 1188 de
589 1156 741 1189 mandato
765 1156 848 1197 regis
878 1156 1055 1187 literatorie
1084 1156 1144 1187 sub
1175 1157 1298 1198 signeto
1321 1157 1404 1198 ejus-

354 1206 428 1237 dem
454 1209 580 1238 ostenso
611 1216 706 1247 super
733 1209 928 1247 computum,
965 1205 1036 1236 xlix
1066 1210 1089 1237 s.
1135 1206 1177 1237 Et
1207 1206 1320 1244 eidem,
1350 1217 1407 1247 per

354 1255 550 1287 solucionem
574 1255 693 1287 factam
715 1255 801 1286 dicto
823 1255 988 1288 WiHelmo
1014 1254 1209 1296 Goldsmyth
1232 1266 1288 1296 pro
1312 1257 1406 1287 certis

353 1306 498 1347 pecuniis
525 1305 654 1338 domino
684 1306 751 1347 regi
780 1305 832 1346 pie
862 1305 1013 1336 memorie
1043 1308 1155 1337 mutuo
1186 1305 1343 1337 concessis
1374 1309 1407 1337 et

354 1356 515 1396 stipendio
553 1366 610 1386 suo
641 1355 724 1387 circa
759 1355 913 1386 fabricam
951 1357 1110 1386 certarum
1139 1364 1246 1385 rerum
1283 1355 1407 1395 argenti

354 1410 498 1446 tempore
515 1406 672 1437 exercitus
695 1415 806 1436 versus
829 1404 1013 1445 Roxburgh,
1028 1407 1123 1445 prout
1139 1406 1228 1444 patet
1247 1404 1283 1434 in
1305 1404 1406 1435 literis

355 1455 478 1485 domini
494 1455 573 1496 regis
590 1455 734 1486 moderni
750 1455 788 1486 de
805 1458 952 1495 precepto
967 1454 1102 1485 ostensis
1114 1464 1210 1495 super
1219 1458 1406 1495 computum

356 1505 415 1535 sub
439 1504 580 1545 periculo
605 1504 830 1544 computantis,
855 1504 924 1544 xiiij
942 1503 973 1534 fi.
992 1504 1023 1544 xj
1043 1508 1065 1534 s.
1083 1503 1117 1544 iij
1135 1503 1163 1534 d.
1211 1504 1253 1534 Et
1276 1514 1406 1544 compu-

355 1554 447 1590 tanti‚
462 1564 518 1595 per
542 1554 738 1585 solucionem
762 1553 879 1584 factam
903 1552 1006 1583 eidem
1029 1552 1195 1583 Willelmo
1225 1563 1282 1593 pro
1313 1553 1406 1584 feodo

355 1614 413 1634 suo
426 1603 464 1634 de
477 1603 613 1635 termino
631 1602 739 1634 Sancti
752 1602 888 1634 Martini
900 1603 978 1633 anni
990 1602 1186 1643 sexagesimi,
1199 1601 1238 1633 de
1254 1602 1406 1633 mandato

356 1653 478 1684 domini
493 1652 574 1694 regis
586 1652 760 1683 literatorio
772 1652 832 1683 sub
842 1652 964 1693 signeto
975 1655 1101 1682 ostenso
1113 1661 1207 1692 super
1218 1654 1406 1692 computum

357 1706 389 1734 et
405 1703 464 1734 sub
480 1703 590 1734 eodem
605 1701 757 1743 periculo,
771 1711 792 1731 v
807 1701 840 1732 Π.
884 1701 927 1731 Et
942 1700 1046 1732 eidem
1062 1700 1228 1732 Willelmo
1239 1711 1297 1741 pro
1313 1701 1405 1732 feodo

356 1762 415 1783 suo
441 1752 481 1783 de
506 1752 657 1783 mandato
687 1751 815 1782 domine
841 1750 948 1792 regine
973 1750 1055 1781 bone
1079 1750 1230 1782 memorie
1255 1750 1294 1781 de
1322 1760 1406 1782 anno

357 1801 552 1842 sexagesimo
568 1801 679 1842 primo,
695 1804 732 1831 ut
748 1803 836 1841 patet
851 1810 908 1841 per
922 1799 1031 1831 literas
1047 1809 1121 1831 suas
1138 1800 1197 1830 sub
1220 1799 1325 1841 sigillo
1348 1810 1406 1832 suo

357 1851 396 1882 de
421 1854 568 1892 precepto
589 1853 622 1881 et
646 1850 724 1881 dicti
748 1849 907 1881 Willelmi
931 1848 970 1880 de
994 1852 1122 1890 recepto
1146 1852 1288 1880 ostensas
1311 1860 1407 1891 super

357 1903 553 1941 computum,
573 1910 594 1930 x
609 1899 640 1930 H.
688 1898 729 1929 Et
750 1898 861 1934 eidem,
882 1908 939 1938 per
962 1897 1158 1931 solucionem
1183 1898 1301 1929 factam
1321 1898 1407 1929 dicto

357 1949 523 1980 Willelmo
550 1947 744 1989 Goldsmyth
765 1957 821 1988 pro
842 1947 934 1978 feodo
955 1957 1012 1978 suo
1038 1946 1076 1978 de
1100 1947 1245 1978 terminis
1268 1947 1406 1979 Penthe-

359 2002 460 2030 costes
477 2002 509 2029 et
525 1998 634 2029 Sancti
649 1997 785 2029 Martini
800 1997 833 2027 in
850 2006 941 2037 yeme
961 1997 1037 2028 anni
1061 1997 1251 2038 sexagesimi
1267 1997 1407 2035 secundi,

362 2052 398 2079 ut
414 2051 503 2089 patet
518 2058 574 2089 per
589 2048 698 2079 literas
715 2046 842 2077 domine
857 2046 964 2087 regine
980 2046 1039 2077 sub
1055 2046 1178 2087 signeto
1194 2049 1226 2077 et
1247 2047 1407 2088 subscrip-

360 2098 450 2129 cione
466 2097 609 2128 manuali
630 2097 668 2128 de
685 2099 833 2137 precepto
849 2099 991 2126 ostensas
1008 2105 1103 2136 super
1126 2099 1321 2136 computum,
1338 2106 1359 2126 x
1374 2095 1406 2127 Π.

359 2148 418 2189 [Το
451 2147 628 2184 Treasuror,
656 2147 732 2178 ³310
762 2147 826 2177 188.
873 2145 961 2183 Sum,
987 2146 1065 2177 ³957
1094 2146 1136 2176 93.
1169 2145 1218 2177 712.
1263 2145 1407 2183 Balanea,

359 2197 412 2230 26⁰9
427 2197 491 2228 19s.
508 2195 619 2238 Ilm]
