1551 2462
385 240 399 267 1
407 239 423 267 6
701 236 867 268 ROTULI
891 235 1128 267 SCACCARH
1345 238 1404 266 146
1411 238 1437 268 0.

426 330 520 367 Item,
543 329 628 360 idem
652 333 763 361 onerat
785 340 819 361 se
842 329 882 361 de
905 329 949 370 xij
969 329 1001 360 fi.
1026 329 1082 370 viij
1100 333 1123 360 ἔ.
1147 329 1194 369 iiij
1212 328 1251 366 (1,,
1274 329 1313 360 (18
1336 328 1436 360 firmis

381 380 511 412 baronie
527 380 566 411 de
583 379 673 411 Keth
693 380 732 411 de
755 380 892 411 termino
917 380 1026 411 Sancti
1049 379 1185 411 Martini
1207 379 1358 420 predicto,
1372 389 1436 420 que

381 433 464 461 terre
480 433 556 461 sunt
577 429 616 461 de
639 430 833 470 proprietate
857 430 980 461 domini
1003 430 1144 471 episcopi
1167 429 1380 461 Moraviensis
1403 432 1436 461 et

381 480 526 512 existunt
555 480 590 511 in
620 480 768 512 manibus
802 481 884 522 regis
922 491 961 512 ex
992 481 1193 512 concessione
1230 479 1435 521 parliamenti
1499 480 1502 482 ’

380 533 524 571 tempore
554 530 733 562 vacacionis
764 531 849 562 dicte
880 531 973 568 sedis,
1007 530 1172 561 residuum
1200 540 1313 561 verum
1350 530 1435 561 dicte

380 580 519 618 baronie,
534 580 686 612 videlicet
703 581 819 621 viginti
832 583 989 611 marcatas
1005 584 1095 617 terre,
1118 583 1252 621 occupat
1268 590 1372 611 comes
1395 580 1434 611 de

380 630 535 667 Huntlee,
558 630 636 661 licet
666 630 829 671 quondam
861 631 1028 671 episcopus
1052 629 1265 661 Moraviensis
1288 630 1372 661 dixit
1401 640 1436 661 se

379 681 550 722 spoliatum
582 680 710 713 eisdem„
756 681 798 711 Et
825 680 863 712 de
887 680 1001 720 xxxiiij
1019 679 1050 711 11.
1075 679 1129 720 xvj
1155 679 1193 717 (1.,
1216 690 1273 720 per
1294 680 1435 721 integras

379 730 487 761 firmas
503 730 632 761 baronie
650 730 689 761 de
705 730 828 761 Roffart
844 730 882 761 de
899 730 993 761 dictis
1016 730 1210 770 proprietate
1233 733 1266 760 et
1287 729 1432 761 termino.

379 780 422 811 Et
445 780 484 811 de
507 780 586 820 xxxj
610 779 642 810 fi.
667 791 687 810 x
711 784 735 811 8.
759 790 781 810 1(
804 779 844 816 d„
865 790 924 820 per
945 780 1085 820 integras
1108 779 1215 810 firmas
1241 779 1372 810 baronie
1395 779 1452 824 (18,
1494 775 1506 808 ζ

379 830 525 871 Byrneth
542 830 581 861 de
597 829 717 861 eisdem
741 829 935 870 proprietate
958 832 991 861 et
1013 829 1160 860 termino.
1205 829 1248 860 Et
1268 829 1306 860 de
1328 829 1383 870 xvj
1400 829 1433 860 ri.

379 879 426 920 iiij
451 884 475 911 8.
498 880 520 920 ij
545 879 584 917 (1.,
611 889 668 920 per
697 879 838 920 integras
868 880 977 911 firmas
1007 879 1136 910 baronie
1167 878 1206 909 de
1236 879 1434 920 Kynnedore
1489 883 1491 886 '

379 929 553 961 eorundem
583 929 788 970 proprietatis
812 932 844 960 et
867 928 1003 960 termini.
1050 929 1094 960 Et
1117 928 1156 959 de
1183 939 1228 959 xv
1250 928 1281 959 fi.
1305 929 1384 970 xviij
1409 933 1432 961 8.

378 979 425 1020 iiij
442 979 482 1016 (1.,
498 989 553 1020 per
569 979 708 1020 integras
725 979 832 1010 firmas
849 979 978 1010 baronie
995 978 1033 1009 de
1052 978 1164 1019 Spyny
1181 978 1221 1009 de
1243 978 1338 1009 dictis
1361 988 1434 1019 pro-

377 1029 514 1070 prietate
545 1032 578 1060 et
608 1028 753 1060 termino.
799 1029 842 1059 Et
868 1028 908 1060 de
935 1028 1047 1069 xxxvij
1072 1028 1104 1059 ri.
1128 1028 1161 1059 ix
1185 1032 1209 1059 ἔ.
1233 1028 1289 1068 viij
1315 1027 1355 1065 (1.,
1377 1038 1434 1069 per

378 1079 518 1120 integras
534 1078 641 1109 firmas
657 1079 788 1110 baronie
804 1078 843 1110 de
860 1078 1050 1119 Strathspey
1066 1078 1106 1109 de
1129 1077 1223 1109 dictis
1246 1078 1432 1119 episcopatu

378 1132 411 1160 et
426 1128 571 1160 termino.
617 1129 661 1159 Et
675 1128 715 1159 de
731 1128 766 1159 xl
781 1128 812 1159 11.
830 1128 910 1169 xviij
927 1132 950 1159 8.
967 1128 1014 1168 iiij
1031 1127 1070 1165 (1.,
1086 1138 1143 1169 per
1163 1127 1303 1168 integras
1325 1127 1433 1159 firmas

378 1178 507 1209 baronie
529 1177 568 1209 (18
591 1177 789 1209 Forthirface
812 1177 851 1208 de
875 1177 995 1208 eisdem
1018 1177 1209 1218 proprietate
1231 1181 1264 1207 et
1286 1177 1430 1208 termino.

377 1229 420 1259 Et
443 1228 482 1259 de
505 1227 562 1258 xix
583 1227 626 1264 fi„
648 1237 705 1268 per
727 1227 867 1268 integras
897 1227 1005 1258 firmas
1036 1227 1164 1258 baronie
1187 1226 1226 1259 de
1256 1226 1431 1268 Kylmylcz
1486 1267 1495 1269 p

377 1277 521 1318 ejusdem
551 1277 756 1318 proprietatis
779 1280 812 1308 et
841 1276 979 1308 termini
1027 1276 1160 1307 Summa
1189 1276 1286 1316 hujus
1317 1276 1432 1314 oneris,

377 1327 460 1368 ij⁰vij
478 1327 510 1358 fi.
528 1327 559 1367 xj
577 1331 600 1358 ἔ.
649 1326 781 1357 Summa
796 1326 906 1357 totalis
925 1325 1123 1357 oneracionis
1145 1328 1251 1366 preter
1273 1325 1429 1367 arreragia

376 1376 519 1418 vj⁰1iijfi.
543 1377 586 1416 vij
605 1380 628 1409 8,
655 1376 683 1416 vj
701 1375 730 1407 d.
755 1376 802 1408 οὔ.
849 1376 982 1406 Summa
1004 1375 1114 1406 totalis
1137 1375 1334 1406 oneracionis
1355 1385 1429 1406 cum

376 1426 550 1468 arreragiis,
565 1425 714 1466 ix⁰lxxvij
732 1425 764 1457 fi.
780 1425 802 1466 ij
821 1429 843 1456 ἓ.
859 1436 881 1456 v
897 1425 925 1456 d.
943 1425 991 1457 οἵ).

419 1477 568 1518 Expense
589 1476 740 1517 ejusdem.
786 1475 826 1506 In
850 1474 969 1515 primis,
995 1474 1129 1506 allocate
1152 1474 1349 1516 compotanti
1371 1484 1429 1515 pro
1475 1498 1479 1501 «

376 1526 524 1559 secundis
555 1525 687 1557 decimis
725 1525 787 1556 sibi
816 1524 933 1556 debitis
965 1524 1112 1565 episcopo
1142 1524 1364 1555 Aberdonensi
1390 1524 1430 1555 de
1487 1545 1497 1567 Ἀ

376 1577 457 1609 Coul
480 1579 513 1608 81,
528 1575 642 1607 0118118
657 1575 697 1606 (18
715 1575 850 1606 termino
866 1574 977 1606 Sancti
996 1573 1133 1605 Martini
1155 1573 1238 1604 infra
1261 1573 1321 1605 hoc
1345 1584 1430 1605 com-

375 1630 488 1668 potum
511 1630 544 1657 et
567 1625 628 1657 sub
651 1625 793 1666 periculo
817 1624 1038 1665 compotantis,
1061 1624 1163 1664 xxviij
1188 1628 1210 1655 8.
1234 1624 1290 1664 viij
1310 1623 1340 1655 d.
1385 1624 1428 1655 Et

375 1677 461 1708 dicto
478 1675 625 1717 episcopo
642 1685 698 1716 pro
715 1674 862 1705 secundis
886 1674 1017 1705 decimis
1041 1674 1102 1705 sibi
1125 1674 1241 1705 debitis
1265 1674 1303 1705 de
1327 1674 1427 1705 firmis

374 1726 518 1767 thanagii
534 1725 573 1757 (18
590 1725 721 1766 Kyntor
743 1724 782 1755 de
803 1724 913 1755 eodem
936 1724 1073 1755 termino
1097 1727 1129 1755 et
1152 1724 1212 1755 sub
1235 1724 1320 1755 dicto
1343 1724 1425 1765 peri·
1486 1715 1495 1738 ;
1549 1747 1551 1759 ,

374 1776 456 1813 81110,
471 1776 505 1807 xl
521 1779 543 1807 ἔ.
590 1775 632 1806 Et
649 1773 828 1806 vicecomiti
846 1773 884 1804 de
901 1773 1038 1810 Forfare‚
1051 1773 1242 1814 percipienti
1257 1773 1426 1804 annuatim

374 1830 440 1858 tres
470 1826 568 1857 libras
598 1824 699 1856 annui
727 1823 871 1854 redditus
898 1823 937 1854 de
968 1823 1053 1854 dicto
1087 1823 1244 1865 thanagio,
1271 1823 1310 1854 de
1341 1823 1426 1855 dicto

373 1876 510 1908 termino
548 1878 581 1906 et
618 1874 678 1905 sub
714 1873 826 1905 eodem
863 1873 1013 1913 periculo,
1045 1883 1110 1904 xxx
1139 1877 1163 1904 ἐ.
1224 1873 1266 1903 Et
1296 1872 1425 1904 domino

373 1925 517 1957 Johanni
547 1924 665 1966 Ogilvy
697 1933 753 1964 pro
783 1922 883 1954 tercia
913 1923 1020 1954 debita
1043 1932 1157 1963 sponse
1184 1932 1240 1953 sue
1271 1923 1310 1954 de
1339 1923 1424 1954 dicto

373 1975 533 2017 thanagio,
549 1975 587 2006 de
610 1973 721 2005 eodem
744 1973 880 2004 termino
903 1975 935 2004 et
958 1973 1017 2003 sub
1040 1972 1151 2003 eodem
1173 1972 1323 2013 periculo,
1343 1973 1375 2013 vj
1392 1972 1424 2005 15.

373 2085 455 2116 aque
471 2075 509 2106 de
527 2075 612 2116 Spey
627 2085 666 2105 ex
676 2075 766 2115 parte
781 2072 867 2104 dicta
882 2082 997 2113 sponse
1013 2082 1078 2109 sue,
1094 2071 1132 2103 de
1146 2072 1231 2103 dicto
1244 2073 1381 2104 termino
1393 2075 1425 2104 et

372 2125 432 2157 sub
444 2125 555 2156 eodem
567 2123 716 2166 periculo,
733 2133 751 2154 v
768 2122 800 2154 ri.
845 2123 888 2153 Et
903 2122 1015 2159 eidem,
1028 2132 1084 2163 per
1099 2122 1292 2154 solucionem
1307 2123 1424 2154 factam
1478 2121 1491 2128 ‘

371 2175 476 2207 eidem
488 2175 616 2206 domino
628 2174 650 2205 J
653 2173 771 2205 ohanni
782 2172 899 2214 OgiIvy
913 2183 951 2203 ex
961 2175 1051 2214 parte
1062 2182 1176 2213 sponse
1189 2182 1245 2204 8118
1257 2183 1314 2214 pro
1327 2173 1425 2205 tercia
1475 2212 1478 2214 -
