<?xml version="1.0" encoding="UTF-8"?>
<!DOCTYPE html PUBLIC "-//W3C//DTD XHTML 1.0 Transitional//EN"
    "http://www.w3.org/TR/xhtml1/DTD/xhtml1-transitional.dtd">
<html xmlns="http://www.w3.org/1999/xhtml" xml:lang="en" lang="en">
 <head>
  <title>
</title>
<meta http-equiv="Content-Type" content="text/html;charset=utf-8" />
  <meta name='ocr-system' content='tesseract 3.04.00' />
  <meta name='ocr-capabilities' content='ocr_page ocr_carea ocr_par ocr_line ocrx_word'/>
</head>
<body>
  <div class='ocr_page' id='page_1' title='image "./rotuliscaccariir07scot_0531.png"; bbox 0 0 1551 2462; ppageno 0'>
   <div class='ocr_carea' id='block_1_1' title="bbox 0 1038 25 1487">
    <p class='ocr_par' dir='ltr' id='par_1_1' title="bbox 0 976 25 1487">
     <span class='ocr_line' id='line_1_1' title="bbox 0 1038 25 1487; textangle 90"><span class='ocrx_word' id='word_1_1' title='bbox 10 1477 17 1487; x_wconf 44' lang='grc' dir='ltr'>ι</span> <span class='ocrx_word' id='word_1_2' title='bbox 18 1424 23 1434; x_wconf 20' lang='grc' dir='ltr'>Α,</span> <span class='ocrx_word' id='word_1_3' title='bbox 8 1372 25 1389; x_wconf 76' lang='lat'>.,</span> <span class='ocrx_word' id='word_1_4' title='bbox 0 1038 23 1363; x_wconf 48' lang='lat' dir='ltr'>n-fvvz-.1,oe⁵=-y«†v‹ff⁴„—›2¹.</span> 
     </span>
    </p>
   </div>
   <div class='ocr_carea' id='block_1_2' title="bbox 148 286 1196 321">
    <p class='ocr_par' dir='ltr' id='par_1_2' title="bbox 148 286 1196 321">
     <span class='ocr_line' id='line_1_2' title="bbox 148 286 1196 321; baseline 0.006 -6"><span class='ocrx_word' id='word_1_5' title='bbox 148 286 237 316; x_wconf 85' lang='lat'>1467.</span> <span class='ocrx_word' id='word_1_6' title='bbox 463 286 623 319; x_wconf 80' lang='lat' dir='ltr'><strong>REGUM</strong></span> <span class='ocrx_word' id='word_1_7' title='bbox 647 287 892 320; x_wconf 84' lang='lat' dir='ltr'>SCOTORUM.</span> <span class='ocrx_word' id='word_1_8' title='bbox 1135 292 1196 321; x_wconf 82' lang='lat'>453</span> 
     </span>
    </p>
   </div>
   <div class='ocr_carea' id='block_1_3' title="bbox 143 377 1372 520">
    <p class='ocr_par' dir='ltr' id='par_1_3' title="bbox 143 377 1372 520">
     <span class='ocr_line' id='line_1_3' title="bbox 145 377 1195 421; baseline 0.004 -13"><span class='ocrx_word' id='word_1_9' title='bbox 145 377 294 409; x_wconf 82' lang='lat' dir='ltr'>saisinam</span> <span class='ocrx_word' id='word_1_10' title='bbox 324 378 443 410; x_wconf 89' lang='lat' dir='ltr'>Thome</span> <span class='ocrx_word' id='word_1_11' title='bbox 474 380 584 411; x_wconf 73' lang='lat' dir='ltr'>comiti</span> <span class='ocrx_word' id='word_1_12' title='bbox 614 379 654 411; x_wconf 84' lang='lat' dir='ltr'>de</span> <span class='ocrx_word' id='word_1_13' title='bbox 684 379 800 417; x_wconf 83' lang='lat' dir='ltr'><strong>Arane,</strong></span> <span class='ocrx_word' id='word_1_14' title='bbox 828 383 865 411; x_wconf 86' lang='lat' dir='ltr'>ut</span> <span class='ocrx_word' id='word_1_15' title='bbox 890 383 978 421; x_wconf 81' lang='lat' dir='ltr'>patet</span> <span class='ocrx_word' id='word_1_16' title='bbox 1005 391 1061 421; x_wconf 88' lang='lat' dir='ltr'>per</span> <span class='ocrx_word' id='word_1_17' title='bbox 1086 381 1195 413; x_wconf 83' lang='lat' dir='ltr'>literas</span> 
     </span>
     <span class='ocr_line' id='line_1_4' title="bbox 144 427 1195 470; baseline 0.003 -12"><span class='ocrx_word' id='word_1_18' title='bbox 144 427 265 458; x_wconf 87' lang='lat' dir='ltr'>domini</span> <span class='ocrx_word' id='word_1_19' title='bbox 294 429 376 469; x_wconf 82' lang='lat' dir='ltr'>regis</span> <span class='ocrx_word' id='word_1_20' title='bbox 405 430 466 460; x_wconf 78' lang='lat' dir='ltr'>sub</span> <span class='ocrx_word' id='word_1_21' title='bbox 493 430 616 470; x_wconf 76' lang='lat' dir='ltr'>signeto</span> <span class='ocrx_word' id='word_1_22' title='bbox 647 429 846 461; x_wconf 77' lang='lat' dir='ltr'>auditoribus</span> <span class='ocrx_word' id='word_1_23' title='bbox 878 431 1028 461; x_wconf 80' lang='lat' dir='ltr'>scaccarii</span> <span class='ocrx_word' id='word_1_24' title='bbox 1058 430 1195 462; x_wconf 85' lang='lat' dir='ltr'>directas</span> 
     </span>
     <span class='ocr_line' id='line_1_5' title="bbox 143 478 1372 520; baseline 0.003 -12"><span class='ocrx_word' id='word_1_25' title='bbox 143 479 284 508; x_wconf 78' lang='lat' dir='ltr'>ostensas</span> <span class='ocrx_word' id='word_1_26' title='bbox 309 488 404 518; x_wconf 82' lang='lat' dir='ltr'>super</span> <span class='ocrx_word' id='word_1_27' title='bbox 429 483 624 520; x_wconf 84' lang='lat' dir='ltr'>computum,</span> <span class='ocrx_word' id='word_1_28' title='bbox 642 489 660 509; x_wconf 93' lang='lat' dir='ltr'>v</span> <span class='ocrx_word' id='word_1_29' title='bbox 676 478 707 510; x_wconf 73' lang='lat' dir='ltr'>fi.</span> <span class='ocrx_word' id='word_1_30' title='bbox 755 479 813 520; x_wconf 85' lang='lat' dir='ltr'>[To</span> <span class='ocrx_word' id='word_1_31' title='bbox 838 479 1047 519; x_wconf 62' lang='lat' dir='ltr'>Oomptrollm3</span> <span class='ocrx_word' id='word_1_32' title='bbox 1063 481 1139 511; x_wconf 57' lang='lat'><strong><em>,4⁰15</em></strong></span> <span class='ocrx_word' id='word_1_33' title='bbox 1151 481 1192 511; x_wconf 74' lang='lat'>6²8.</span> <span class='ocrx_word' id='word_1_34' title='bbox 1208 489 1372 518; x_wconf 56' lang='lat' dir='ltr'>Respondebit</span> 
     </span>
    </p>
   </div>
   <div class='ocr_carea' id='block_1_4' title="bbox 142 518 1331 572">
    <p class='ocr_par' dir='ltr' id='par_1_4' title="bbox 142 518 1331 572">
     <span class='ocr_line' id='line_1_6' title="bbox 142 518 1331 572; baseline 0.003 -15"><span class='ocrx_word' id='word_1_35' title='bbox 142 527 207 568; x_wconf 78' lang='lat' dir='ltr'><em>8d.]</em></span> <span class='ocrx_word' id='word_1_36' title='bbox 253 528 385 560; x_wconf 84' lang='lat' dir='ltr'>Summa</span> <span class='ocrx_word' id='word_1_37' title='bbox 401 529 515 560; x_wconf 88' lang='lat' dir='ltr'>harum</span> <span class='ocrx_word' id='word_1_38' title='bbox 531 538 751 569; x_wconf 84' lang='lat' dir='ltr'>expensarum,</span> <span class='ocrx_word' id='word_1_39' title='bbox 768 528 791 569; x_wconf 89' lang='grc'>1]</span> <span class='ocrx_word' id='word_1_40' title='bbox 809 528 840 559; x_wconf 77' lang='grc' dir='ltr'>ῘῘ.</span> <span class='ocrx_word' id='word_1_41' title='bbox 857 529 891 559; x_wconf 85' lang='lat' dir='ltr'>ix</span> <span class='ocrx_word' id='word_1_42' title='bbox 907 533 929 559; x_wconf 73' lang='lat' dir='ltr'>S.</span> <span class='ocrx_word' id='word_1_43' title='bbox 976 529 1018 560; x_wconf 87' lang='lat' dir='ltr'>Et</span> <span class='ocrx_word' id='word_1_44' title='bbox 1034 529 1079 560; x_wconf 85' lang='lat' dir='ltr'>sic</span> <span class='ocrx_word' id='word_1_45' title='bbox 1095 539 1184 570; x_wconf 84' lang='lat' dir='ltr'><strong>eque.</strong></span> <span class='ocrx_word' id='word_1_46' title='bbox 1206 518 1331 572; x_wconf 52' lang='lat' dir='ltr'>ssssffitegr</span> 
     </span>
    </p>
   </div>
   <div class='ocr_carea' id='block_1_5' title="bbox 139 625 1387 763">
    <p class='ocr_par' dir='ltr' id='par_1_5' title="bbox 139 625 1387 763">
     <span class='ocr_line' id='line_1_7' title="bbox 185 625 1387 667; baseline 0.003 -11"><span class='ocrx_word' id='word_1_47' title='bbox 185 625 379 667; x_wconf 85' lang='lat' dir='ltr'>Computum</span> <span class='ocrx_word' id='word_1_48' title='bbox 410 627 528 657; x_wconf 88' lang='lat' dir='ltr'>Thome</span> <span class='ocrx_word' id='word_1_49' title='bbox 557 627 743 667; x_wconf 83' lang='lat' dir='ltr'>Symsoune,</span> <span class='ocrx_word' id='word_1_50' title='bbox 768 627 939 667; x_wconf 68' lang='lat' dir='ltr'>receptoria</span> <span class='ocrx_word' id='word_1_51' title='bbox 964 628 1130 659; x_wconf 88' lang='lat' dir='ltr'>firmarum</span> <span class='ocrx_word' id='word_1_52' title='bbox 1157 631 1192 660; x_wconf 85' lang='lat' dir='ltr'>et</span> <span class='ocrx_word' id='word_1_53' title='bbox 1208 634 1387 666; x_wconf 67' lang='lat' dir='ltr'>Comitatus</span> 
     </span>
     <span class='ocr_line' id='line_1_8' title="bbox 139 676 1332 717; baseline 0.003 -12"><span class='ocrx_word' id='word_1_54' title='bbox 139 684 308 714; x_wconf 83' lang='lat' dir='ltr'>granorum</span> <span class='ocrx_word' id='word_1_55' title='bbox 324 676 493 707; x_wconf 75' lang='lat' dir='ltr'>comitatus</span> <span class='ocrx_word' id='word_1_56' title='bbox 509 676 548 707; x_wconf 84' lang='lat' dir='ltr'>de</span> <span class='ocrx_word' id='word_1_57' title='bbox 564 677 590 707; x_wconf 90' lang='lat' dir='ltr'><strong>F</strong></span> <span class='ocrx_word' id='word_1_58' title='bbox 592 676 625 713; x_wconf 80' lang='lat' dir='ltr'>if,</span> <span class='ocrx_word' id='word_1_59' title='bbox 649 676 765 717; x_wconf 40' lang='lat' dir='ltr'>[Perna</span> <span class='ocrx_word' id='word_1_60' title='bbox 789 677 810 707; x_wconf 81' lang='lat'><em>8</em></span> <span class='ocrx_word' id='word_1_61' title='bbox 825 677 854 707; x_wconf 92' lang='lat' dir='ltr'><strong><em>J</em></strong></span> <span class='ocrx_word' id='word_1_62' title='bbox 853 688 909 707; x_wconf 67' lang='lat' dir='ltr'>zone</span> <span class='ocrx_word' id='word_1_63' title='bbox 932 677 1027 715; x_wconf 68' lang='grc'><em>1467,</em></span> <span class='ocrx_word' id='word_1_64' title='bbox 1037 678 1127 717; x_wconf 74' lang='lat' dir='ltr'>from</span> <span class='ocrx_word' id='word_1_65' title='bbox 1150 679 1193 709; x_wconf 63' lang='lat'>28</span> <span class='ocrx_word' id='word_1_66' title='bbox 1208 677 1247 709; x_wconf 86' lang='lat' dir='ltr'>de</span> <span class='ocrx_word' id='word_1_67' title='bbox 1263 678 1332 710; x_wconf 81' lang='lat' dir='ltr'>Fiff.</span> 
     </span>
     <span class='ocr_line' id='line_1_9' title="bbox 141 724 333 763; baseline 0.01 -9"><span class='ocrx_word' id='word_1_68' title='bbox 141 724 225 755; x_wconf 80' lang='lat' dir='ltr'>June</span> <span class='ocrx_word' id='word_1_69' title='bbox 240 725 333 763; x_wconf 67' lang='lat'><em>1466.</em></span> 
     </span>
    </p>
   </div>
   <div class='ocr_carea' id='block_1_6' title="bbox 184 773 1246 872">
    <p class='ocr_par' dir='ltr' id='par_1_6' title="bbox 184 773 1246 872">
     <span class='ocr_line' id='line_1_10' title="bbox 186 773 710 816; baseline 0.004 -13"><span class='ocrx_word' id='word_1_70' title='bbox 186 773 310 815; x_wconf 62' lang='lat' dir='ltr'>Olim-qe.</span> <span class='ocrx_word' id='word_1_71' title='bbox 356 775 502 812; x_wconf 63' lang='lat' dir='ltr'>Arrenrs,</span> <span class='ocrx_word' id='word_1_72' title='bbox 516 775 570 806; x_wconf 56' lang='lat' dir='ltr'>stt&gt;</span> <span class='ocrx_word' id='word_1_73' title='bbox 585 776 629 806; x_wconf 72' lang='lat'>83.</span> <span class='ocrx_word' id='word_1_74' title='bbox 644 775 710 816; x_wconf 75' lang='lat' dir='ltr'><strong><em>5d.]</em></strong></span> 
     </span>
     <span class='ocr_line' id='line_1_11' title="bbox 184 823 1246 872; baseline 0.004 -18"><span class='ocrx_word' id='word_1_75' title='bbox 184 823 276 861; x_wconf 84' lang='lat' dir='ltr'>Item,</span> <span class='ocrx_word' id='word_1_76' title='bbox 289 824 374 855; x_wconf 89' lang='lat' dir='ltr'>idem</span> <span class='ocrx_word' id='word_1_77' title='bbox 390 828 500 855; x_wconf 86' lang='lat' dir='ltr'>onerat</span> <span class='ocrx_word' id='word_1_78' title='bbox 516 834 549 855; x_wconf 82' lang='lat' dir='ltr'>se</span> <span class='ocrx_word' id='word_1_79' title='bbox 565 824 604 856; x_wconf 89' lang='lat' dir='ltr'>de</span> <span class='ocrx_word' id='word_1_80' title='bbox 616 824 709 865; x_wconf 65' lang='lat' dir='ltr'>j‘xxv</span> <span class='ocrx_word' id='word_1_81' title='bbox 725 824 757 856; x_wconf 73' lang='lat' dir='ltr'>fi.</span> <span class='ocrx_word' id='word_1_82' title='bbox 773 824 818 865; x_wconf 86' lang='lat' dir='ltr'>vij</span> <span class='ocrx_word' id='word_1_83' title='bbox 836 829 858 856; x_wconf 66' lang='grc' dir='ltr'>ἓ.</span> <span class='ocrx_word' id='word_1_84' title='bbox 873 825 904 866; x_wconf 89' lang='lat' dir='ltr'>vj</span> <span class='ocrx_word' id='word_1_85' title='bbox 922 825 951 856; x_wconf 79' lang='lat' dir='ltr'>d.</span> <span class='ocrx_word' id='word_1_86' title='bbox 964 825 1011 856; x_wconf 73' lang='lat' dir='ltr'>ob.</span> <span class='ocrx_word' id='word_1_87' title='bbox 1033 826 1063 866; x_wconf 87' lang='lat' dir='ltr'>vj</span> <span class='ocrx_word' id='word_1_88' title='bbox 1076 826 1192 858; x_wconf 82' lang='lat' dir='ltr'>celdris</span> <span class='ocrx_word' id='word_1_89' title='bbox 1241 870 1246 872; x_wconf 19' lang='grc' dir='ltr'><strong>η</strong></span> 
     </span>
    </p>
   </div>
   <div class='ocr_carea' id='block_1_7' title="bbox 135 973 1189 2252">
    <p class='ocr_par' dir='ltr' id='par_1_7' title="bbox 135 973 1189 1857">
     <span class='ocr_line' id='line_1_12' title="bbox 138 973 1187 1015; baseline 0.001 -12"><span class='ocrx_word' id='word_1_90' title='bbox 138 983 312 1004; x_wconf 80' lang='lat' dir='ltr'><strong>avenarum</strong></span> <span class='ocrx_word' id='word_1_91' title='bbox 341 984 398 1015; x_wconf 87' lang='lat' dir='ltr'>per</span> <span class='ocrx_word' id='word_1_92' title='bbox 435 974 576 1015; x_wconf 81' lang='lat' dir='ltr'>integras</span> <span class='ocrx_word' id='word_1_93' title='bbox 617 974 723 1005; x_wconf 79' lang='lat' dir='ltr'>firmas</span> <span class='ocrx_word' id='word_1_94' title='bbox 763 973 898 1014; x_wconf 77' lang='lat' dir='ltr'>pecunie</span> <span class='ocrx_word' id='word_1_95' title='bbox 939 977 973 1005; x_wconf 86' lang='lat' dir='ltr'>et</span> <span class='ocrx_word' id='word_1_96' title='bbox 1013 984 1187 1014; x_wconf 85' lang='lat' dir='ltr'>granorum</span> 
     </span>
     <span class='ocr_line' id='line_1_13' title="bbox 137 1023 1188 1064; baseline 0.001 -11"><span class='ocrx_word' id='word_1_97' title='bbox 137 1023 239 1063; x_wconf 83' lang='lat' dir='ltr'>prime</span> <span class='ocrx_word' id='word_1_98' title='bbox 269 1024 370 1064; x_wconf 83' lang='lat' dir='ltr'>partis</span> <span class='ocrx_word' id='word_1_99' title='bbox 396 1023 529 1054; x_wconf 87' lang='lat' dir='ltr'>dominii</span> <span class='ocrx_word' id='word_1_100' title='bbox 559 1023 598 1054; x_wconf 88' lang='lat' dir='ltr'>de</span> <span class='ocrx_word' id='word_1_101' title='bbox 630 1023 695 1054; x_wconf 76' lang='lat' dir='ltr'>Fiff</span> <span class='ocrx_word' id='word_1_102' title='bbox 723 1023 812 1054; x_wconf 80' lang='lat' dir='ltr'>dicte·</span> <span class='ocrx_word' id='word_1_103' title='bbox 838 1023 991 1064; x_wconf 83' lang='lat' dir='ltr'>quarterii</span> <span class='ocrx_word' id='word_1_104' title='bbox 1018 1023 1057 1055; x_wconf 86' lang='lat' dir='ltr'>de</span> <span class='ocrx_word' id='word_1_105' title='bbox 1082 1023 1188 1055; x_wconf 87' lang='lat' dir='ltr'>Ouch-</span> 
     </span>
     <span class='ocr_line' id='line_1_14' title="bbox 138 1072 1188 1114; baseline 0.002 -12"><span class='ocrx_word' id='word_1_106' title='bbox 138 1073 303 1114; x_wconf 79' lang='lat' dir='ltr'>termukty</span> <span class='ocrx_word' id='word_1_107' title='bbox 320 1073 358 1104; x_wconf 86' lang='lat' dir='ltr'>de</span> <span class='ocrx_word' id='word_1_108' title='bbox 374 1073 497 1104; x_wconf 85' lang='lat' dir='ltr'>duobus</span> <span class='ocrx_word' id='word_1_109' title='bbox 515 1073 660 1104; x_wconf 85' lang='lat' dir='ltr'>terminis</span> <span class='ocrx_word' id='word_1_110' title='bbox 675 1072 772 1113; x_wconf 86' lang='lat' dir='ltr'>hujus</span> <span class='ocrx_word' id='word_1_111' title='bbox 796 1072 946 1113; x_wconf 84' lang='lat' dir='ltr'>computi,</span> <span class='ocrx_word' id='word_1_112' title='bbox 962 1083 1024 1113; x_wconf 86' lang='lat' dir='ltr'>que</span> <span class='ocrx_word' id='word_1_113' title='bbox 1047 1073 1188 1114; x_wconf 81' lang='lat' dir='ltr'>particu-</span> 
     </span>
     <span class='ocr_line' id='line_1_15' title="bbox 137 1121 1189 1163; baseline 0.003 -12"><span class='ocrx_word' id='word_1_114' title='bbox 137 1121 248 1153; x_wconf 84' lang='lat' dir='ltr'>lariter</span> <span class='ocrx_word' id='word_1_115' title='bbox 271 1123 474 1154; x_wconf 83' lang='lat' dir='ltr'>continentur</span> <span class='ocrx_word' id='word_1_116' title='bbox 504 1123 538 1153; x_wconf 88' lang='lat' dir='ltr'>in</span> <span class='ocrx_word' id='word_1_117' title='bbox 561 1126 711 1163; x_wconf 86' lang='lat' dir='ltr'>computo</span> <span class='ocrx_word' id='word_1_118' title='bbox 733 1122 810 1152; x_wconf 89' lang='lat' dir='ltr'>anni</span> <span class='ocrx_word' id='word_1_119' title='bbox 832 1122 1038 1163; x_wconf 81' lang='lat' dir='ltr'>precedentis.</span> <span class='ocrx_word' id='word_1_120' title='bbox 1084 1123 1127 1153; x_wconf 88' lang='lat' dir='ltr'>Et</span> <span class='ocrx_word' id='word_1_121' title='bbox 1149 1123 1189 1154; x_wconf 88' lang='lat' dir='ltr'>de</span> 
     </span>
     <span class='ocr_line' id='line_1_16' title="bbox 137 1171 1188 1213; baseline 0 -10"><span class='ocrx_word' id='word_1_122' title='bbox 137 1172 253 1213; x_wconf 74' lang='lat' dir='ltr'>lxxxiij</span> <span class='ocrx_word' id='word_1_123' title='bbox 278 1173 310 1204; x_wconf 76' lang='grc' dir='ltr'>Π.</span> <span class='ocrx_word' id='word_1_124' title='bbox 334 1173 389 1213; x_wconf 87' lang='lat' dir='ltr'>viij</span> <span class='ocrx_word' id='word_1_125' title='bbox 407 1177 430 1204; x_wconf 69' lang='grc' dir='ltr'>ἔ.</span> <span class='ocrx_word' id='word_1_126' title='bbox 454 1173 486 1213; x_wconf 83' lang='lat' dir='ltr'>vj</span> <span class='ocrx_word' id='word_1_127' title='bbox 500 1172 529 1205; x_wconf 77' lang='lat' dir='ltr'>d.</span> <span class='ocrx_word' id='word_1_128' title='bbox 542 1173 555 1213; x_wconf 87' lang='lat' dir='ltr'><strong>j</strong></span> <span class='ocrx_word' id='word_1_129' title='bbox 580 1172 686 1204; x_wconf 83' lang='lat' dir='ltr'>celdra</span> <span class='ocrx_word' id='word_1_130' title='bbox 708 1182 730 1202; x_wconf 89' lang='lat' dir='ltr'>v</span> <span class='ocrx_word' id='word_1_131' title='bbox 745 1171 838 1203; x_wconf 79' lang='lat' dir='ltr'>bouis</span> <span class='ocrx_word' id='word_1_132' title='bbox 857 1172 869 1212; x_wconf 85' lang='lat' dir='ltr'><strong>j</strong></span> <span class='ocrx_word' id='word_1_133' title='bbox 896 1172 1010 1203; x_wconf 81' lang='lat' dir='ltr'>ferlota</span> <span class='ocrx_word' id='word_1_134' title='bbox 1033 1172 1188 1204; x_wconf 83' lang='lat' dir='ltr'>frumenti</span> 
     </span>
     <span class='ocr_line' id='line_1_17' title="bbox 137 1221 1186 1263; baseline 0.001 -11"><span class='ocrx_word' id='word_1_135' title='bbox 137 1222 194 1261; x_wconf 82' lang='lat' dir='ltr'>xiij</span> <span class='ocrx_word' id='word_1_136' title='bbox 223 1222 337 1253; x_wconf 86' lang='lat' dir='ltr'>celdris</span> <span class='ocrx_word' id='word_1_137' title='bbox 364 1223 407 1263; x_wconf 85' lang='lat' dir='ltr'>vij</span> <span class='ocrx_word' id='word_1_138' title='bbox 436 1222 529 1253; x_wconf 89' lang='lat' dir='ltr'>bollis</span> <span class='ocrx_word' id='word_1_139' title='bbox 557 1232 630 1253; x_wconf 89' lang='lat' dir='ltr'>cum</span> <span class='ocrx_word' id='word_1_140' title='bbox 654 1221 730 1253; x_wconf 87' lang='lat' dir='ltr'>bina</span> <span class='ocrx_word' id='word_1_141' title='bbox 756 1224 847 1262; x_wconf 86' lang='lat' dir='ltr'>parte</span> <span class='ocrx_word' id='word_1_142' title='bbox 879 1221 990 1252; x_wconf 80' lang='lat' dir='ltr'>ferlote</span> <span class='ocrx_word' id='word_1_143' title='bbox 1013 1222 1100 1253; x_wconf 86' lang='lat' dir='ltr'>ordei</span> <span class='ocrx_word' id='word_1_144' title='bbox 1131 1223 1186 1263; x_wconf 85' lang='lat' dir='ltr'>xxj</span> 
     </span>
     <span class='ocr_line' id='line_1_18' title="bbox 137 1270 1189 1312; baseline 0 -10"><span class='ocrx_word' id='word_1_145' title='bbox 137 1271 251 1302; x_wconf 79' lang='lat' dir='ltr'>celdris</span> <span class='ocrx_word' id='word_1_146' title='bbox 281 1272 303 1312; x_wconf 84' lang='lat' dir='ltr'>ij</span> <span class='ocrx_word' id='word_1_147' title='bbox 329 1271 452 1303; x_wconf 80' lang='lat' dir='ltr'>ferlotis</span> <span class='ocrx_word' id='word_1_148' title='bbox 477 1281 651 1302; x_wconf 81' lang='lat' dir='ltr'>avenarum</span> <span class='ocrx_word' id='word_1_149' title='bbox 675 1271 763 1311; x_wconf 85' lang='lat' dir='ltr'>xxxij</span> <span class='ocrx_word' id='word_1_150' title='bbox 792 1270 906 1302; x_wconf 84' lang='lat' dir='ltr'>celdris</span> <span class='ocrx_word' id='word_1_151' title='bbox 932 1271 1107 1302; x_wconf 87' lang='lat' dir='ltr'>carbonum</span> <span class='ocrx_word' id='word_1_152' title='bbox 1132 1281 1189 1312; x_wconf 90' lang='lat' dir='ltr'>per</span> 
     </span>
     <span class='ocr_line' id='line_1_19' title="bbox 136 1320 1188 1362; baseline 0.001 -11"><span class='ocrx_word' id='word_1_153' title='bbox 136 1321 277 1362; x_wconf 79' lang='lat' dir='ltr'>integras</span> <span class='ocrx_word' id='word_1_154' title='bbox 288 1321 395 1352; x_wconf 84' lang='lat' dir='ltr'>firmas</span> <span class='ocrx_word' id='word_1_155' title='bbox 411 1321 489 1352; x_wconf 82' lang='lat' dir='ltr'>dieti</span> <span class='ocrx_word' id='word_1_156' title='bbox 511 1320 646 1352; x_wconf 88' lang='lat' dir='ltr'>dominii</span> <span class='ocrx_word' id='word_1_157' title='bbox 661 1321 695 1351; x_wconf 87' lang='lat' dir='ltr'>in</span> <span class='ocrx_word' id='word_1_158' title='bbox 712 1320 871 1361; x_wconf 84' lang='lat' dir='ltr'>quarterio</span> <span class='ocrx_word' id='word_1_159' title='bbox 894 1320 933 1350; x_wconf 83' lang='lat' dir='ltr'>de</span> <span class='ocrx_word' id='word_1_160' title='bbox 956 1320 1125 1351; x_wconf 78' lang='lat' dir='ltr'>Faukland</span> <span class='ocrx_word' id='word_1_161' title='bbox 1149 1321 1188 1352; x_wconf 86' lang='lat' dir='ltr'>de</span> 
     </span>
     <span class='ocr_line' id='line_1_20' title="bbox 137 1369 1185 1411; baseline 0 -10"><span class='ocrx_word' id='word_1_162' title='bbox 137 1370 230 1402; x_wconf 83' lang='lat' dir='ltr'>dictis</span> <span class='ocrx_word' id='word_1_163' title='bbox 257 1371 409 1403; x_wconf 83' lang='lat' dir='ltr'>terminis.</span> <span class='ocrx_word' id='word_1_164' title='bbox 455 1371 497 1401; x_wconf 85' lang='lat' dir='ltr'>Et</span> <span class='ocrx_word' id='word_1_165' title='bbox 521 1370 560 1402; x_wconf 88' lang='lat' dir='ltr'>de</span> <span class='ocrx_word' id='word_1_166' title='bbox 591 1369 674 1410; x_wconf 75' lang='lat' dir='ltr'>iij⁰1ij</span> <span class='ocrx_word' id='word_1_167' title='bbox 697 1369 728 1401; x_wconf 62' lang='lat'>15.</span> <span class='ocrx_word' id='word_1_168' title='bbox 757 1379 800 1400; x_wconf 84' lang='lat' dir='ltr'>xv</span> <span class='ocrx_word' id='word_1_169' title='bbox 826 1374 849 1401; x_wconf 72' lang='grc' dir='ltr'>ἔ.</span> <span class='ocrx_word' id='word_1_170' title='bbox 875 1379 897 1400; x_wconf 91' lang='grc' dir='ltr'>Χ</span> <span class='ocrx_word' id='word_1_171' title='bbox 924 1369 953 1400; x_wconf 79' lang='lat' dir='ltr'>d.</span> <span class='ocrx_word' id='word_1_172' title='bbox 970 1370 1002 1410; x_wconf 85' lang='lat' dir='ltr'>xj</span> <span class='ocrx_word' id='word_1_173' title='bbox 1021 1369 1134 1401; x_wconf 74' lang='lat' dir='ltr'>eeldris</span> <span class='ocrx_word' id='word_1_174' title='bbox 1149 1371 1185 1411; x_wconf 86' lang='lat' dir='ltr'>iij</span> 
     </span>
     <span class='ocr_line' id='line_1_21' title="bbox 138 1419 1186 1461; baseline 0.001 -11"><span class='ocrx_word' id='word_1_175' title='bbox 138 1420 231 1451; x_wconf 83' lang='lat' dir='ltr'>bouis</span> <span class='ocrx_word' id='word_1_176' title='bbox 254 1420 408 1452; x_wconf 77' lang='lat' dir='ltr'>frumenti</span> <span class='ocrx_word' id='word_1_177' title='bbox 431 1420 499 1461; x_wconf 78' lang='lat' dir='ltr'>xiiij</span> <span class='ocrx_word' id='word_1_178' title='bbox 524 1419 639 1452; x_wconf 84' lang='lat' dir='ltr'>eeldris</span> <span class='ocrx_word' id='word_1_179' title='bbox 662 1430 736 1451; x_wconf 88' lang='lat' dir='ltr'>cum</span> <span class='ocrx_word' id='word_1_180' title='bbox 759 1419 883 1450; x_wconf 85' lang='lat' dir='ltr'>duabus</span> <span class='ocrx_word' id='word_1_181' title='bbox 906 1419 1051 1460; x_wconf 85' lang='lat' dir='ltr'>partibus</span> <span class='ocrx_word' id='word_1_182' title='bbox 1074 1419 1186 1451; x_wconf 80' lang='lat' dir='ltr'>ferlote</span> 
     </span>
     <span class='ocr_line' id='line_1_22' title="bbox 135 1518 1185 1561; baseline -0.001 -12"><span class='ocrx_word' id='word_1_183' title='bbox 135 1519 273 1561; x_wconf 82' lang='lat' dir='ltr'>integras</span> <span class='ocrx_word' id='word_1_184' title='bbox 287 1520 390 1551; x_wconf 77' lang='lat' dir='ltr'>firmas</span> <span class='ocrx_word' id='word_1_185' title='bbox 402 1520 481 1551; x_wconf 83' lang='lat' dir='ltr'>dicti</span> <span class='ocrx_word' id='word_1_186' title='bbox 492 1519 627 1550; x_wconf 87' lang='lat' dir='ltr'>dominii</span> <span class='ocrx_word' id='word_1_187' title='bbox 642 1519 676 1550; x_wconf 87' lang='lat' dir='ltr'>in</span> <span class='ocrx_word' id='word_1_188' title='bbox 689 1518 849 1560; x_wconf 87' lang='lat' dir='ltr'>quarterio</span> <span class='ocrx_word' id='word_1_189' title='bbox 865 1518 904 1549; x_wconf 89' lang='lat' dir='ltr'>de</span> <span class='ocrx_word' id='word_1_190' title='bbox 917 1518 1002 1548; x_wconf 88' lang='lat' dir='ltr'>Edin</span> <span class='ocrx_word' id='word_1_191' title='bbox 1014 1518 1052 1549; x_wconf 86' lang='lat' dir='ltr'>de</span> <span class='ocrx_word' id='word_1_192' title='bbox 1065 1518 1185 1549; x_wconf 83' lang='lat' dir='ltr'>eisdem</span> 
     </span>
     <span class='ocr_line' id='line_1_23' title="bbox 136 1566 1184 1609; baseline 0 -11"><span class='ocrx_word' id='word_1_193' title='bbox 136 1569 288 1600; x_wconf 81' lang='lat' dir='ltr'>terminis.</span> <span class='ocrx_word' id='word_1_194' title='bbox 333 1569 376 1600; x_wconf 84' lang='lat' dir='ltr'>Et</span> <span class='ocrx_word' id='word_1_195' title='bbox 405 1569 445 1600; x_wconf 86' lang='lat' dir='ltr'>de</span> <span class='ocrx_word' id='word_1_196' title='bbox 475 1569 586 1609; x_wconf 83' lang='lat' dir='ltr'>xxxvij</span> <span class='ocrx_word' id='word_1_197' title='bbox 609 1568 641 1600; x_wconf 72' lang='lat' dir='ltr'>n.</span> <span class='ocrx_word' id='word_1_198' title='bbox 672 1568 718 1608; x_wconf 82' lang='lat' dir='ltr'>iiij</span> <span class='ocrx_word' id='word_1_199' title='bbox 743 1571 766 1598; x_wconf 73' lang='grc' dir='ltr'>ἔ.</span> <span class='ocrx_word' id='word_1_200' title='bbox 790 1567 834 1607; x_wconf 86' lang='lat' dir='ltr'>xij</span> <span class='ocrx_word' id='word_1_201' title='bbox 860 1566 974 1598; x_wconf 87' lang='lat' dir='ltr'>celdris</span> <span class='ocrx_word' id='word_1_202' title='bbox 1004 1566 1039 1607; x_wconf 81' lang='lat' dir='ltr'>iij</span> <span class='ocrx_word' id='word_1_203' title='bbox 1063 1567 1158 1598; x_wconf 79' lang='lat' dir='ltr'>bollis</span> <span class='ocrx_word' id='word_1_204' title='bbox 1171 1568 1184 1608; x_wconf 84' lang='lat' dir='ltr'>j</span> 
     </span>
     <span class='ocr_line' id='line_1_24' title="bbox 137 1616 1185 1659; baseline 0 -11"><span class='ocrx_word' id='word_1_205' title='bbox 137 1617 249 1649; x_wconf 79' lang='lat' dir='ltr'>ferlota</span> <span class='ocrx_word' id='word_1_206' title='bbox 271 1618 293 1658; x_wconf 88' lang='lat' dir='ltr'>ij</span> <span class='ocrx_word' id='word_1_207' title='bbox 317 1618 421 1659; x_wconf 85' lang='lat' dir='ltr'>peccis</span> <span class='ocrx_word' id='word_1_208' title='bbox 445 1618 599 1649; x_wconf 80' lang='lat' dir='ltr'>frumenti</span> <span class='ocrx_word' id='word_1_209' title='bbox 622 1617 678 1648; x_wconf 83' lang='lat' dir='ltr'>xix</span> <span class='ocrx_word' id='word_1_210' title='bbox 701 1616 815 1648; x_wconf 81' lang='lat' dir='ltr'>celdris</span> <span class='ocrx_word' id='word_1_211' title='bbox 830 1616 864 1647; x_wconf 84' lang='lat' dir='ltr'>ix</span> <span class='ocrx_word' id='word_1_212' title='bbox 887 1616 982 1647; x_wconf 84' lang='lat' dir='ltr'>bouis</span> <span class='ocrx_word' id='word_1_213' title='bbox 1004 1616 1038 1657; x_wconf 81' lang='lat' dir='ltr'>iij</span> <span class='ocrx_word' id='word_1_214' title='bbox 1063 1616 1185 1648; x_wconf 86' lang='lat' dir='ltr'>ferlotis</span> 
     </span>
     <span class='ocr_line' id='line_1_25' title="bbox 135 1665 1184 1709; baseline -0.002 -11"><span class='ocrx_word' id='word_1_215' title='bbox 135 1667 222 1699; x_wconf 85' lang='lat' dir='ltr'>ordei</span> <span class='ocrx_word' id='word_1_216' title='bbox 238 1668 280 1709; x_wconf 85' lang='lat' dir='ltr'>vij</span> <span class='ocrx_word' id='word_1_217' title='bbox 306 1667 420 1699; x_wconf 82' lang='lat' dir='ltr'>celdris</span> <span class='ocrx_word' id='word_1_218' title='bbox 437 1668 491 1708; x_wconf 82' lang='lat' dir='ltr'>viij</span> <span class='ocrx_word' id='word_1_219' title='bbox 510 1667 604 1698; x_wconf 81' lang='lat' dir='ltr'>bollis</span> <span class='ocrx_word' id='word_1_220' title='bbox 621 1677 794 1698; x_wconf 83' lang='lat' dir='ltr'>avenarum</span> <span class='ocrx_word' id='word_1_221' title='bbox 810 1667 831 1707; x_wconf 79' lang='lat' dir='ltr'>ij</span> <span class='ocrx_word' id='word_1_222' title='bbox 850 1665 946 1697; x_wconf 81' lang='lat' dir='ltr'>bouis</span> <span class='ocrx_word' id='word_1_223' title='bbox 961 1666 1064 1697; x_wconf 79' lang='lat' dir='ltr'>farine</span> <span class='ocrx_word' id='word_1_224' title='bbox 1087 1676 1184 1697; x_wconf 82' lang='lat' dir='ltr'>aven-</span> 
     </span>
     <span class='ocr_line' id='line_1_26' title="bbox 137 1715 1182 1759; baseline -0.001 -11"><span class='ocrx_word' id='word_1_225' title='bbox 137 1717 216 1748; x_wconf 80' lang='lat' dir='ltr'>atice</span> <span class='ocrx_word' id='word_1_226' title='bbox 231 1728 288 1758; x_wconf 89' lang='lat' dir='ltr'>per</span> <span class='ocrx_word' id='word_1_227' title='bbox 302 1718 441 1759; x_wconf 83' lang='lat' dir='ltr'>integras</span> <span class='ocrx_word' id='word_1_228' title='bbox 456 1718 564 1748; x_wconf 76' lang='lat' dir='ltr'>firmas</span> <span class='ocrx_word' id='word_1_229' title='bbox 576 1716 719 1757; x_wconf 82' lang='lat' dir='ltr'>ejusdem</span> <span class='ocrx_word' id='word_1_230' title='bbox 735 1715 869 1747; x_wconf 88' lang='lat' dir='ltr'>dominii</span> <span class='ocrx_word' id='word_1_231' title='bbox 884 1715 969 1746; x_wconf 77' lang='lat' dir='ltr'>infra</span> <span class='ocrx_word' id='word_1_232' title='bbox 985 1717 1182 1756; x_wconf 81' lang='lat' dir='ltr'>quarterium</span> 
     </span>
     <span class='ocr_line' id='line_1_27' title="bbox 135 1764 1184 1808; baseline -0.003 -10"><span class='ocrx_word' id='word_1_233' title='bbox 135 1767 174 1798; x_wconf 85' lang='lat' dir='ltr'>de</span> <span class='ocrx_word' id='word_1_234' title='bbox 190 1767 289 1808; x_wconf 87' lang='lat' dir='ltr'>Largo</span> <span class='ocrx_word' id='word_1_235' title='bbox 312 1767 352 1798; x_wconf 88' lang='lat' dir='ltr'>de</span> <span class='ocrx_word' id='word_1_236' title='bbox 367 1767 461 1798; x_wconf 79' lang='lat' dir='ltr'>dictis</span> <span class='ocrx_word' id='word_1_237' title='bbox 483 1767 636 1798; x_wconf 85' lang='lat' dir='ltr'>terminis.</span> <span class='ocrx_word' id='word_1_238' title='bbox 682 1766 814 1797; x_wconf 85' lang='lat' dir='ltr'>Summa</span> <span class='ocrx_word' id='word_1_239' title='bbox 837 1765 934 1805; x_wconf 83' lang='lat' dir='ltr'>hujus</span> <span class='ocrx_word' id='word_1_240' title='bbox 957 1765 1070 1802; x_wconf 84' lang='lat' dir='ltr'>oneris,</span> <span class='ocrx_word' id='word_1_241' title='bbox 1093 1764 1184 1796; x_wconf 74' lang='lat' dir='ltr'><strong>v⁰1xx</strong></span> 
     </span>
     <span class='ocr_line' id='line_1_28' title="bbox 136 1816 530 1857; baseline 0.003 -11"><span class='ocrx_word' id='word_1_242' title='bbox 136 1816 236 1857; x_wconf 83' lang='lat' dir='ltr'>xxviij</span> <span class='ocrx_word' id='word_1_243' title='bbox 253 1816 284 1847; x_wconf 74' lang='lat' dir='ltr'>n.</span> <span class='ocrx_word' id='word_1_244' title='bbox 302 1827 345 1847; x_wconf 80' lang='lat' dir='ltr'>xv</span> <span class='ocrx_word' id='word_1_245' title='bbox 357 1821 380 1847; x_wconf 68' lang='grc' dir='ltr'>ἑ.</span> <span class='ocrx_word' id='word_1_246' title='bbox 398 1827 419 1847; x_wconf 88' lang='grc' dir='ltr'>Χ</span> <span class='ocrx_word' id='word_1_247' title='bbox 435 1816 464 1847; x_wconf 79' lang='lat' dir='ltr'>d.</span> <span class='ocrx_word' id='word_1_248' title='bbox 481 1816 530 1847; x_wconf 71' lang='lat' dir='ltr'>ob.</span> 
     </span>
    </p>

    <p class='ocr_par' dir='ltr' id='par_1_8' title="bbox 135 1863 1183 2005">
     <span class='ocr_line' id='line_1_29' title="bbox 179 1863 1183 1905; baseline -0.001 -10"><span class='ocrx_word' id='word_1_249' title='bbox 179 1865 271 1903; x_wconf 85' lang='lat' dir='ltr'>Item,</span> <span class='ocrx_word' id='word_1_250' title='bbox 286 1865 371 1897; x_wconf 88' lang='lat' dir='ltr'>idem</span> <span class='ocrx_word' id='word_1_251' title='bbox 387 1868 498 1896; x_wconf 86' lang='lat' dir='ltr'>onerat</span> <span class='ocrx_word' id='word_1_252' title='bbox 513 1875 546 1896; x_wconf 86' lang='lat' dir='ltr'>se</span> <span class='ocrx_word' id='word_1_253' title='bbox 558 1864 598 1895; x_wconf 89' lang='lat' dir='ltr'>de</span> <span class='ocrx_word' id='word_1_254' title='bbox 613 1863 738 1905; x_wconf 50' lang='lat' dir='ltr'>ijclxxvj</span> <span class='ocrx_word' id='word_1_255' title='bbox 750 1863 781 1895; x_wconf 74' lang='grc' dir='ltr'>Π.</span> <span class='ocrx_word' id='word_1_256' title='bbox 800 1864 830 1904; x_wconf 90' lang='lat' dir='ltr'>vj</span> <span class='ocrx_word' id='word_1_257' title='bbox 845 1867 868 1895; x_wconf 66' lang='lat' dir='ltr'>S.</span> <span class='ocrx_word' id='word_1_258' title='bbox 883 1864 905 1904; x_wconf 81' lang='lat' dir='ltr'>ij</span> <span class='ocrx_word' id='word_1_259' title='bbox 919 1863 948 1894; x_wconf 79' lang='lat' dir='ltr'>d.</span> <span class='ocrx_word' id='word_1_260' title='bbox 961 1863 1000 1895; x_wconf 89' lang='lat' dir='ltr'>de</span> <span class='ocrx_word' id='word_1_261' title='bbox 1010 1864 1183 1904; x_wconf 84' lang='lat' dir='ltr'>gressumis</span> 
     </span>
     <span class='ocr_line' id='line_1_30' title="bbox 135 1912 1182 1946; baseline -0.001 -1"><span class='ocrx_word' id='word_1_262' title='bbox 135 1917 292 1945; x_wconf 86' lang='lat' dir='ltr'>certorum</span> <span class='ocrx_word' id='word_1_263' title='bbox 316 1915 499 1946; x_wconf 82' lang='lat' dir='ltr'>tenencium</span> <span class='ocrx_word' id='word_1_264' title='bbox 523 1914 608 1944; x_wconf 78' lang='lat' dir='ltr'>infra</span> <span class='ocrx_word' id='word_1_265' title='bbox 638 1914 761 1944; x_wconf 83' lang='lat' dir='ltr'>dictum</span> <span class='ocrx_word' id='word_1_266' title='bbox 791 1912 970 1943; x_wconf 87' lang='lat' dir='ltr'>dominium</span> <span class='ocrx_word' id='word_1_267' title='bbox 995 1912 1034 1944; x_wconf 86' lang='lat' dir='ltr'>de</span> <span class='ocrx_word' id='word_1_268' title='bbox 1060 1913 1112 1943; x_wconf 78' lang='lat' dir='ltr'>Fif</span> <span class='ocrx_word' id='word_1_269' title='bbox 1143 1913 1182 1944; x_wconf 87' lang='lat' dir='ltr'>de</span> 
     </span>
     <span class='ocr_line' id='line_1_31' title="bbox 136 1962 906 2005; baseline -0.004 -10"><span class='ocrx_word' id='word_1_270' title='bbox 136 1973 219 1995; x_wconf 83' lang='lat' dir='ltr'>anno</span> <span class='ocrx_word' id='word_1_271' title='bbox 235 1964 383 2005; x_wconf 87' lang='lat' dir='ltr'>computi.</span> <span class='ocrx_word' id='word_1_272' title='bbox 430 1964 563 1994; x_wconf 86' lang='lat' dir='ltr'>Summa</span> <span class='ocrx_word' id='word_1_273' title='bbox 578 1963 675 2003; x_wconf 82' lang='lat' dir='ltr'>hujus</span> <span class='ocrx_word' id='word_1_274' title='bbox 690 1962 794 1994; x_wconf 78' lang='lat' dir='ltr'>oneris</span> <span class='ocrx_word' id='word_1_275' title='bbox 809 1965 906 2002; x_wconf 83' lang='lat' dir='ltr'>patet.</span> 
     </span>
    </p>

    <p class='ocr_par' dir='ltr' id='par_1_9' title="bbox 135 2009 1182 2252">
     <span class='ocr_line' id='line_1_32' title="bbox 179 2009 1181 2052; baseline -0.001 -8"><span class='ocrx_word' id='word_1_276' title='bbox 179 2013 309 2044; x_wconf 80' lang='lat' dir='ltr'>Summa</span> <span class='ocrx_word' id='word_1_277' title='bbox 320 2013 428 2044; x_wconf 83' lang='lat' dir='ltr'>totalis</span> <span class='ocrx_word' id='word_1_278' title='bbox 439 2012 635 2044; x_wconf 86' lang='lat' dir='ltr'>oneracionis</span> <span class='ocrx_word' id='word_1_279' title='bbox 645 2016 751 2052; x_wconf 82' lang='lat' dir='ltr'>preter</span> <span class='ocrx_word' id='word_1_280' title='bbox 762 2009 1069 2051; x_wconf 79' lang='lat' dir='ltr'>arreragia‚vij⁰lxxv</span> <span class='ocrx_word' id='word_1_281' title='bbox 1081 2011 1112 2043; x_wconf 72' lang='lat' dir='ltr'>fi.</span> <span class='ocrx_word' id='word_1_282' title='bbox 1123 2012 1144 2052; x_wconf 84' lang='lat' dir='ltr'>ij</span> <span class='ocrx_word' id='word_1_283' title='bbox 1157 2016 1181 2043; x_wconf 73' lang='grc' dir='ltr'>ἔ.</span> 
     </span>
     <span class='ocr_line' id='line_1_33' title="bbox 135 2060 1181 2102; baseline -0.001 -9"><span class='ocrx_word' id='word_1_284' title='bbox 135 2061 182 2093; x_wconf 75' lang='lat' dir='ltr'>ob.</span> <span class='ocrx_word' id='word_1_285' title='bbox 227 2062 359 2093; x_wconf 86' lang='lat' dir='ltr'>Summa</span> <span class='ocrx_word' id='word_1_286' title='bbox 375 2062 484 2093; x_wconf 82' lang='lat' dir='ltr'>totalis</span> <span class='ocrx_word' id='word_1_287' title='bbox 503 2061 700 2092; x_wconf 83' lang='lat' dir='ltr'>oneracionis</span> <span class='ocrx_word' id='word_1_288' title='bbox 715 2070 788 2091; x_wconf 81' lang='lat' dir='ltr'>cum</span> <span class='ocrx_word' id='word_1_289' title='bbox 805 2061 971 2102; x_wconf 79' lang='lat' dir='ltr'>arreragiis</span> <span class='ocrx_word' id='word_1_290' title='bbox 987 2060 1021 2091; x_wconf 88' lang='lat' dir='ltr'>in</span> <span class='ocrx_word' id='word_1_291' title='bbox 1037 2062 1181 2101; x_wconf 85' lang='lat' dir='ltr'>pecunia,</span> 
     </span>
     <span class='ocr_line' id='line_1_34' title="bbox 135 2103 1179 2152; baseline -0.002 -9"><span class='ocrx_word' id='word_1_292' title='bbox 135 2110 192 2152; x_wconf 74' lang='lat' dir='ltr'>vij⁶</span> <span class='ocrx_word' id='word_1_293' title='bbox 206 2111 307 2152; x_wconf 82' lang='lat' dir='ltr'>lxxvij</span> <span class='ocrx_word' id='word_1_294' title='bbox 325 2112 356 2143; x_wconf 75' lang='lat' dir='ltr'>fi.</span> <span class='ocrx_word' id='word_1_295' title='bbox 374 2123 395 2142; x_wconf 86' lang='grc' dir='ltr'>Χ</span> <span class='ocrx_word' id='word_1_296' title='bbox 420 2116 442 2143; x_wconf 72' lang='grc' dir='ltr'>Ξ.</span> <span class='ocrx_word' id='word_1_297' title='bbox 459 2122 480 2141; x_wconf 90' lang='lat' dir='ltr'><strong>v</strong></span> <span class='ocrx_word' id='word_1_298' title='bbox 496 2111 525 2142; x_wconf 81' lang='lat' dir='ltr'>d.</span> <span class='ocrx_word' id='word_1_299' title='bbox 550 2111 597 2142; x_wconf 71' lang='lat' dir='ltr'>ob.</span> <span class='ocrx_word' id='word_1_300' title='bbox 643 2110 776 2142; x_wconf 87' lang='lat' dir='ltr'>Summa</span> <span class='ocrx_word' id='word_1_301' title='bbox 792 2103 900 2140; x_wconf 75' lang='lat' dir='ltr'>totalis</span> <span class='ocrx_word' id='word_1_302' title='bbox 924 2110 1085 2147; x_wconf 79' lang='lat' dir='ltr'>frumenti,</span> <span class='ocrx_word' id='word_1_303' title='bbox 1102 2111 1179 2152; x_wconf 82' lang='lat' dir='ltr'><strong>xxxj</strong></span> 
     </span>
     <span class='ocr_line' id='line_1_35' title="bbox 135 2159 1182 2202; baseline -0.002 -10"><span class='ocrx_word' id='word_1_304' title='bbox 135 2161 237 2192; x_wconf 82' lang='lat' dir='ltr'>celdre</span> <span class='ocrx_word' id='word_1_305' title='bbox 253 2162 284 2202; x_wconf 89' lang='lat' dir='ltr'>vj</span> <span class='ocrx_word' id='word_1_306' title='bbox 302 2161 386 2193; x_wconf 85' lang='lat' dir='ltr'>bolle</span> <span class='ocrx_word' id='word_1_307' title='bbox 402 2162 435 2202; x_wconf 84' lang='lat' dir='ltr'>iij</span> <span class='ocrx_word' id='word_1_308' title='bbox 454 2161 566 2192; x_wconf 82' lang='lat' dir='ltr'>ferlote</span> <span class='ocrx_word' id='word_1_309' title='bbox 577 2160 597 2201; x_wconf 86' lang='lat' dir='ltr'>ij</span> <span class='ocrx_word' id='word_1_310' title='bbox 615 2170 709 2201; x_wconf 85' lang='lat' dir='ltr'>pecce</span> <span class='ocrx_word' id='word_1_311' title='bbox 722 2159 883 2190; x_wconf 81' lang='lat' dir='ltr'>frumenti.</span> <span class='ocrx_word' id='word_1_312' title='bbox 930 2159 1061 2190; x_wconf 86' lang='lat' dir='ltr'>Summa</span> <span class='ocrx_word' id='word_1_313' title='bbox 1073 2159 1182 2191; x_wconf 86' lang='lat' dir='ltr'>totalis</span> 
     </span>
     <span class='ocr_line' id='line_1_36' title="bbox 136 2208 1182 2252; baseline -0.001 -11"><span class='ocrx_word' id='word_1_314' title='bbox 136 2211 230 2249; x_wconf 86' lang='lat' dir='ltr'>ordei,</span> <span class='ocrx_word' id='word_1_315' title='bbox 246 2211 290 2252; x_wconf 85' lang='lat' dir='ltr'>lxj</span> <span class='ocrx_word' id='word_1_316' title='bbox 309 2211 412 2243; x_wconf 82' lang='lat' dir='ltr'>celdre</span> <span class='ocrx_word' id='word_1_317' title='bbox 428 2212 460 2251; x_wconf 82' lang='lat' dir='ltr'>xj</span> <span class='ocrx_word' id='word_1_318' title='bbox 479 2211 561 2242; x_wconf 81' lang='lat' dir='ltr'>boue</span> <span class='ocrx_word' id='word_1_319' title='bbox 578 2221 650 2242; x_wconf 84' lang='lat' dir='ltr'>cum</span> <span class='ocrx_word' id='word_1_320' title='bbox 667 2209 764 2240; x_wconf 84' lang='lat' dir='ltr'>tercia</span> <span class='ocrx_word' id='word_1_321' title='bbox 779 2212 868 2250; x_wconf 83' lang='lat' dir='ltr'>parte</span> <span class='ocrx_word' id='word_1_322' title='bbox 885 2208 1004 2239; x_wconf 83' lang='lat' dir='ltr'>ferlote.</span> <span class='ocrx_word' id='word_1_323' title='bbox 1050 2209 1182 2240; x_wconf 83' lang='lat' dir='ltr'>Summa</span> 
     </span>
    </p>
   </div>
  </div>
 </body>
</html>
