1551 2462
62 18 66 21 ,
103 0 179 17 <-·,;””τ
217 0 220 1 ’
260 3 262 5 -

7 63 9 65 ,
30 39 36 44 .
51 34 64 65 Ἴ.

109 289 198 319 1467.
362 330 365 334 .
419 287 580 319 REGUM
604 287 849 319 SCOTORUM.
1092 292 1151 320 497

105 379 209 410 warde
231 379 453 420 computantis.
499 380 542 411 Et
564 380 602 411 de
626 381 680 421 xvj
704 380 736 412 fi.
761 391 782 412 x
805 385 827 412 s.
852 392 909 422 per
931 382 1152 413 vendicionem

104 428 286 469 quindecim
303 439 471 460 vaccarum
485 429 644 460 dictarum
667 430 784 471 bowky
800 431 883 461 dicte
900 431 1005 462 warde
1028 431 1066 462 de
1090 435 1152 462 ter-

103 478 190 510 mino
207 479 411 510 Invencionis
428 479 542 511 Sancte
567 480 677 511 Crucis
693 484 768 512 ante
791 481 852 512 hoc
868 484 1063 521 computum.
1110 482 1152 512 Et

103 528 203 559 nichil
218 529 270 560 hic
285 529 324 560 de
341 529 451 560 martis
467 530 545 561 dicti
557 530 685 561 termini
698 531 782 562 infra
795 530 853 561 hoc
867 533 1063 571 computum,
1076 531 1152 571 quia
1166 549 1304 572 Onerandus
1315 552 1352 573 est

103 588 168 610 non
183 578 286 610 adhuc
301 579 481 610 introduxit
496 590 557 617 eas,
573 580 628 611 sed
644 580 823 611 onerandus
835 584 884 611 est
900 590 973 611 cum
986 580 1102 611 eisdem
1117 581 1151 611 in
1165 581 1314 608 computans.

103 629 245 670 proximo
261 632 409 670 computo
426 639 490 660 suo.
537 630 669 661 Summa
684 629 780 670 hujus
796 630 910 665 oneris,
927 630 960 660 xl
976 629 1007 660 fi.
1025 630 1093 670 xiiij
1112 635 1134 661 s.

145 679 277 710 Summa
294 679 402 710 totalis
425 680 620 711 oneracionis
642 684 749 721 preter
770 680 935 721 arreragia,
955 678 1097 721 j⁰lxxxiij
1116 680 1147 711 Π.

102 727 147 768 iiij
172 732 194 759 s.
241 728 372 759 Summa
396 728 503 760 totalis
529 729 726 761 oneracionis
752 740 827 761 cum
850 730 1024 771 arreragiis,
1040 729 1148 771 ij²xifij

102 777 133 809 fi.
149 778 182 809 ix
198 782 220 810 ἓ.
234 778 247 819 j
264 778 295 809 d.

143 829 290 869 Expense
313 828 462 868 ejusdem.
509 829 549 860 In
571 829 692 870 primis,
716 829 849 861 allocate
873 830 1075 870 computanti
1091 840 1147 870 per

100 877 293 909 solucionem
308 879 426 910 factam
441 879 561 910 Thome
577 879 798 920 Myddilmast,
815 880 966 919 magistro
983 890 1148 910 cursorum

13 960 22 972 ᾗ
100 928 182 959 dicte
202 928 315 965 warde,
342 939 398 969 pro
425 929 517 960 feodo
538 939 595 960 suo
623 929 662 960 de
687 939 771 960 anno
794 929 946 970 computi,
970 929 1000 969 vj
1026 928 1059 960 fi.
1104 929 1147 959 Et

57 999 59 1002 ι
100 978 296 1019 computanti
311 988 369 1019 pro
385 978 477 1009 feodo
493 989 550 1009 suo
574 979 612 1010 de
636 978 721 1011 dicto
740 989 833 1015 anno,
851 979 880 1019 vj
898 978 930 1008 li.
976 978 1018 1008 Et
1034 978 1147 1014 eidem,

99 1027 138 1058 de
160 1027 258 1058 firmis
281 1030 418 1068 quatuor
447 1027 599 1064 locorum,
623 1028 773 1058 videlicet
796 1028 932 1058 duorum
956 1027 1146 1058 Montbren-

99 1077 188 1118 geris,
202 1077 233 1107 le
249 1076 389 1114 Catslak‚
412 1080 445 1108 et
468 1077 657 1118 Hal-(grane,
673 1080 900 1118 occupatorum
922 1087 993 1107 oum
1011 1076 1147 1117 propriis

100 1175 175 1207 dicti
190 1175 333 1216 Douglas
356 1176 438 1216 Crag
453 1176 486 1206 in
504 1176 652 1207 manibus
676 1176 797 1207 domini
818 1175 1074 1216 Hammyltoune
1089 1185 1146 1215 pro

99 1226 194 1257 tercia
219 1226 326 1257 debita
351 1235 465 1266 sponse
489 1236 555 1263 sue,
578 1226 616 1256 de
643 1225 753 1256 eodem
778 1235 870 1262 anno,
892 1225 923 1265 vj
949 1225 980 1255 H.
1026 1225 1068 1255 Et
1091 1235 1148 1265 per

98 1274 322 1306 liberacionem
348 1275 466 1306 factam
492 1275 644 1315 magistro
675 1275 782 1305 David
810 1274 933 1305 Guthre
961 1274 999 1305 de
1027 1274 1146 1310 eodem,

98 1328 319 1366 computorum
335 1325 512 1362 rotulatori,
523 1325 561 1356 ad
575 1335 730 1366 expensas
748 1324 902 1356 domicilii
918 1324 1039 1354 domini
1055 1324 1146 1364 regis,

98 1374 166 1415 ipso
181 1375 302 1406 fatente
317 1378 479 1415 receptum
498 1378 530 1406 et
546 1375 585 1406 de
608 1376 724 1416 quibus
741 1374 881 1406 reddidit
897 1377 1092 1414 computum,
1110 1377 1146 1404 ut

98 1426 186 1464 patet
200 1423 235 1454 in
257 1423 373 1455 ultimo
396 1427 545 1465 computo
570 1434 635 1461 suo,
655 1423 704 1465 j²ij
728 1424 759 1455 fi.
806 1424 848 1454 Et
871 1434 927 1464 per
949 1423 1145 1454 solucionem

98 1472 214 1504 factam
230 1472 315 1504 dieto
332 1476 552 1513 computorum
576 1473 752 1510 rotulatori‚
775 1473 844 1514 ipso
860 1472 1007 1503 similiter
1023 1473 1145 1503 fatente
1159 1472 1323 1525 ge{1laqnde12it

98 1525 259 1563 receptum
285 1522 324 1553 de
350 1522 469 1559 eodem,
495 1533 517 1553 v
546 1522 588 1560 li,
613 1533 670 1563 pro
700 1522 817 1563 quibus
844 1521 1056 1562 respondebit.
1102 1521 1144 1552 Et
1157 1510 1282 1555 rossuizigssr.

99 1570 208 1608 eidem,
224 1571 262 1603 de
284 1574 529 1603 amerciamento
553 1572 720 1612 cujusdam
743 1572 877 1612 Georgei
902 1571 1064 1602 Davisone
1087 1581 1144 1611 pro

98 1620 270 1652 abscisione
287 1631 342 1652 sex
359 1631 543 1662 quercuum,
559 1631 633 1652 cum
656 1631 719 1662 quo
743 1624 931 1661 computans
955 1620 1145 1651 onerabatur

97 1680 152 1711 per
178 1673 355 1702 extractum
383 1671 460 1701 anni
482 1671 680 1712 precedentis
704 1671 763 1702 hoc
790 1675 986 1712 computum,
1013 1670 1143 1701 remisso

96 1729 152 1762 per
167 1720 329 1751 dominum
346 1731 461 1762 regem,
476 1722 514 1751 ut
529 1724 618 1761 patet
641 1731 697 1761 per
720 1721 828 1752 literas
850 1720 972 1751 domini
987 1720 1067 1760 regis
1083 1720 1143 1751 sub

97 1769 218 1810 signeto
243 1770 321 1801 alias
346 1770 545 1801 auditoribus
569 1773 722 1808 ostensas,
747 1770 782 1800 lx
804 1770 836 1800 li.
882 1770 923 1800 Et
951 1769 1063 1805 eidem,
1085 1778 1142 1808 pro

98 1819 241 1860 expensis
259 1820 350 1851 factis
367 1830 422 1861 per
445 1823 684 1861 computantem
707 1820 740 1850 in
765 1819 891 1850 stabulo
914 1817 1036 1849 domini
1052 1818 1142 1858 regis,

10 1869 33 1893 ’ἓ
98 1868 296 1900 dominorum
312 1869 401 1901 ducis
425 1869 563 1900 Albanie
587 1872 619 1901 et
642 1870 768 1900 comitis
785 1869 823 1899 de
840 1869 928 1899 Marr
944 1868 1026 1898 circa
1042 1877 1140 1907 equos

49 1943 51 1945 .
98 1919 275 1956 eorundem,
299 1919 448 1950 videlicet
471 1920 504 1950 in
529 1920 637 1956 frenis,
660 1919 822 1960 capestris,
845 1917 954 1949 ferreis
977 1926 1141 1957 equorum,

97 1968 347 2007 reparacionibus
375 1969 535 2006 cellarum,
566 1973 598 2000 et
628 1969 699 2000 aliis
725 1968 859 1998 minutis
890 1967 1005 2008 emptis
1030 1970 1062 1997 et
1087 1976 1141 1997 ex-

97 2017 202 2057 pensis
223 2017 258 2048 iu
281 2018 365 2049 dicto
388 2018 514 2049 stabulo
538 2019 576 2050 de
599 2029 682 2049 anno
706 2017 847 2058 computi
871 2020 903 2047 et
927 2026 1010 2047 anno
1033 2026 1140 2057 prece-

50 2102 66 2109 ἡ
98 2064 190 2097 dente
216 2066 275 2098 hoc
302 2071 497 2108 computum,
528 2072 565 2099 ut
589 2072 678 2109 patet
704 2078 759 2108 per
783 2067 900 2097 librum
924 2066 1139 2106 computantis

40 2119 63 2131 *⁸
97 2115 327 2155 particulariter
349 2117 568 2148 examinatum
591 2127 687 2158 super
710 2119 904 2157 computum,
923 2115 1001 2155 xviij
1019 2114 1051 2145 Π.
1097 2115 1139 2145 Et

97 2163 205 2202 eidem,
220 2176 277 2206 pro
293 2166 384 2197 feodo
400 2177 457 2197 suo
474 2177 531 2207 pro
550 2167 683 2198 servicio
698 2166 781 2206 regis
797 2165 835 2196 de
852 2174 935 2195 anno
951 2164 1095 2204 computi
1107 2167 1139 2194 et

97 2223 179 2244 anno
194 2215 382 2256 precedente
397 2216 457 2247 hoc
480 2220 675 2257 computum,
699 2215 774 2255 xxvj
793 2214 824 2246 li.
842 2214 896 2255 xiij
915 2218 937 2244 Ξ.
954 2213 999 2253 iiij
1018 2213 1046 2243 d.
1093 2213 1136 2243 Et

139 2270 206 2295 vor.
223 2272 277 2297 vn.
962 2264 979 2293 2
997 2271 1008 2293 1
