1551 2462
23 154 42 162 ...ν

0 319 30 508 ἑ

7 502 35 540 ιζ..

13 544 22 552 μ

7 583 11 585 .
19 567 39 583 :⁸

0 164 33 334 ὲ

123 277 125 279 ¹
135 288 227 318 1467.
445 285 607 317 REGUM
631 285 877 318 SOOTORUM.
1034 263 1037 265 Δ
1119 289 1180 319 483

127 378 196 419 xiiij
222 378 312 410 bolle.
358 378 492 410 Summa
518 388 656 420 expense
682 380 778 420 patet.
824 379 866 410 Et
893 379 938 411 sie
968 382 1090 411 restant
1122 380 1178 421 viij

129 428 234 461 celdre
249 428 272 469 ij
289 427 380 459 belle.

170 526 367 568 Computum
381 526 537 558 Willelmi
562 526 805 558 Edmonstoune
828 527 867 559 de
883 528 1057 565 Duntreth,
1074 538 1177 559 eame-
1191 526 1351 564 Menteth,

68 574 74 577 ’
123 575 200 607 rarii
225 578 258 608 et
278 575 390 607 ballivi
417 576 631 607 dominiorum
658 576 697 607 de
723 576 874 608 Menteth
900 580 933 608 et
961 577 1177 618 Strogartnay,
1192 572 1249 601 6ῢο-

118 625 336 673 Drummond,
359 629 392 656 et
408 625 570 666 Duehray,
593 628 661 663 ete,
686 625 804 666 [Pertlz,
826 626 870 656 19
892 626 977 657 Jeme
999 626 1107 667 1467]
1139 627 1178 657 de

125 675 273 707 omnibus
303 675 437 716 receptis
464 676 530 706 suis
554 677 586 706 et
615 675 764 716 expensis
789 685 846 716 per
877 676 982 707 firmas
1010 679 1042 707 et
1069 676 1175 707 exitus

125 724 221 757 ballie
244 727 277 756 et
299 725 525 756 camerariatus
547 725 764 766 predictorum
786 735 805 756 a
827 725 878 756 die
908 725 1060 757 vicesimo
1091 726 1174 766 ejus-

67 787 69 790 ’
123 774 196 807 dem
221 775 340 806 mensis
362 775 385 806 J
388 775 456 806 unii
485 774 575 806 Anni
598 775 732 806 Domini
756 778 813 806 ete.
838 775 1026 816 sexagesimi
1057 775 1172 816 quarti,

125 828 158 857 et
193 825 233 856 de
271 825 409 856 termino
449 824 670 856 Pentiehostes
701 825 890 866 precedente
928 825 1050 856 dietum
1081 825 1175 862 diem,

79 874 94 893 “-
124 874 199 916 quia
227 873 304 906 lieet
340 869 488 905 dominus
526 874 684 905 Robertus
723 874 827 911 Mure,
865 877 943 905 tune
975 875 1174 912 camerarius,

123 923 263 955 reddidit
296 923 352 954 illo
389 933 474 955 anno
511 923 706 964 sexagesimo
746 926 859 964 quarto
904 926 1092 965 computum
1136 924 1176 955 de

125 972 268 1004 terminis
298 972 424 1014 elapsis,
449 972 592 1013 prefatus
616 976 805 1013 computans
835 973 1008 1004 intromisit
1039 983 1071 1004 se
1102 983 1176 1004 eum

125 1022 261 1054 termino
292 1022 512 1054 Pentiehostes
548 1021 637 1053 illius
662 1022 740 1053 anni
762 1023 979 1063 suprascripti,
1006 1025 1039 1054 et
1066 1023 1112 1054 sie
1136 1023 1175 1054 de

124 1072 224 1104 tribus
241 1072 333 1104 annis
350 1072 481 1113 integris
498 1075 531 1103 et
546 1082 611 1103 uno
627 1072 765 1103 termino
781 1072 866 1103 infra
882 1072 942 1104 hoe
958 1076 1151 1113 computum.

165 1122 208 1153 Et
233 1121 477 1153 memorandum
507 1121 593 1162 quod
626 1125 817 1162 computans
847 1132 912 1153 non
942 1125 1053 1153 onerat
1075 1132 1109 1153 se
1136 1122 1175 1153 de

44 1165 52 1175 ³
90 1210 94 1211 ⁷
120 1171 236 1213 viginti
252 1175 376 1213 septem
390 1171 481 1202 libris
504 1171 621 1213 viginti
638 1182 709 1202 uno
733 1171 871 1202 denariis
894 1175 926 1203 et
945 1171 1037 1203 obolo
1053 1174 1174 1203 restan-

122 1221 208 1253 tibus
223 1221 257 1252 in
272 1221 352 1262 pede
375 1221 518 1262 computi
540 1221 617 1252 anni
641 1220 830 1261 sexagesimi
853 1221 959 1262 quarti
987 1221 1103 1252 redditi
1118 1231 1175 1262 per

123 1270 288 1302 dominum
310 1271 487 1302 Robertum
521 1270 625 1308 Mure,
656 1280 752 1311 super
781 1280 844 1311 quo
877 1270 1092 1302 consulendus
1125 1273 1173 1302 est
1187 1299 1353 1322 Consulenduz

27 1312 34 1330 Κ
122 1330 185 1352 rex.
1186 1330 1222 1352 est
1232 1336 1281 1352 rex.

165 1370 257 1401 Idem
283 1372 394 1402 onerat
420 1380 453 1401 se
478 1370 512 1401 in
527 1369 640 1411 primis
664 1370 702 1401 de
728 1368 886 1411 vij⁰xxxvj
913 1369 944 1400 Ii.
969 1370 1003 1411 iij
1030 1374 1052 1401 s.
1078 1370 1124 1410 iiij
1143 1370 1171 1401 d.

97 1459 99 1461 Ι
121 1429 177 1462 per
201 1420 341 1461 integras
365 1420 471 1451 firmas
494 1420 628 1451 dominii
652 1419 692 1451 de
719 1420 870 1451 Menteth
896 1419 935 1451 de
962 1422 1084 1460 septem
1110 1422 1173 1450 ter-

121 1470 217 1501 minis
233 1470 329 1511 hujus
353 1469 504 1510 computi,
521 1473 617 1510 prout
639 1472 728 1510 patet
751 1469 784 1500 in
800 1469 917 1500 rentali
939 1469 1174 1510 particulariter

38 1552 51 1561 λ
90 1526 94 1529 ’
123 1519 303 1551 examinato
327 1529 423 1560 super
438 1522 632 1560 computum.
679 1519 722 1550 Et
749 1519 788 1551 de
810 1518 837 1560 j⁰
851 1519 977 1549 lxxxxv
1002 1519 1034 1550 fi.
1062 1519 1119 1559 viij
1148 1523 1170 1550 s.

17 1582 78 1610 ,κβ
119 1568 166 1610 iiij
191 1568 220 1600 d.
250 1579 307 1610 per
331 1568 471 1609 integras
500 1569 603 1599 firmas
629 1569 763 1600 dominii
795 1568 834 1600 de
862 1568 1093 1610 Strongartnay
1130 1568 1169 1599 de

122 1617 240 1650 eisdem
268 1618 422 1650 terminis.
468 1619 511 1649 Et
538 1618 576 1649 de
600 1617 627 1659 j⁰
642 1618 677 1649 xl
704 1618 736 1649 H.
762 1618 801 1649 de
817 1618 916 1648 firmis
944 1621 1100 1649 terrarum
1130 1617 1170 1648 de

121 1667 324 1699 Drummond
350 1678 422 1699 eum
450 1667 633 1699 molendino
659 1667 803 1708 ejusdem
830 1667 868 1698 de
895 1667 989 1698 dietis
1014 1667 1167 1698 terminis.

32 1697 59 1754 τῇ
121 1716 164 1748 Et
178 1717 217 1749 de
227 1728 320 1751 xxxv
333 1717 364 1748 fi.
382 1717 421 1748 de
444 1717 543 1748 firmis
568 1720 719 1748 terrarum
747 1717 785 1748 de
812 1716 964 1757 Duehray
988 1716 1026 1747 de
1049 1716 1170 1747 eisdem

54 1789 59 1795 .
121 1767 272 1798 terminis.
319 1766 452 1798 Summa
466 1766 564 1808 hujus
580 1767 692 1804 oneris,
705 1767 741 1807 jm
754 1765 780 1807 j⁰
795 1767 827 1807 vj
845 1766 876 1796 fi.
896 1766 927 1806 xj
946 1770 968 1797 s.
985 1765 1041 1806 viij
1059 1765 1087 1796 d.

165 1816 258 1854 Item,
269 1816 355 1847 idem
371 1819 481 1847 onerat
503 1826 536 1848 se
560 1816 598 1847 de
615 1816 705 1857 xxxij
723 1816 754 1847 fi.
778 1816 834 1856 xiij
853 1820 875 1846 s.
892 1816 938 1856 iiij
955 1815 984 1845 d.
1008 1815 1047 1846 de
1070 1815 1169 1846 firmis

122 1867 276 1897 terrarum
292 1866 331 1897 de
353 1866 440 1897 Estir
456 1869 488 1897 et
504 1865 625 1896 Westir
641 1865 869 1896 Innerloehian
892 1864 976 1894 infra
993 1863 1170 1895 dominium

7 1932 9 1934 ·
30 1915 43 1949 ,ἶ
123 1914 162 1946 de
173 1914 424 1956 Buehquhidder
435 1915 473 1946 de
486 1917 608 1956 septem
624 1915 770 1946 terminis
783 1914 879 1954 hujus
895 1913 1046 1953 computi,
1059 1923 1121 1954 que
1137 1923 1170 1944 se

56 2027 72 2051 2-
101 1998 104 1999 ⁷
125 2013 163 2045 de
175 2014 273 2046 firmis
289 2017 445 2046 terrarum
456 2014 494 2045 de
505 2014 735 2054 Innerkermag
747 2013 786 2044 de
802 2012 895 2043 dictis
908 2011 1048 2042 dominio
1061 2015 1093 2043 et
1108 2017 1170 2043 ter-

95 2072 98 2073 ’
113 2063 228 2095 ‘minis
272 2064 313 2096 Et
330 2064 369 2096 de
385 2064 419 2095 ix
428 2064 460 2095 Ῐί.
471 2064 503 2104 vj
521 2068 543 2095 s.
555 2063 611 2104 viij
623 2064 650 2094 d.
669 2063 707 2094 de
723 2062 823 2093 firmis
839 2064 994 2092 terrarum
1007 2060 1045 2092 de
1058 2061 1170 2093 Inner-

123 2113 217 2149 reoeh
238 2113 277 2145 de
293 2113 413 2145 eisdem
429 2113 582 2145 terminis.
628 2113 671 2143 Et
693 2112 732 2142 de
749 2111 826 2151 xviij
843 2110 874 2140 n.
899 2109 956 2150 xiij
974 2114 997 2140 s.
1021 2109 1068 2150 iiij
1086 2110 1114 2141 d.
1131 2111 1170 2141 de

129 2162 226 2194 firmis
241 2166 395 2194 terrarum
411 2163 450 2194 de
465 2161 718 2193 Monachilmore
734 2161 773 2191 de
789 2159 907 2190 eisdem
930 2159 1083 2190 terminis.
1128 2160 1172 2190 Et

46 2208 74 2246 ζ
107 2210 163 2242 'de
179 2211 246 2253 xiiij
263 2211 294 2243 ΪῘ.
319 2212 357 2244 de
380 2212 480 2244 firmis
502 2214 659 2243 terrarum
681 2209 721 2241 de
736 2208 902 2240 Monaehil
924 2208 1120 2240 Disehoraeh
1132 2208 1172 2240 de
