1551 2462
5 1781 15 1788 ν
0 1713 26 1770 ἵςῆκῖι
0 1486 31 1705 ’ῃιῖῦξψίῐῖθῆ
0 1196 25 1471 ἫὟΡΨῪἻᾞῬὛΨ
0 1025 16 1186 «””.”“’·’Ᾰ”“’“’““’·
0 972 20 1009 '⁹2⁴
0 956 4 964 ⁷

48 1634 52 1637 ψ
45 1613 54 1618 1
46 1097 50 1100 A
40 1045 50 1050 Ῑ
37 1019 41 1022 “

114 285 204 315 1465.
424 282 585 314 REGUM
610 281 856 314 SCOTORUM.
1100 286 1160 314 335

111 376 234 408 domini
248 376 329 418 regis
345 376 528 417 quindecim
548 386 713 413 annorum,
730 375 769 406 de
784 385 868 406 anno
885 375 1027 416 computi
1043 378 1075 406 et
1098 385 1162 406 uno

110 427 247 458 termino
269 426 458 467 precedente
474 426 533 457 hoc
550 429 746 466 computum,
763 425 802 456 de
818 425 917 456 firmis
942 425 980 456 de
1003 425 1033 456 le
1057 425 1162 465 Myris
1177 423 1341 481 ξξῗξὲζξξξῖἴ

112 476 151 507 de
162 476 435 517 Ochtyrmukty,v
447 476 478 506 H.
504 476 563 516 [To
578 475 971 516 Oomptrollerss163.8d.]
998 475 1040 505 Et
1050 475 1162 512 eidem,
1176 482 1302 505 rotulator.

112 536 168 567 pro
184 525 322 566 quodam
338 525 418 557 bove
430 525 487 566 qui
502 525 714 565 interemptus
728 528 795 556 erat
810 524 967 556 trahendo
977 528 1064 555 certa
1075 524 1163 565 ligna

113 575 234 606 domini
257 575 337 616 regis
362 575 402 606 ad
429 574 601 611 Faucland,
628 584 667 605 ex
693 574 947 605 consideracione
971 574 1163 611 auditorum,

113 635 157 656 xx
172 629 194 656 ἔ.
240 625 282 656 Et
305 624 417 661 eidem,
432 635 490 665 pro
507 624 615 655 decem
632 623 733 654 bobus
749 624 849 664 pastis
866 623 982 664 emptis
998 634 1055 664 per
1078 634 1162 655 com-

112 677 288 715 putantem,
311 677 343 705 et
372 674 500 705 intratis
531 674 566 704 in
595 673 687 704 libris
718 673 877 704 dietarum
901 673 970 704 siue
993 673 1100 714 precio
1124 684 1163 704 ex

112 723 326 765 necgligencia
342 724 535 755 intrancium
553 723 688 760 eosdem,
701 726 733 754 et
746 723 927 764 expenditis
943 723 977 753 in
994 723 1163 760 domicilio,

111 777 208 814 prout
222 776 312 814 patet
326 773 361 804 in
377 773 497 804 eisdem
512 773 602 804 libris
620 772 856 813 particulariter
869 773 1058 804 examinatis
1069 783 1165 813 super

113 825 306 864 computum,
320 823 418 863 precii
441 823 573 864 equalis,
596 833 638 853 xv
661 822 693 853 ri.
740 823 782 853 Et
805 822 917 860 eidem,
939 833 996 863 pro
1020 822 1165 853 custodia

113 873 322 904 ducentarum
339 872 510 913 quinquies
533 872 649 913 viginti
671 875 848 903 marterum
865 883 921 913 per
938 873 1015 903 duos
1039 882 1164 903 menses

114 926 145 954 et
156 922 296 953 candelis
307 922 346 953 ad
359 921 522 953 stabulum
535 922 617 962 regis
633 932 652 952 a
664 921 745 952 festo
757 921 866 952 Sancti
876 921 1046 952 Michaelis
1063 931 1164 962 usque

113 972 230 1003 Natale
253 971 394 1009 Domini,
417 971 474 1012 xlij
500 975 523 1002 s.
587 971 646 1011 [To
678 971 887 1011 Gomptroller,
909 971 985 1012 ἐφ]
1033 971 1165 1002 Summa
1238 979 1282 1002 Do.

112 1021 209 1062 hujus
232 1021 443 1057 allocacionis‚
456 1020 572 1061 j⁰xxvij
593 1020 626 1052 n.
643 1031 664 1051 x
680 1025 702 1051 s.
720 1020 753 1051 ix
770 1020 798 1051 d.
844 1021 886 1051 Et
902 1020 947 1051 sic
970 1024 1093 1051 restant
1109 1020 1165 1051 xix

113 1070 145 1101 ii.
163 1081 183 1101 v
200 1074 222 1101 s.
236 1071 248 1111 j
267 1070 295 1101 d.
313 1070 370 1107 ob„
386 1070 478 1101 feodo
494 1080 559 1101 non
575 1070 718 1102 allocato.

157 1120 306 1160 Expense
337 1129 506 1160 granorum
537 1119 734 1150 oneracionis
779 1119 927 1160 predicte.
974 1120 1015 1151 In
1046 1119 1165 1161 primis,
1179 1123 1258 1153 Fru-

113 1168 247 1200 allocate
257 1168 457 1209 computanti
467 1179 523 1209 per
532 1167 756 1200 liberacionem
768 1169 885 1200 factam
896 1169 1032 1201 Patricio
1047 1170 1164 1210 Purdy,
1179 1170 1331 1198 mentum.

113 1221 226 1261 pistori
256 1220 378 1251 domini
400 1220 491 1261 regis,
514 1220 553 1251 ad
587 1230 742 1261 expensas
773 1221 928 1252 domicilii
958 1222 1102 1262 ejusdem
1133 1225 1165 1252 et

112 1270 231 1301 intrate
261 1270 296 1300 in
325 1269 415 1301 libris
445 1270 561 1310 prefati
607 1269 760 1301 domicilii
791 1281 809 1301 a
834 1271 1041 1302 decimonono
1072 1271 1165 1302 Junii

114 1319 273 1350 inclusive
289 1319 366 1350 anni
382 1319 572 1360 sexagesimi
588 1319 694 1359 quarti
717 1315 873 1360 usquead
896 1331 1018 1351 nonum
1041 1319 1164 1361 Aprilis

112 1369 268 1410 presentis
284 1368 360 1399 anni
376 1369 524 1400 similiter
547 1368 713 1406 inclusive,
736 1372 773 1399 ut
797 1372 886 1409 patet
910 1370 945 1400 in
969 1369 1055 1400 dicto
1082 1370 1164 1400 libro

113 1418 266 1449 domicilii
295 1418 452 1458 presentis
484 1418 561 1449 anni
591 1418 826 1458 particulariter
856 1419 1038 1450 examinato
1070 1429 1165 1459 super

113 1471 307 1508 computum,
323 1467 403 1497 xxix
418 1467 522 1498 celdre
539 1467 607 1507 xiiij
625 1467 716 1498 holle.
763 1468 805 1498 Et
818 1468 930 1505 eidem,
946 1479 1003 1509 pro
1013 1469 1162 1509 expensis

113 1517 312 1548 dominorum
340 1516 560 1548 assedancium
584 1520 685 1548 terras
710 1517 743 1547 in
775 1517 852 1558 Fyff
872 1511 978 1559 preter
1007 1528 1164 1559 expensas

112 1566 326 1607 pecuniarum,
341 1566 364 1607 ij
381 1566 466 1597 bolle
489 1566 649 1597 frumenti.
696 1566 828 1598 Summa
851 1578 1072 1608 expensarum,
1097 1578 1164 1598 xxx

113 1615 222 1647 celdre.
268 1616 311 1646 Et
326 1616 371 1647 sic
387 1618 509 1647 restant
521 1616 533 1656 j
552 1615 657 1647 celdra
673 1616 703 1657 vj
723 1616 807 1648 bolle
823 1616 857 1657 iij
884 1617 996 1649 ferlote
1013 1617 1035 1658 ij
1060 1628 1163 1658 pecce,

113 1665 304 1696 allocacione
319 1665 358 1696 de
373 1665 404 1696 le
419 1665 509 1696 inlak
526 1675 588 1696 non
606 1665 697 1696 facta.

156 1715 304 1755 Expense
319 1715 407 1745 ordei
423 1719 454 1746 et
471 1715 574 1746 brasii.
621 1715 661 1746 In
677 1716 797 1756 primis,
815 1716 948 1748 allocate
962 1718 1163 1758 computanti
1178 1722 1318 1754 ordeum
1331 1725 1364 1753 et

113 1774 169 1804 per
190 1764 414 1795 liberacionem
442 1764 559 1796 factam
582 1765 810 1796 brasiatoribus
837 1765 964 1797 domine
987 1767 1103 1807 regine,
1126 1771 1163 1798 ut
1178 1766 1333 1797 Brasium.

113 1816 202 1854 patet
227 1814 261 1844 in
287 1813 378 1845 libris
405 1814 556 1854 ejusdem,
579 1824 598 1845 a
620 1815 771 1846 vicesimo
796 1819 886 1846 sexto
914 1816 1060 1847 Octobris
1087 1817 1164 1847 anni

114 1863 301 1904 sexagesimi
326 1863 418 1895 tercii
444 1874 546 1904 usque
572 1864 613 1895 ad
637 1864 788 1904 quintum
812 1865 999 1896 Decembris
1021 1866 1165 1906 ejusdem

114 1913 190 1943 anni
205 1916 377 1953 utrumque
392 1913 558 1951 inclusive,
574 1918 610 1944 ut
633 1917 723 1954 patet
745 1914 779 1944 in
802 1914 894 1945 libris
911 1915 1064 1946 domicilii
1081 1916 1163 1956 ejus-

115 1961 187 1992 dem
202 1962 436 2002 particulariter
451 1963 642 1994 examinatis
662 1960 757 2004 super
773 1967 968 2004 computum,
984 1965 1040 2005 xiij
1059 1965 1163 1996 celdre

115 2011 161 2052 iiij
192 2011 276 2042 bolle
314 2011 417 2043 brasii.
477 2012 521 2043 Et
551 2012 663 2051 eidem,
693 2023 750 2053 per
783 2013 1005 2044 liberacionem
1044 2015 1163 2046 factam

115 2060 342 2098 brasiatoribus
373 2061 496 2092 domini
526 2062 608 2103 regis
636 2062 675 2093 ad
706 2073 861 2103 expensas
894 2063 1047 2094 domicilii
1078 2065 1162 2105 ejus-

115 2108 186 2140 dem
203 2120 221 2141 a
235 2110 386 2142 vicesimo
402 2114 515 2152 quarto
532 2112 718 2143 Decembris
742 2112 884 2152 ejusdem
908 2113 984 2143 anni
1006 2113 1163 2146 inclusive

115 2168 216 2200 usque
239 2159 279 2190 ad
295 2161 482 2191 vicesimum
511 2164 659 2192 octavum
684 2161 766 2192 Maii
789 2162 865 2192 anni
892 2165 948 2192 etc.
975 2164 1164 2204 sexagesimi

116 2208 223 2248 quarti
240 2209 387 2241 similiter
409 2210 575 2248 inclusive,
592 2215 628 2242 ut
643 2214 733 2252 patet
748 2210 781 2241 in
804 2210 893 2242 libris
910 2211 1064 2243 domicih'i
1086 2213 1165 2244 dicti
