1551 2462
178 441 342 471 Respondebit

179 471 285 501 Murray.

176 619 337 651 Aberden.

396 285 434 313 42
708 284 873 316 ROTULI
897 285 1132 318 SCACCARH
1355 292 1445 322 1460.

393 375 561 408 Laurencii
577 387 673 419 prope
690 378 911 419 Hadingtoun,
927 379 1117 420 percipienti
1140 381 1309 412 annuatim
1325 381 1442 423 viginti

393 426 510 457 solidos
526 427 565 458 de
581 427 681 458 firmis
704 427 782 458 dicti
804 429 905 469 burgi,
920 429 979 460 sub
1002 429 1144 469 periculo
1167 431 1388 471 compotantis,
1404 431 1444 462 de

396 476 530 507 termino
546 478 693 518 compoti,
710 488 729 508 x
746 481 769 509 ἓ.
816 478 875 518 [To
891 479 1008 509 Master
1024 479 1203 510 Alexander
1220 480 1364 522 Murray‚
1380 481 1442 512 ³5⁶5.

391 525 479 564 Sum,
494 527 549 558 „87
563 528 627 559 105.
673 527 817 565 Balanea,
831 528 931 569 Ru]

436 625 627 667 compotum
658 627 850 657 ballivorum
881 627 974 668 burgi
1004 627 1043 658 de
1073 627 1252 666 Aberdene,
1279 629 1442 660 redditum

391 675 476 716 apud
487 676 675 717 Edinburgh
688 687 743 717 per
753 676 916 708 Andream
929 677 1126 714 Alansoune,
1138 688 1240 709 unum
1249 677 1443 710 ballivorum

390 726 470 757 dicti
487 725 588 766 burgi,
605 726 662 766 [35⁷
676 727 787 757 March
802 727 898 764 1460,
906 727 996 767 from
1011 727 1056 757 12
1069 726 1150 767 chly
1165 727 1252 764 1460
1260 738 1273 765 ;
1296 728 1316 758 1
1334 731 1419 759 term.

438 776 560 816 Charqc.
621 776 766 812 Arrears,
797 777 874 814 ‚3740
904 777 968 807 103.
999 776 1050 806 Sd.
1098 776 1221 809 Fermes
1257 778 1323 808 ami
1353 781 1443 819 pecty

389 829 526 863 customs,
541 826 639 857 ss106
654 827 718 857 133.
735 827 785 864 bd.
831 826 920 862 Sam,
935 827 1033 864 ³31ss
1048 826 1105 866 4³]

431 876 580 916 Expense
603 875 754 916 ejusdem.
801 876 842 906 In
864 875 985 916 primis,
1009 875 1144 907 allocate
1161 876 1357 917 compotanti
1380 887 1438 918 pro

387 925 535 957 secundis
551 925 683 956 decimis
699 925 815 957 debitis
838 926 967 957 domino
991 926 1138 967 episcopo
1155 926 1376 957 Aberdonensi
1400 926 1440 959 de

387 985 513 1007 summa
542 975 738 1006 oneracionis
776 976 918 1016 predicta
956 976 994 1007 de
1025 976 1162 1007 termino
1192 977 1340 1017 compoti,
1369 976 1439 1018 ipso

386 1025 509 1056 fatente
531 1029 695 1066 receptum
719 1035 814 1066 super
836 1030 1029 1066 compotum,
1044 1036 1066 1056 x
1088 1025 1120 1060 h.
1137 1025 1194 1066 xiij
1218 1030 1240 1057 s.
1258 1026 1304 1066 iiij
1322 1025 1352 1058 d.
1396 1027 1440 1058 Et

386 1075 551 1106 Fratribus
567 1075 822 1106 Predicatoribus
839 1075 917 1106 dicti
933 1075 1032 1116 burgi,
1050 1075 1301 1116 percipientibus
1317 1086 1440 1108 annua-

387 1125 446 1155 tim
462 1124 577 1166 viginti
593 1135 649 1155 sex
665 1134 786 1155 marcas
802 1124 841 1155 dc
858 1125 958 1156 firmis
980 1125 1165 1166 burgalibus
1187 1125 1264 1158 dicti
1281 1126 1381 1167 burgi,
1397 1136 1438 1157 ex

386 1174 553 1206 elimosina
575 1174 658 1215 regis
681 1174 823 1215 antiqua,
845 1174 939 1208 dictis
963 1175 1129 1206 Fratribus
1151 1185 1208 1216 per
1231 1186 1305 1207 suas
1327 1176 1437 1208 literas

383 1224 560 1256 fatentibus
575 1227 740 1264 receptum
756 1234 851 1264 super
873 1227 1058 1265 compotum
1081 1224 1120 1255 de
1135 1224 1272 1255 termino
1288 1225 1437 1266 compoti,

384 1274 439 1314 viij
457 1273 488 1304 fi.
506 1273 562 1313 xiij
587 1277 610 1304 ἔ.
627 1273 672 1314 iiij
699 1272 727 1306 d,
773 1273 816 1304 Et
838 1273 1003 1304 Fratribus
1027 1274 1210 1305 Carmelitis
1234 1274 1312 1305 dicti
1334 1275 1437 1315 burgi,

382 1323 631 1364 percipientibus
661 1323 831 1354 annuatim
861 1322 970 1354 decem
1000 1333 1122 1356 marcas
1153 1323 1192 1355 dc
1227 1324 1327 1357 firmis
1357 1324 1437 1356 dicti

382 1373 483 1413 burgi,
499 1372 584 1403 dicto
600 1372 703 1413 priore
719 1382 776 1413 per
790 1382 863 1405 suas
886 1372 995 1403 literas
1019 1372 1142 1403 fatente
1158 1377 1323 1415 receptum
1339 1384 1436 1415 super

382 1425 566 1462 compotum
582 1422 620 1452 de
637 1421 722 1454 dicto
745 1421 890 1459 termino,
905 1421 938 1462 iij
957 1421 989 1454 fi.
1007 1422 1037 1462 vj
1063 1426 1085 1452 s.
1103 1422 1158 1463 viij
1177 1422 1206 1454 d.
1251 1423 1294 1454 Et
1315 1423 1434 1454 decano

382 1474 418 1502 et*
430 1471 570 1511 capitulo
587 1470 718 1501 ecclesie
733 1470 980 1507 Aberdonensis,
996 1471 1248 1511 percipientibus
1265 1472 1435 1504 annuatim

383 1521 497 1562 viginti
513 1520 630 1551 solidos
640 1531 696 1560 pro
709 1520 925 1551 anniversario
938 1520 1100 1560 quondam
1113 1521 1258 1562 magistri
1274 1522 1296 1553 J
1297 1521 1434 1554 ohannis

381 1570 524 1601 Barberii
546 1580 602 1610 pro
625 1569 854 1610 compilacione
884 1569 958 1600 libri
988 1573 1149 1611 gestorum
1180 1571 1313 1605 Roberti
1349 1572 1433 1603 Brus

380 1620 475 1660 primi
498 1620 588 1660 regis,
604 1619 643 1650 de
665 1619 803 1650 termino
827 1619 973 1660 compoti,
998 1620 1083 1651 dicto
1107 1621 1255 1662 episcopo
1279 1632 1318 1664 ex
1341 1625 1432 1662 parte

379 1670 537 1700 dictorum
553 1669 665 1702 decani
688 1673 721 1700 et
743 1669 877 1709 capituli
899 1669 1020 1700 fatente
1044 1674 1209 1711 receptum
1232 1681 1327 1711 super
1347 1681 1432 1702 com—

353 1755 359 1758 ,
379 1722 500 1760 potum,
515 1730 536 1750 x
553 1723 576 1750 s.
622 1719 664 1749 Et
680 1718 798 1749 decano
815 1722 846 1749 et
862 1719 1002 1759 capitulo
1014 1719 1280 1757 Orchadensibus,
1295 1720 1430 1761 pereipi-

379 1769 508 1800 entibus
524 1768 689 1799 annuatim
707 1768 850 1809 quinque
873 1768 970 1799 libras
986 1779 1043 1809 pro
1066 1780 1130 1800 una
1153 1770 1259 1801 celdra
1275 1770 1431 1802 frumenti

379 1822 411 1850 et
426 1829 490 1849 uno
507 1818 591 1849 dolio
607 1817 674 1849 vini
698 1817 737 1848 ad
761 1817 996 1849 confeccionem
1018 1821 1050 1849 et
1073 1819 1346 1853 consecracionem
1362 1830 1429 1851 cor-

378 1869 464 1909 poris
487 1868 608 1899 Christi
630 1867 663 1898 in
688 1867 821 1898 ecclesia
844 1867 954 1898 Sancti
976 1868 1089 1908 Magni
1111 1869 1261 1909 martyris
1287 1869 1429 1901 Orchad·

379 1918 473 1955 ensis,
496 1921 534 1949 ut
555 1920 644 1958 patet
666 1927 722 1958 per
744 1917 852 1948 literas
877 1917 1004 1948 Andree
1034 1918 1187 1955 Menzeis,
1217 1919 1428 1960 procuratoris

379 1968 457 1999 dicti
473 1968 621 2009 episcopi,
637 1967 675 1999 de
692 1970 818 2007 recepto
835 1969 977 1998 ostensas
993 1977 1088 2007 super
1103 1971 1288 2008 compotum
1310 1968 1350 2000 de
1365 1972 1427 2000 ter-

378 2018 466 2048 mino
489 2017 636 2058 compoti,
652 2016 663 2047 l
687 2020 711 2048 s.
755 2016 798 2048 Et
820 2015 940 2047 decano
956 2020 989 2047 et
1004 2016 1145 2057 capitulo
1163 2017 1428 2056 Catheneusibus,

377 2066 627 2107 percipientibus
644 2065 811 2096 annuatim
827 2065 970 2106 quinque
985 2075 1107 2097 marcas
1118 2066 1156 2097 de
1174 2067 1273 2098 firmis
1289 2068 1426 2109 burgali-

378 2116 437 2147 bus
460 2115 539 2146 dicti
562 2115 653 2156 burgi
675 2125 732 2156 pro
755 2115 915 2145 frumento
939 2118 971 2145 et
995 2114 1069 2146 vino
1092 2115 1133 2146 ad
1153 2117 1424 2148 consecracionem

377 2165 516 2206 corporis
529 2165 657 2201 Christi,
667 2165 831 2196 Willelmo
843 2164 957 2204 Mudy,
967 2167 1169 2205 procuratore
1182 2165 1260 2196 dicti
1275 2166 1424 2207 episcopi,

378 2215 499 2246 fatente
522 2218 683 2256 receptum
708 2224 803 2256 super
825 2217 1008 2254 compotum
1038 2214 1077 2246 de
1108 2214 1245 2247 termino
1276 2215 1423 2256 compoti,
