1551 2462
68 302 70 304 ¹
109 264 197 294 1460.
415 260 579 293 REGUM
601 260 849 292 scorcizUM.
1119 264 1154 291 11

109 358 199 387 erant
224 357 367 386 custume
394 355 456 385 isto
479 364 562 385 auno
586 353 766 385 allocantur
792 353 826 384 in
852 353 936 384 dicto
956 356 1111 394 compoto,
1136 365 1158 384 x

108 404 190 437 holle
211 403 326 435 farrine
343 404 515 435 avenatice.
562 404 604 434 Et
620 403 733 440 eidem,
749 413 805 444 per
821 403 1041 434 vendicionem
1060 404 1157 435 unius

67 456 72 458 ”
107 454 210 486 celdre
227 454 309 485 dicte
325 454 444 485 farriae
460 464 516 494 per
532 453 653 484 dictum
678 453 698 484 J
701 453 858 484 ohannem
877 453 916 484 de
936 453 1082 484 Moravia
1098 464 1156 494 pro

109 507 243 545 quatuor
258 503 348 534 libris
365 503 534 534 duodecim
550 503 659 534 solidis
676 513 731 534 sex
748 502 895 540 denariis,
911 502 996 534 dicto
1013 503 1035 534 J
1037 503 1158 534 ohanni

82 554 250 585 ‘allocatis
274 563 330 594 pro
364 553 608 594 superexpensis
639 553 705 584 suis
732 553 825 584 factis
857 553 891 583 in
922 556 1076 594 compoto
1099 564 1157 585 suo

62 617 70 636 ρ
107 604 372 635 custumariorum
395 603 509 634 ultimo
532 603 666 640 reddito,
685 606 723 633 ut
746 605 833 643 patet
856 603 891 633 in
908 603 987 643 pede
1004 603 1157 643 ejusdem,

103 653 116 694 j
134 653 238 684 celdra
259 653 385 684 farrine.
410 653 473 683 -Et
497 653 608 689 eidem,
625 663 681 693 pro
704 663 768 683 uno
789 662 880 693 equo,
895 652 1039 693 precium
1062 653 1155 693 quin-

107 703 257 745 quaginta
273 703 375 740 solidi,
397 706 505 744 empto
532 713 590 744 per
613 703 736 734 dictum
759 702 943 733 Johannem
967 708 999 733 et
1022 703 1155 734 liberato

29 781 36 789 ‚
66 764 69 765 ⁷
106 753 163 784 uni
187 753 352 784 domicelle
376 753 490 784 sororis
507 753 629 784 domini
652 753 735 793 regis
759 752 912 790 defuncti,
929 755 1070 793 tempore
1091 763 1155 793 quo

105 802 194 833 venit
224 802 263 833 de
289 803 431 839 Francia,
459 802 498 833 de
529 802 680 833 mandato
711 801 839 833 domine
864 802 980 843 regine,
1008 802 1155 843 episcopo

105 851 333 889 Aberdonensi,
363 855 442 883 tunc
470 851 685 883 Candidecase
716 854 748 883 et
779 851 950 882 camerario
989 851 1154 889 Galwidie,

104 904 241 932 testante
258 901 444 932 mandatum
461 911 557 942 super
578 904 770 941 compotum,
794 901 852 932 sub
869 900 1010 941 periculo
1027 911 1154 941 compo-

103 950 210 988 tanffis,
235 951 280 991 vij
306 950 390 981 bolle
413 950 435 991 ij
467 950 594 981 furlote.
640 951 682 981 Et
712 950 824 987 eidem,
848 960 904 991 per
931 951 1155 982 vendicionem

43 1010 52 1016 ‘
102 999 201 1030 trium
229 1000 404 1031 celdrarum
438 1003 470 1031 et
501 1000 636 1031 duarum
665 1000 822 1031 bollarum
853 1000 972 1031 farrine
1004 1001 1154 1042 predicte,

104 1049 306 1080 venditarum
322 1060 378 1090 per
394 1049 416 1080 J
419 1049 579 1082 ohannem
596 1049 634 1080 de
651 1049 805 1086 Moravia,
820 1050 965 1090 precium
983 1050 1067 1081 bolle
1083 1055 1154 1082 octo

102 1099 205 1136 solidi,
228 1109 271 1129 xx
295 1098 337 1135 fi„
361 1098 535 1129 deliberate
560 1099 711 1140 magistro
732 1099 919 1131 Alexandro
935 1100 1079 1141 Mun-ay,
1096 1111 1153 1142 pro
1168 1113 1333 1142 Respondebit

103 1148 220 1188 quibus
235 1148 448 1188 respondebit,
459 1148 492 1188 iij
511 1148 614 1179 celdre
627 1148 647 1188 ij
667 1148 750 1179 boile
763 1148 880 1180 farrine
891 1150 1064 1180 avenatice.
1110 1150 1152 1180 Et
1168 1143 1273 1172 Murray.

104 1198 307 1238 compotanffi,
324 1207 379 1238 pro
395 1197 556 1228 laboribus
573 1198 638 1228 suis
659 1197 696 1228 de
713 1198 848 1228 termino
863 1198 1003 1239 compoti
1020 1202 1052 1229 et
1068 1209 1152 1230 anno

101 1246 291 1287 precedente
308 1247 366 1277 hoc
394 1251 586 1287 compotum,
610 1257 648 1278 ex
676 1246 931 1278 consideracione
960 1247 1153 1286 auditorum,

97 1296 110 1336 j
143 1296 249 1327 celdra
279 1296 336 1337 viij
364 1296 448 1327 bolle
479 1297 596 1328 farrine
628 1296 800 1328 avenatice.
862 1296 993 1328 Summa
1032 1308 1151 1339 expen-

101 1355 215 1382 sarum,
232 1346 298 1386 xxij
316 1345 420 1376 celdre
436 1345 482 1386 iiij
504 1346 588 1377 holle
605 1346 638 1386 iij
661 1346 774 1377 ferlote
791 1346 814 1386 ij
832 1357 925 1387 pecce
941 1347 1063 1378 farrine.
1110 1348 1152 1378 Et

99 1395 144 1426 sic
159 1398 281 1426 restant
301 1395 380 1426 xxxi
392 1395 413 1436 ij
431 1395 535 1427 celdre
553 1396 582 1436 vj
600 1395 683 1426 bolle'
696 1395 730 1436 iij
749 1395 863 1427 ferlota
879 1396 900 1436 ij
920 1406 1013 1437 pecce
1033 1396 1151 1428 fari-ine

102 1444 272 1475 avenatice.
993 1458 1000 1459 ff

144 1543 333 1585 Compotum
350 1543 472 1585 Nigeui
493 1544 515 1575 J
517 1544 615 1582 aoobi,
635 1544 800 1575 camerarii
816 1544 854 1575 de
878 1545 962 1576 Bute
978 1548 1011 1576 et
1033 1545 1150 1584 Arane,
1165 1549 1248 1581 Bute
1264 1553 1297 1582 et

100 1593 260 1624 redditum
297 1593 382 1634 apud
413 1593 602 1634 Edinbnrgh
640 1593 762 1624 decimo
801 1597 913 1626 octavo
949 1595 1000 1626 die
1030 1596 1149 1628 mensis
1164 1593 1280 1625 Arane.

57 1641 61 1644 ⁴
101 1642 215 1674 Marcii
230 1653 313 1674 anno
329 1643 462 1674 Domini
485 1647 542 1674 etc.
560 1644 764 1684 sexagesimo,
789 1643 827 1674 de
849 1644 997 1676 omnibus
1014 1646 1149 1686 receptis

100 1691 166 1723 suis
182 1695 214 1723 et
230 1693 376 1733 expensis
402 1703 458 1733 per
479 1693 586 1723 firmas
612 1697 644 1724 et
668 1693 773 1724 exitus
790 1693 868 1724 dicti
889 1695 1114 1726 camerariatus
1130 1706 1148 1726 a

100 1741 151 1773 die
167 1735 275 1783 x'xvijo
293 1742 411 1773 mensis
427 1742 448 1773 J
452 1742 510 1773 ulii
526 1742 602 1773 anni
629 1742 772 1782 ejusdem
789 1743 978 1784 sexagesimi
996 1754 1096 1784 usque
1115 1745 1148 1775 in

99 1791 182 1823 diem
198 1792 294 1833 hujus
310 1792 456 1833 compoti,
475 1795 507 1823 et
522 1792 567 1823 sic
589 1792 627 1823 de
645 1803 708 1823 uno
731 1793 868 1824 termino
887 1793 971 1824 infra
987 1793 1046 1825 hoc
1063 1804 1147 1825 com-

52 1875 57 1880 ·
101 1845 220 1882 potum.

143 1891 233 1922 Idem
257 1895 366 1924 onerat
389 1902 422 1923 se
444 1891 478 1922 in
501 1892 612 1932 primis
637 1891 675 1923 de
698 1892 730 1932 xj
748 1891 780 1924 fi.
806 1892 847 1932 xij
866 1896 888 1923 s.
913 1902 969 1933 per
992 1894 1147 1934 arreragia

100 1940 206 1972 ultimi
235 1942 374 1982 compoti
398 1942 456 1979 sui,
481 1945 518 1972 ut
543 1945 634 1982 patet
652 1942 686 1972 in
710 1942 790 1982 pede
816 1942 966 1982 ejusdem.
1015 1943 1147 1974 Summa

81 1991 247 2032 ·arreragii
277 1994 373 2032 patet.
418 1991 511 2028 Item,
541 1991 626 2022 idem
650 1994 761 2022 onerat
783 2002 816 2022 se
841 1992 880 2023 de
904 1991 960 2022 lxx
977 1991 1008 2023 fi.
1037 1993 1093 2023 xix
1121 1997 1144 2024 s.

98 2039 132 2080 iij
158 2040 189 2071 (ἶ.
215 2051 271 2082 per
286 2041 424 2082 integras
448 2041 555 2071 firmas
570 2040 675 2071 insule
699 2041 738 2072 de
763 2041 846 2072 Bute
873 2045 978 2081 preter
1000 2052 1098 2082 grana
1113 2046 1146 2073 et

99 2093 224 2127 martas,
246 2090 285 2121 de
308 2090 443 2121 termino
474 2090 621 2131 compoti.
666 2090 708 2121 Et
731 2090 770 2121 de
794 2091 894 2130 xxviij
908 2090 939 2121 fi.
957 2090 991 2121 ix
1008 2095 1031 2121 s.
1050 2091 1095 2132 iiij
1115 2091 1143 2122 d.

90 2149 154 2180 ‘per
183 2140 320 2181 integras
351 2141 457 2172 firmas
487 2140 591 2172 insule
623 2140 662 2171 de
700 2140 807 2171 Arane
836 2143 941 2180 preter
978 2150 1076 2181 grana
1113 2144 1145 2172 et

99 2192 225 2226 martas,
241 2189 280 2221 de
296 2189 404 2221 eodem
422 2190 567 2222 termino.
613 2190 654 2221 Et
671 2189 709 2222 de
727 2200 769 2220 xx
786 2193 807 2220 s.
827 2189 864 2220 de
884 2190 983 2221 firmis
1001 2194 1082 2221 terre
1106 2190 1144 2225 de
