1551 2462
404 288 465 318 414
714 288 878 320 ROTULI
903 288 1138 321 SCACCARII
1360 291 1450 321 1466.

401 389 490 410 xxxv
506 384 527 411 s.
574 381 616 412 Et
642 391 697 422 pro
727 381 771 421 vij
803 385 1019 422 rynmntoune
1051 382 1129 413 dicti
1152 381 1393 413 vicecomitatus
1416 385 1449 413 et

400 431 537 467 termini,
553 431 596 471 vij
615 435 637 462 s.
683 431 725 462 Et.
741 431 905 472 capeilano
922 432 1017 462 castri
1035 431 1073 462 de
1089 431 1201 462 Avach
1218 436 1250 462 ert,
1266 431 1449 468 Eddirdule,

399 481 587 521 percipienti
600 481 766 512 annuatim
778 482 918 522 quinque
934 481 1032 512 libras
1056 481 1094 512 de
1107 481 1200 512 dictis
1216 481 1370 518 terminis,
1383 491 1403 511 v
1415 480 1464 512 11:

398 529 441 560 Et
457 530 620 571 capellano
637 530 810 561 celebranti
825 531 859 561 in
876 530 1008 561 ecclesia
1026 531 1134 562 Sancti
1153 530 1293 561 Duthaci
1309 530 1347 561 de
1358 531 1448 572 Tayn

399 579 437 610 de
469 590 550 610 novo
588 580 722 611 fundato
761 591 817 621 per
840 580 1006 610 dominnm
1039 590 1146 621 regem
1184 579 1267 611 clare
1297 580 1448 610 memorie

397 629 556 660 Jacobum
572 630 746 660 secundum
764 630 801 660 de
825 629 918 661 terris
942 630 980 661 de
1005 629 1173 660 Dunscath
1198 639 1271 660 cum
1295 629 1449 670 passagio,

397 677 436 709 de
453 678 562 709 eodem
586 689 669 710 anno
693 682 725 710 et
749 679 807 710 sub
834 679 974 719 periculo
999 679 1223 720 computantis,
1246 679 1278 719 vj
1295 679 1326 709 fi.
1351 679 1407 719 xiij
1426 683 1448 710 s.

397 727 442 767 iiij
468 727 497 758 d.
545 728 587 758 Et
617 728 714 768 priori
745 728 783 759 de
814 728 982 765 Belloloco,
1006 739 1062 769 pro
1093 739 1199 759 annuo
1229 728 1357 759 redditu
1387 728 1449 759 sibi

397 777 504 808 debito
520 781 552 808 et
568 788 631 808 una
647 778 728 808 fibra
745 778 862 818 piperis
879 778 985 809 debita
1001 778 1044 809 ad'
1059 778 1174 809 festum
1192 778 1301 809 Sancti
1313 778 1449 808 Martini

397 827 436 858 de
451 827 543 858 terris
560 827 598 858 de
615 827 724 858 Avach
744 832 775 858 et
799 827 982 865 Eddirdule,
1006 827 1044 858 de
1062 828 1146 858 dicto
1172 828 1309 858 termino
1333 831 1365 858 et
1387 827 1447 858 sub

397 876 507 907 eodem
530 877 679 917 periculo,
695 877 741 917 iiij
768 877 799 907 H.
824 877 857 917 iij
876 881 897 907 s.
922 876 968 917 iiij
994 876 1021 907 d.
1068 877 1110 907 Et
1134 877 1245 914 eidem,
1262 888 1317 918 per
1332 877 1446 908 libera-

397 926 520 956 cionem
537 926 654 956 factam
672 926 831 957 Celestino
848 926 886 957 de
903 926 1023 957 Insulis
1040 937 1078 957 ex
1102 927 1302 958 concessione
1326 927 1447 957 domim·

396 975 479 1016 regis
496 975 576 1006 bone
592 975 743 1006 memorie
771 975 809 1006 de
836 975 928 1006 terris
954 975 992 1006 de
1019 975 1195 1007 Eddiidule
1219 986 1275 1017 pro
1303 976 1446 1007 custodia

397 1025 493 1055 castri
509 1025 659 1065 ejusdem,
672 1025 711 1056 de
728 1025 820 1056 dictis
837 1025 991 1062 terminis,
1008 1025 1084 1065 xxvj
1102 1025 1133 1056 fi.
1151 1026 1207 1066 xiij
1226 1030 1249 1057 s.
1266 1026 1311 1066 iiij
1330 1026 1358 1056 d.
1404 1026 1447 1057 En

397 1074 509 1110 eidem,
525 1085 581 1115 per
597 1074 821 1106 liberacionem
839 1075 956 1105 factam
981 1085 1069 1105 maro
1094 1074 1132 1105 de
1158 1075 1386 1106 Ardmannach
1411 1075 1446 1106 in

397 1124 489 1154 feodo
505 1134 562 1154 suo
586 1123 624 1154 de
640 1124 730 1155 firma
749 1124 847 1155 crofte
864 1134 927 1160 sue,
949 1124 988 1155 de
1011 1124 1105 1155 dictis
1128 1125 1282 1161 terminis,
1297 1125 1319 1165 ij
1336 1129 1359 1155 s.
1407 1125 1448 1155 Et

396 1173 508 1209 eidem,
525 1173 563 1204 de
580 1173 671 1204 firma
687 1173 785 1204 crofte
801 1173 882 1204 mari
905 1173 1049 1214 ejusdem
1073 1173 1111 1204 de
1135 1174 1245 1205 eodem
1269 1184 1361 1211 anno,
1376 1174 1397 1214 ij
1424 1178 1445 1205 s.

396 1223 439 1254 Et
462 1223 642 1253 cursoribus
659 1222 697 1254 de
724 1223 962 1260 Ardmannach,
986 1233 1042 1264 pro
1066 1223 1167 1254 feodis
1192 1224 1258 1254 suis
1284 1223 1323 1254 de
1348 1223 1447 1255 firmis

396 1272 570 1304 croftarum
580 1282 709 1303 suarum
724 1272 762 1303 de
776 1272 869 1303 dictis
885 1273 1039 1309 terminis,
1052 1275 1082 1311 vj
1097 1276 1119 1303 ἔ.
1132 1273 1188 1313 viij
1205 1272 1234 1304 d.
1281 1273 1324 1303 Et
1336 1273 1448 1311 eidem,

395 1332 452 1363 pro
468 1321 524 1362 xiij
556 1322 664 1353 martis
689 1322 710 1362 ij
740 1322 861 1362 quartis
889 1322 983 1353 dictis
1008 1323 1181 1362 rynmartis
1208 1322 1246 1354 de
1262 1323 1392 1354 baronia
1408 1323 1447 1354 de

396 1372 634 1409 Ardmannach,
650 1372 793 1412 precium
808 1372 897 1412 pecie
914 1372 1057 1412 quinque
1074 1371 1167 1402 solidi
1191 1372 1349 1403 aHocandi
1371 1372 1446 1404 hus-

396 1421 519 1458 bandis,
536 1421 574 1452 de
596 1421 680 1452 dicto
704 1421 839 1452 termino
864 1421 974 1452 Sancti
1000 1421 1143 1458 Martini,
1167 1421 1201 1462 iij
1218 1421 1250 1453 11¹.
1267 1422 1310 1462 vij
1328 1426 1351 1453 s.
1369 1423 1399 1462 vj
1417 1421 1445 1453 d.

396 1471 438 1501 Et
455 1471 567 1507 eidem,
583 1481 638 1511 pro
658 1471 714 1511 xiij
732 1474 887 1501 mutoune
903 1470 924 1511 ij
943 1471 1098 1511 quarteris
1115 1472 1208 1503 dictis
1231 1475 1448 1512 rynmutoune

396 1515 644 1557 dicte'baroniQ
672 1519 820 1550 similiter
851 1519 1015 1550 assocando
1046 1520 1230 1558 husbandis,
1255 1521 1310 1561 xiij
1328 1526 1350 1552 ἔ.
1367 1522 1399 1562 vj
1417 1521 1447 1554 d.

395 1569 438 1599 Et
463 1569 582 1600 eisdem
613 1569 788 1599 husbandis
812 1578 870 1609 pro
896 1579 1011 1599 novem
1038 1569 1152 1600 celdris
1190 1573 1222 1600 et
1252 1574 1322 1601 octo
1353 1570 1447 1601 bollis

395 1618 492 1649 brasii
508 1621 539 1648 et
552 1617 652 1648 farine
669 1617 707 1648 de
723 1617 808 1648 dicto
833 1617 972 1648 dominio
989 1617 1027 1649 de
1044 1618 1281 1655 Ardmannach,
1304 1620 1447 1660 precium

395 1667 499 1698 celdre
530 1667 667 1698 sedecim
697 1666 799 1704 solidi,
830 1667 872 1707 vij
905 1667 936 1698 H.
968 1667 1012 1708 xij
1045 1672 1067 1699 s.
1127 1668 1170 1698 Et
1208 1668 1371 1700 forestario
1409 1669 1448 1701 de

396 1716 548 1752 Ormond,
560 1727 617 1757 pro
630 1717 720 1747 firma
736 1716 834 1747 crofte
850 1726 906 1747 sue
923 1715 961 1747 de
977 1716 1087 1747 eodem
1104 1727 1196 1754 anno,
1209 1727 1229 1748 v
1245 1722 1267 1749 s.
1306 1719 1348 1749 Et
1359 1729 1448 1750 maro

396 1766 434 1797 de
460 1766 572 1797 Avach
597 1769 629 1797 et
655 1765 838 1802 Eddirdule,
854 1776 910 1806 pro
929 1765 1020 1796 feodo
1037 1776 1094 1797 suo
1119 1767 1157 1798 de
1173 1767 1267 1799 dictis
1294 1769 1448 1806 terminis,

395 1826 439 1846 xx
457 1820 478 1847 s.
525 1816 567 1846 Et
582 1815 694 1852 eidem,
710 1815 748 1846 de
764 1814 863 1845 firmis
887 1814 1100 1846 dimedietatis
1123 1820 1279 1848 terrarum
1302 1817 1340 1849 de
1364 1818 1447 1849 Bon-

396 1865 478 1896 noch
509 1869 542 1896 eb
572 1864 847 1905 Bonnoohquhare
878 1865 1034 1896 concessis
1056 1876 1113 1906 per
1134 1866 1312 1908 {dominum
1343 1878 1447 1909 regem

396 1917 479 1948 clare
504 1917 656 1948 memorie
691 1916 809 1948 Jonete
841 1916 977 1947 Stewart
1007 1917 1047 1948 ad
1078 1918 1187 1956 vitam,
1218 1921 1255 1949 ut
1285 1922 1375 1960 patet
1412 1920 1447 1950 in

395 1966 509 1997 rotulis
535 1965 787 2007 precedentibus,
813 1965 851 1996 de
878 1965 972 1996 dictis
999 1966 1144 1998 terminis
1169 1970 1202 1998 et
1226 1967 1286 1998 sub
1301 1968 1445 2008 periculo

396 2016 621 2057 computantis,
634 2025 676 2046 xv
692 2015 724 2046 11¹.
771 2015 813 2046 Et
829 2025 915 2046 maro
932 2015 971 2046 de
983 2015 1065 2056 Pety
1081 2018 1113 2046 et
1126 2016 1272 2057 Brachly,
1285 2027 1340 2058 pro
1354 2017 1445 2049 feodo

395 2076 452 2096 suo
469 2065 507 2096 de
524 2075 607 2096 anno
624 2065 775 2105 computi,
791 2064 826 2095 xl
841 2068 863 2095 s.
910 2064 952 2094 Et
968 2075 1055 2095 maro
1071 2064 1110 2096 de
1127 2065 1266 2103 Leffaris,
1282 2076 1337 2106 pro
1354 2066 1446 2098 feodo

395 2125 452 2145 suo
483 2115 523 2145 de
553 2114 663 2145 eodem
695 2124 787 2151 anno,
818 2113 894 2153 xxvj
928 2117 949 2144 s.
981 2114 1037 2154 viij
1069 2113 1098 2145 d.
1145 2114 1187 2145 Et
1209 2114 1382 2147 forestariis
1405 2116 1446 2148 de

397 2164 556 2204 Dernway
587 2163 625 2194 de
657 2163 756 2194 firmis
784 2162 823 2193 de
850 2162 999 2203 Litiltary
1015 2173 1072 2204 pro
1089 2163 1189 2194 feodis
1214 2164 1280 2196 suis
1297 2164 1334 2196 de
1351 2165 1446 2196 dictis

394 2213 549 2250 terminis,
567 2212 599 2244 xl
616 2217 637 2244 s.
684 2213 726 2243 Et
740 2212 923 2244 Alexandro
939 2212 1075 2244 Dunbar
1091 2212 1130 2245 de
1143 2213 1329 2251 VVestfelde,
1340 2214 1445 2252 militi,
