1551 2462
0 1498 29 1867 εκψκ-’,υ-’νῑῒιων
0 1451 3 1467 ··
0 1405 10 1423 ¹·

116 257 204 285 1463.
424 253 585 285 REGUM
609 252 854 286 SCOTORUM.
1101 257 1160 286 177

111 347 256 378 termino.
303 346 345 378 Et
368 346 407 378 de
430 357 497 377 xxx
513 349 535 377 5.
553 349 635 378 terre
652 346 690 377 de
707 346 817 387 Riggis
837 349 869 377 et
891 346 997 378 Pluris
1014 346 1052 377 de
1076 346 1161 378 dicto

112 396 256 427 termino.
302 396 345 427 Et
367 395 414 436 liij
431 406 453 427 s.
471 396 516 436 iiij
534 395 562 426 d.
580 395 619 426 de
635 395 819 426 molendino
843 395 881 426 de
899 395 1162 436 Quhittingeame

112 494 322 536 Westbernys
338 495 376 526 de
393 495 476 526 dicto
492 494 636 525 termino.
682 495 725 525 Et
741 494 780 525 de
791 494 838 534 liij
857 498 879 525 5.
896 494 942 535 iiij
961 494 989 525 d.
1007 494 1046 525 de
1062 494 1162 525 firmis

112 544 287 575 molendini
301 545 339 576 de
351 545 563 585 Estirbernys.
601 544 643 574 Et
660 544 699 575 de
715 555 736 574 x
749 548 771 575 ᾗ
784 547 868 575 terre
879 544 918 575 de
931 543 1093 575 Dunscele
1106 554 1163 585 per

113 593 236 625 dictum
266 599 400 635 tempus.
445 594 488 624 Et
521 594 560 625 de
597 604 620 624 X
649 598 672 625 5.
705 593 806 624 annui
832 593 976 625 redditus
1014 597 1097 625 terre
1124 594 1164 625 de

114 643 282 675 Hadirwik
305 644 344 675 de
367 644 451 675 dicto
467 643 611 675 termino.
657 643 700 674 Et
715 644 755 674 de
778 643 831 684 viij
849 647 872 675 5.
898 643 998 674 annui
1019 643 1164 674 redditus

113 693 249 725 duorum
286 697 543 725 tenementorum
573 694 708 735 Georgei
738 693 935 724 Edwardson
966 693 1001 723 111
1027 693 1164 724 Dunbar

114 745 147 774 et
162 743 201 774 de
223 743 334 774 eodem
357 743 468 774 Sancti
487 743 632 781 Martini,
648 744 724 784 quia
740 743 838 775 semel
861 743 897 774 in
920 753 1004 774 anno
1020 743 1164 774 redditur

113 844 198 876 dicto
243 845 342 886 burgo
387 848 420 877 et
465 845 504 876 de
556 846 668 876 eodem
720 845 867 882 termino,
912 844 989 885 quia
1034 847 1163 875 tantum

113 894 211 926 semel
255 895 290 926 in
334 905 417 925 anno
462 898 500 925 ut
545 895 633 935 prius
678 894 829 925 redditur.
887 894 930 924 Et
975 893 1014 924 de
1059 894 1090 934 vj
1137 898 1163 925 Ξ.

114 944 170 985 viij
201 945 230 976 d.
262 945 358 976 annui
392 944 535 976 redditus
565 944 734 985 cujusdam
757 947 840 975 terre
867 944 952 974 dicte
979 943 1164 974 Watisland

113 993 148 1024 in
193 993 497 1034 Mekilpinkirtoun,
527 993 603 1034 quia
641 996 770 1023 tantum
809 993 955 1023 redditur
991 992 1027 1023 in
1072 1003 1164 1024 anno.

115 1043 158 1073 Et
170 1043 209 1074 de
231 1043 253 1083 ij
272 1047 294 1074 5.
319 1044 420 1073 annui
445 1042 588 1073 redditus
613 1042 651 1073 de
668 1041 970 1073 Pinkirtounlandis
992 1041 1031 1072 de
1053 1042 1165 1072 eodem

116 1092 253 1123 termino
292 1092 402 1123 Sancti
441 1092 585 1128 Martini,
623 1091 699 1132 quia
741 1091 845 1122 reddit
882 1091 1007 1122 firmam
1045 1091 1094 1122 bis
1131 1091 1167 1122 in

115 1151 207 1172 anno.
252 1141 295 1172 Et
311 1141 349 1172 de
364 1141 410 1182 iiij
429 1145 451 1172 5.
469 1141 568 1172 annui
580 1141 723 1172 redditus
735 1140 903 1180 cujusdam
914 1143 997 1171 terre
1007 1140 1166 1172 Willelmi

116 1190 234 1222 Hatele
256 1191 291 1221 in
313 1190 392 1221 villa
416 1190 455 1222 (18
482 1190 584 1231 Popil,
600 1191 676 1231 quia
702 1193 830 1221 tantum
857 1190 1001 1221 redditur
1023 1189 1058 1220 111
1084 1190 1166 1221 festo

116 1240 226 1271 Sancti
240 1239 417 1271 Michaelis.
463 1240 505 1270 Et
528 1239 567 1270 de
583 1239 638 1279 viij
664 1239 777 1270 celdris
801 1239 955 1269 frumenti
970 1238 1026 1279 viij
1052 1238 1167 1270 celdris

116 1289 204 1320 orde-i
220 1289 258 1321 de
274 1289 373 1320 firmis
389 1292 546 1320 terrarum
562 1289 601 1320 de
616 1288 826 1328 Westbernys
843 1288 881 1319 de
897 1288 1033 1319 termino
1058 1288 1168 1319 Sancti

116 1339 253 1370 Martini
269 1339 365 1379 hujus
382 1338 530 1379 compoti,
546 1338 621 1379 quia
636 1341 714 1369 tunc
731 1338 874 1369 redditur
889 1341 1025 1370 tantum.
1069 1338 1112 1369 Et
1128 1339 1167 1370 de

116 1398 137 1419 x
154 1388 267 1419 celdris
283 1388 437 1419 frumenti
453 1391 485 1419 et
500 1398 521 1418 x
537 1388 651 1419 celdris
668 1387 755 1418 ordei
778 1387 818 1418 de
834 1388 933 1418 firmis
950 1391 1105 1419 terrarum
1128 1389 1168 1419 de

116 1437 292 1478 Estbernys
315 1437 354 1468 de
375 1437 486 1468 eodem
501 1437 646 1474 termino,
663 1437 739 1477 quia
762 1439 841 1468 tunc
864 1437 1008 1468 redditur
1030 1440 1167 1468 tantum.

117 1487 248 1518 Summa
277 1487 374 1528 hujus
404 1486 517 1524 oneris,
540 1485 630 1527 ij‘xvj
655 1485 686 1516 11.
713 1486 780 1526 xiiij
798 1490 820 1517 5.
846 1486 889 1527 vij
907 1486 935 1517 (1.
960 1486 1039 1527 xviij
1064 1486 1168 1518 celdre

119 1536 272 1567 frumenti
289 1540 322 1568 et
347 1536 425 1577 xviij
444 1535 548 1567 celdre
571 1535 665 1567 ordei.

159 1586 253 1623 Item,
263 1585 350 1617 idem
366 1588 476 1617 onerat
491 1596 524 1616 se
540 1585 579 1616 de
596 1596 616 1615 x
632 1585 663 1615 n‘.
677 1595 735 1625 per
752 1585 891 1625 integras
908 1584 1014 1616 firmas
1031 1587 1113 1616 terre
1130 1585 1169 1616 de

116 1635 296 1673 Peteokkis,
306 1638 339 1666 et
350 1635 389 1666 de
399 1635 510 1666 eodem
523 1634 667 1666 termino.
700 1634 744 1664 Et
756 1634 794 1665 de
806 1634 839 1674 vj
850 1634 881 1664 H.
889 1634 945 1674 xiij
958 1638 982 1665 5.
992 1634 1038 1674 iiij
1051 1634 1079 1665 d.
1086 1638 1168 1665 terre

117 1684 156 1715 de
166 1684 315 1725 Litilspot
326 1684 365 1716 de
375 1684 486 1716 eodem
499 1684 643 1715 termino.
681 1684 724 1714 Et
736 1684 775 1715 de
787 1684 818 1724 vj
832 1683 864 1714 fi.
876 1684 931 1724 xiij
945 1688 969 1715 ἔ.
983 1684 1029 1724 iiij
1044 1684 1072 1714 d.
1086 1687 1168 1715 terre

119 1733 157 1765 de
170 1733 389 1765 Oranschawis
402 1733 440 1764 de
453 1733 564 1765 eodem
577 1733 730 1764 termino(
753 1733 796 1763 Et
809 1733 848 1763 de
861 1743 883 1763 x
895 1732 926 1763 li.
938 1735 1020 1764 terre
1033 1733 1072 1764 de
1085 1733 1168 1764 Cok-

117 1783 200 1813 burn
216 1783 255 1814 de
271 1782 381 1814 eodem
404 1783 547 1814 termino.
593 1783 636 1813 Et
652 1782 691 1813 de
713 1782 747 1822 iij
765 1782 797 1813 h'.
815 1782 846 1823 vj
864 1786 886 1813 5.
903 1782 959 1822 viij
985 1781 1013 1812 d.
1031 1785 1113 1813 terre
1129 1783 1168 1813 de

118 1827 278 1864 Hardanis
294 1832 333 1863 de
349 1832 459 1864 eodem
475 1832 619 1864 termino.
665 1833 707 1863 Et
724 1832 762 1863 de
778 1842 844 1862 xxv
860 1831 892 1862 fi„
906 1834 988 1862 terre
1004 1831 1043 1862 de
1059 1832 1168 1872 Brige-

117 1892 187 1913 ame
218 1882 256 1913 de
283 1877 398 1913 ⁴eodem
425 1882 570 1913 termino.
615 1882 658 1912 Et
684 1881 723 1912 de
740 1881 807 1922 xxij
833 1881 865 1912 11.
892 1881 913 1921 ij
933 1891 955 1915 S„
981 1880 1028 1921 iiij
1056 1880 1084 1911 d.
1112 1892 1169 1921 per

117 1931 334 1962 castriwardas
361 1931 458 1962 ballie
482 1931 694 1972 compotantis
714 1929 904 1961 determino
928 1929 1168 1961 Purificacionis

117 1981 201 2011 infra
223 1981 283 2012 hoc
306 1984 499 2021 compotum,
515 1981 591 2021 quia
613 1983 692 2011 tune
714 1980 860 2011 redditur
883 1982 1018 2010 tantum.
1064 1979 1106 2009 Et
1129 1980 1168 2010 de

119 2030 175 2070 xiij
200 2034 223 2061 ἓ.
246 2030 292 2070 iiij
318 2030 347 2062 d.
363 2040 419 2071 per
442 2030 665 2061 vendicionem
688 2029 825 2061 duorum
848 2029 973 2069 parium
996 2028 1169 2059 calcarium

117 2080 341 2111 deauratorum
365 2079 436 2110 albe
465 2080 555 2110 firme
580 2083 736 2110 terrarum
767 2079 806 2110 de
834 2078 928 2118 Popil
951 2077 1169 2118 spectancium

116 2128 224 2160 David
247 2128 379 2166 Laudre,
396 2128 436 2159 de
457 2129 569 2160 eodem
588 2129 732 2160 termino.
780 2128 910 2158 Summa
934 2126 1030 2166 hujus
1055 2126 1169 2163 oneris,

117 2177 244 2217 lxxxiiij
262 2177 293 2208 11.
310 2178 344 2208 ix
360 2182 384 2210 5.
430 2179 561 2209 Summa
584 2178 693 2209 totalis
717 2177 923 2213 oneracionis,
945 2175 1004 2216 iij⁰j
1029 2175 1062 2207 11.
1085 2175 1120 2216 iij
1145 2180 1168 2208 5.

162 2235 232 2259 VOL.
249 2235 304 2259 VII.
1011 2233 1037 2256 M
