1551 2462
130 296 218 325 1466.
437 293 597 325 REGUM
623 293 867 324 SCOTORUM.
1111 296 1171 323 419

47 468 51 469 ⁷
125 436 164 467 de
175 435 205 467 18
222 436 327 467 Halch
344 436 382 467 de
400 436 536 467 Brechin
561 436 599 467 de
615 446 730 477 croppo
747 437 823 467 anni
846 436 1035 477 sexagesimi
1058 435 1171 476 quinti.

0 466 38 531 f
60 500 65 501 ⁷
124 485 167 516 Et
182 485 220 516 de
233 485 245 525 j
263 485 368 516 celdra
388 485 456 525 xiiij
474 485 567 516 bollis
584 486 671 517 ordei
694 486 772 516 dicti
794 485 916 516 tolbere
940 485 1109 516 comitatus
1133 485 1172 515 de

127 534 285 566 Garviacb
308 535 346 565 de
363 545 479 575 croppo
496 535 574 566 dicti
604 536 687 566 anni.
733 536 776 566 Et
792 535 830 566 de
852 536 886 575 iij
904 535 1018 567 celdris
1041 545 1062 565 v
1078 535 1171 565 bollis

113 599 115 602 ·
123 594 135 625 J
167 584 279 616 ferlota
308 585 330 624 ij
357 585 460 625 peccis
491 595 564 615 cum
595 585 693 616 tercia
724 588 814 626 parte
846 585 982 616 duarum
1003 594 1172 625 peccarum

126 632 212 664 ordei
250 637 282 665 et
318 634 419 664 farine
455 635 619 665 avenatice
649 645 706 675 per
741 634 870 675 equales
900 634 1064 675 porciones
1095 633 1173 664 ville

125 682 164 714 de
194 683 331 725 Kyntra2
355 683 484 723 dempta
515 684 613 714 tercia
643 684 751 715 debita
778 687 814 714 ut
847 694 952 724 supra,
983 683 1021 714 de
1056 693 1173 724 croppo

125 732 202 763 dicti
239 732 323 763 anni.
369 733 411 763 Et
448 733 487 763 de
514 733 570 773 viij
604 733 716 764 celdris
748 733 835 764 ordei
872 733 910 764 de
949 733 1039 763 firma
1076 733 1173 763 tercie

125 781 224 822 partis
250 782 289 813 de
317 782 441 813 Duffois
466 782 504 813 de
532 782 616 813 dicto
638 792 761 823 croppo.
806 783 849 813 Et
880 782 919 813 de
951 782 1030 822 xxiij
1059 781 1173 813 celdris

126 831 181 871 viij
221 831 315 862 bollis
359 832 444 862 ordei
492 835 523 863 et
566 832 667 863 farine
709 833 874 863 avenatice
919 832 958 863 (18
996 832 1096 862 firmis
1136 832 1174 862 de

125 880 351 912 Ardmannach
392 892 448 922 per
483 882 612 922 equales
648 882 813 923 porciones
850 881 888 912 de
933 881 1044 912 eodem
1082 891 1175 918 anno,

126 930 382 971 contingentibus
423 930 551 962 domino
592 932 658 972 regi
705 941 761 972 per
803 931 1036 962 forisfacturam
1074 941 1174 972 quon-

125 979 198 1010 dam
214 979 361 1021 Hugouis
387 981 511 1012 comitis
535 981 573 1012 de
598 981 746 1012 Ormond.
794 981 837 1011 Et
850 981 888 1012 de
898 981 932 1021 iij
945 980 1058 1011 celdris
1076 981 1175 1011 farine

125 1029 288 1060 avenatice
306 1029 344 1060 de
359 1029 390 1060 le
406 1029 511 1060 Halch
529 1030 568 1061 de
581 1030 717 1061 Brechin
734 1030 772 1061 de
785 1030 894 1061 eodem
907 1040 997 1060 anno.
1045 1030 1175 1060 Summa

125 1078 233 1109 totalis
258 1080 454 1110 oneracionis
484 1082 589 1120 preter
621 1080 785 1121 arreragia,
825 1079 868 1120 xlj
896 1079 999 1110 celdre
1024 1089 1067 1109 xv
1092 1079 1176 1110 bolle

14 1163 19 1166 ,
121 1128 134 1168 j
152 1128 266 1159 ferlota
282 1128 303 1168 ij
321 1138 423 1168 pecce.
469 1129 602 1160 Summa
625 1129 732 1160 totalis
757 1129 953 1160 oneracionis
978 1139 1050 1159 cum
1077 1138 1176 1159 arrer-

9 1170 38 1218 ’.χ
125 1178 213 1219 agiis,
228 1177 365 1219 lxxxxiij
385 1177 489 1209 celdre
505 1178 536 1218 xj
562 1178 646 1209 bolle
659 1179 671 1218 j
690 1178 804 1209 ferlota
821 1178 843 1219 ij
861 1188 955 1219 pecce
971 1178 1068 1215 ordei,
1080 1178 1177 1209 brasii

19 1231 22 1234 ’
124 1231 158 1258 81
174 1227 274 1258 farine
291 1228 461 1259 avenatice.

169 1277 263 1314 Item,
293 1276 377 1307 idem
402 1280 512 1307 onerat
542 1287 575 1307 se
606 1277 644 1307 de
667 1277 745 1317 xviij
778 1276 883 1308 celdre
914 1286 1087 1307 avenarum
1120 1286 1177 1317 per

128 1326 281 1366 arreragia
305 1326 412 1356 ultimi
436 1327 578 1366 computi
601 1327 660 1363 sui,
687 1330 724 1357 ut
750 1330 839 1367 patet
862 1326 896 1356 in
919 1327 999 1367 pede
1023 1325 1174 1366 ejusdem.

127 1375 257 1406 Summa
273 1375 422 1416 arreragii
433 1378 530 1416 patet.

170 1424 262 1461 Item,
285 1424 370 1456 idem
393 1427 503 1455 onerat
524 1435 559 1456 se
582 1425 621 1456 de
644 1425 665 1466 ij
691 1425 805 1456 celdris
821 1425 866 1465 iiij
892 1425 988 1455 bollis
1003 1425 1025 1465 ij
1054 1424 1176 1456 ferlotis

127 1484 299 1505 avenarum
316 1474 354 1505 de
370 1474 470 1505 firmis
493 1475 664 1506 comitatus
688 1475 727 1506 de
748 1475 837 1505 Marr
860 1475 1018 1506 dictarum
1034 1478 1176 1505 custum-

127 1523 196 1561 atis,
212 1523 251 1554 de
274 1534 391 1564 croppo
415 1524 491 1554 anni
513 1524 703 1565 sexagesimi
726 1524 839 1564 quinti.
885 1524 928 1554 Et
951 1524 989 1555 de
1013 1525 1043 1565 vj
1062 1524 1176 1555 celdris

129 1573 160 1613 xj
187 1572 279 1604 bollis
305 1573 326 1613 ij
353 1573 474 1604 ferlotis
499 1583 681 1610 avenarum,
709 1573 838 1614 dempta
869 1574 975 1611 tercia,
1005 1574 1044 1604 de
1076 1574 1176 1604 firmis

128 1621 406 1653 vicecomitatuum
434 1623 473 1654 de
503 1623 599 1654 Fores
624 1627 656 1654 et
686 1623 781 1664 Elgin
811 1627 843 1654 et
874 1624 974 1654 veteri
1004 1626 1107 1654 castro
1137 1624 1177 1654 de

129 1672 282 1703 Invernes
313 1672 351 1702 (18
389 1672 500 1703 eodem
530 1682 623 1704 anno.
684 1672 815 1703 Summa
852 1672 961 1703 totalis
1001 1683 1176 1704 avenarum

130 1724 233 1762 preter
263 1721 425 1762 arreragia‚
455 1721 490 1752 ix
522 1721 635 1752 celdre.
681 1722 813 1752 Summa
842 1722 949 1753 totalis
981 1723 1177 1753 oneracionis

131 1779 301 1813 avenarum
317 1780 388 1801 cum
406 1771 579 1812 arreragiis,
595 1771 683 1811 xxvij
702 1771 813 1802 celdre.

173 1819 320 1860 Expense
343 1820 499 1851 dictorum
523 1831 699 1861 granorum.
746 1821 786 1850 In
803 1819 923 1860 primis,
941 1820 1075 1852 allocate
1092 1831 1176 1852 com-

132 1868 257 1909 putanti
273 1879 328 1910 per
344 1869 538 1900 solucionem
555 1869 673 1900 factam
684 1869 849 1900 Fratribus
866 1870 1122 1901 Predicatoribus
1138 1871 1177 1902 de

133 1917 235 1958 Elgin‚
257 1919 506 1959 percipientibus
529 1919 696 1950 annuatim
720 1918 798 1949 duas
821 1918 944 1950 celdras
967 1919 1122 1951 frumenti
1138 1921 1177 1951 de

132 1967 279 2008 thanagio
292 1968 445 2006 Moravie,
457 1968 587 2009 dempta
599 1968 696 1999 tercia
708 1968 815 1998 debita
831 1968 959 1999 domine
971 1968 1122 2008 ejusdem,
1139 1970 1177 2001 de

132 2026 215 2047 auno
231 2018 370 2058 computi
388 2021 420 2048 et
431 2017 491 2048 sub
514 2017 655 2058 periculo
672 2018 896 2057 computantis,
910 2018 922 2058 j
940 2018 1045 2049 celdra
1058 2029 1078 2049 v
1094 2019 1178 2050 bolle

130 2065 142 2106 j
159 2065 271 2097 ferlota
283 2067 295 2107 j
312 2077 407 2108 pecca
423 2077 496 2098 cum
513 2067 652 2097 dimidia.
698 2066 740 2097 Et·
756 2066 868 2104 eidem,
885 2077 941 2107 per
957 2068 1178 2100 vendicionem

133 2124 187 2159 sex
193 2115 366 2147 celdrarum
379 2116 531 2147 frumenti
544 2117 582 2147 de
595 2116 744 2147 mandato
755 2120 976 2157 computorum
988 2118 1179 2155 rotulatoris,

133 2164 273 2204 precium
300 2165 403 2196 eeldre
428 2169 498 2197 octo
522 2176 634 2202 marce,
662 2176 736 2203 cum
762 2176 898 2206 quarum
923 2167 1066 2206 pecuniis
1094 2178 1178 2198 com-

134 2216 249 2254 putans
280 2218 436 2252 oneratur,
476 2215 507 2256 vj
543 2215 646 2246 celdre
678 2215 838 2246 frumenti.
894 2215 936 2246 Et
974 2216 1085 2253 eidem,
1123 2228 1179 2258 per
