1551 2462
123 380 262 412 Fari-ina.

121 1028 285 1057 Respondebit

119 1057 282 1081 thesaurarius

120 1094 164 1116 pro
175 1088 217 1117 xiij
231 1087 259 1110 Ἠ.

121 1375 255 1416 Ballyn*

122 1419 208 1450 creif.

121 1819 168 1843 Res
187 1819 285 1842 ondebit

120 1826 219 1883 Gutlire,
230 1849 282 1871 the-

120 1885 246 1901 sam-anus.

341 191 401 220 246
651 188 736 221 ROT
742 188 816 221 ULI
840 186 1075 220 SOACCARH
1298 188 1388 217 1464.

340 281 472 313 Summa
494 281 590 322 hujus
613 291 760 323 expense,
783 291 804 312 v
827 280 933 312 celdre
957 279 1112 311 frumenti
1133 288 1154 310 v
1177 278 1282 311 celdre
1297 278 1387 310 ordii.

339 333 381 363 Et
397 343 497 364 avene
513 337 633 365 restant
649 334 682 364 in
699 333 847 365 manibus
863 332 1112 363 husbandorum.

382 382 529 423 Expense
552 383 670 414 farriae
701 383 872 414 avenatice.
920 382 960 412 In
990 381 1112 422 primis,
1135 380 1268 412 allocate
1299 389 1385 411 com-

338 432 467 472 putanti
505 442 562 473 per
595 432 821 464 liberacionem
859 432 977 463 factam
1015 430 1176 462 Malcomo
1213 430 1388 467 Forestare,

338 481 503 513 forestario
519 481 558 514 de
573 482 713 518 Torwod,
727 491 784 522 pro
801 481 891 512 feodo
907 491 964 512 suo
980 490 1037 522 pro
1055 479 1197 511 custodia
1212 483 1387 510 mattarum

337 531 418 572 regis
435 535 467 562 et
482 531 620 562 nemoris
635 531 674 562 de
690 531 832 568 Torwod,
847 530 886 562 de
903 540 987 561 anno
1011 529 1154 571 computi
1169 529 1229 560 sub
1245 528 1386 570 periculo

337 581 561 621 computantis,
581 581 593 622 j
619 581 730 612 celdra
777 580 820 611 Et
842 580 963 612 Jacobo
986 579 1139 617 Wilsone,
1162 589 1219 620 pro
1242 578 1386 610 custodia

336 631 461 671 gardini
491 631 586 662 castri
616 630 656 662 de
679 630 834 662 Strivelin
858 630 897 661 de
922 629 1006 661 dicto
1033 639 1126 666 anno,
1145 629 1160 670 j
1186 628 1298 660 celdra.
1344 628 1388 660 Et

336 680 449 717 eidem,
464 690 521 721 per
535 680 759 712 liberacionem
777 680 894 711 factam
910 679 932 710 J
933 679 1030 710 acobo
1046 678 1148 719 Mayn
1165 688 1205 710 ex
1220 677 1388 709 elimosina

336 729 457 761 domini
480 729 582 761 nostri
603 729 694 771 regis,
717 729 869 770 magistro
892 728 1000 760 David
1025 728 1158 765 Guthre‚
1181 727 1387 764 thesaurario,

335 782 474 810 testante
491 779 725 810 concessionem
737 789 832 819 super
848 781 1035 819 computum
1050 777 1090 809 de
1112 788 1196 809 anno
1213 777 1360 818 compoti,
1373 777 1385 818 j

335 827 448 860 celdra.
494 829 537 859 Et
552 828 680 859 Andree
704 828 840 865 Broune,
856 827 1001 868 serjando
1023 827 1063 858 de
1078 827 1314 864 Bothkennare‚
1329 837 1387 867 pro

336 878 427 909 feodo
443 888 500 909 suo
516 878 555 909 de
571 888 654 908 anno
671 878 821 918 computi,
838 887 878 908 ex
900 877 1004 917 gracia
1027 876 1150 908 domini
1172 877 1273 907 nostri
1295 876 1387 917 regis,

331 927 345 967 j
363 927 475 959 celdra.
521 927 563 957 Et
586 926 699 963 eidem,
723 937 779 967 per
801 926 1022 958 vendicionem
1045 926 1188 967 quinque
1209 926 1387 957 celdrarum

334 977 454 1008 farrine
498 976 702 1007 venditarum
739 986 796 1016 per
841 975 1084 1013 thesaurarium,
1114 975 1257 1016 precium
1301 975 1386 1006 boile

336 1030 473 1067 quatuor
502 1026 604 1063 solidi,
630 1036 687 1066 pro
718 1025 835 1066 quibus
865 1025 1009 1066 pecuniis
1039 1025 1144 1056 dictus
1170 1025 1386 1056 thesaurarius

335 1078 548 1119 respondebit,
576 1077 727 1109 videlicet
757 1077 918 1108 sexdecim
948 1077 1047 1114 libris,
1069 1087 1092 1108 v
1122 1076 1226 1108 celdre
1256 1076 1382 1108 farrine.

335 1128 377 1159 Et
400 1139 457 1169 per
486 1127 711 1159 liberacionem
740 1127 858 1158 factam
888 1126 1022 1167 leprosis
1052 1136 1150 1167 prope
1180 1126 1317 1167 burgum
1347 1126 1386 1157 de

335 1177 497 1215 Strivelin,
514 1187 553 1209 ex
569 1177 679 1208 eadem
696 1177 862 1208 elimosina
874 1176 1123 1217 percipientibus
1140 1176 1306 1207 annuatim
1316 1180 1386 1207 octo

336 1226 437 1258 bollas
464 1227 547 1258 dicte
575 1227 701 1264 farrine,
727 1226 783 1267 viij
810 1226 901 1258 bolle.
948 1226 1079 1257 Summa
1105 1236 1326 1267 expensarum,
1352 1226 1386 1257 ix

335 1276 438 1308 celdre
455 1276 510 1317 viij
528 1276 612 1307 holle
629 1276 745 1307 farrine
761 1276 932 1307 avenatice.

379 1375 575 1416 Computum
590 1375 749 1406 Johannis
766 1375 946 1416 Clephame,
962 1375 1101 1416 serjandi
1116 1378 1149 1406 et
1163 1375 1334 1416 receptoris
1347 1374 1385 1406 de

338 1423 537 1465 Ballyncreif
563 1429 596 1456 et
626 1425 792 1462 Gosfurde,
817 1426 935 1466 [Per-tlt
965 1426 1008 1456 2⁹5
1030 1425 1114 1456 June
1136 1425 1230 1463 1464,
1246 1425 1335 1465 from
1365 1426 1385 1454 1

338 1474 463 1514 August
478 1475 572 1512 1463.

382 1524 506 1564 Clzarye.
560 1524 682 1554 Fermes
711 1524 748 1564 of
772 1523 975 1564 Ballincrmff,
998 1524 1075 1554 ³37³?
1104 1524 1146 1553 523.
1169 1523 1235 1561 8d.‚·
1265 1523 1331 1553 cmd
1353 1524 1391 1564 os

340 1574 499 1614 Gosfurde,
515 1574 591 1605 &16
601 1585 613 1612 ,·
637 1584 672 1604 as
684 1584 713 1613 p.
730 1574 802 1604 2202).
848 1574 935 1610 Sum,
951 1574 1027 1603 ‚2388
1042 1573 1083 1603 es.
1101 1573 1150 1604 8d.

379 1623 558 1663 Disclzmye.
608 1623 650 1653 To
676 1623 828 1663 Rotlzcsags
854 1622 971 1659 herald,
988 1622 1078 1662 from
1111 1622 1269 1662 Gosfurde,
1296 1633 1330 1653 as
1350 1633 1383 1663 p.

335 1673 408 1710 2053,
439 1673 516 1703 3313
547 1673 588 1703 (fs.
621 1671 685 1712 gd]
744 1671 787 1702 Et
819 1671 930 1708 eidem,
959 1681 1016 1712 per
1042 1671 1236 1703 solucionem
1267 1671 1386 1703 factam

335 1722 487 1763 magistro
525 1721 634 1752 David
665 1721 797 1758 Guthre,
827 1720 1033 1757 thesaurario,
1063 1721 1231 1762 recipienti
1260 1721 1300 1753 ad
1330 1732 1385 1753 ex-

337 1783 452 1814 pensas
475 1772 630 1804 domicilii
649 1772 772 1803 domini
801 1773 882 1813 regis
904 1773 942 1804 de
963 1773 1099 1804 termino
1124 1773 1234 1804 Sancti
1249 1773 1385 1805 Martini

335 1823 420 1853 infra
442 1822 501 1853 hoc
522 1825 717 1863 computum,
740 1822 809 1863 ipso
832 1822 954 1854 fatente
980 1826 1144 1864 receptum
1174 1833 1270 1864 super
1299 1828 1402 1854 com-⁸

334 1876 459 1913 putum,
483 1873 559 1913 xxxj
577 1872 609 1904 Ε.
634 1872 702 1913 xiiij
720 1876 742 1903 Ξ.
765 1873 796 1913 vj
814 1872 842 1903 d.
859 1882 916 1913 pro
937 1872 1054 1913 quibus
1076 1872 1287 1914 respondebit.
1341 1873 1384 1904 Et

335 1922 447 1960 eidem,
477 1932 533 1963 per
578 1921 773 1953 solucionem
810 1921 928 1952 factam
973 1922 1059 1953 dicto
1100 1922 1297 1953 thesaurario
1342 1922 1381 1954 de

333 1972 471 2003 termino
499 1971 725 2002 Penthecostes
749 1971 833 2002 infra
858 1971 918 2002 hoc
945 1974 1139 2026 computum,
1165 1971 1235 2012 ipso
1261 1971 1382 2003 fatente

334 2024 497 2062 receptum
524 2031 618 2062 super
647 2024 841 2061 computum,
866 2021 964 2060 xxxvj
993 2020 1024 2051 n.
1054 2020 1097 2060 xij
1123 2031 1155 2058 s„
1181 2030 1239 2061 pro
1265 2021 1382 2062 quibus

333 2070 544 2111 respondebit.
591 2070 691 2111 [Suom
709 2070 784 2101 ,2981
808 2071 872 2108 148.
927 2070 1070 2107 Balanee,
1085 2070 1140 2101 ³6⁰6
1159 2070 1202 2100 83.
1219 2069 1279 2107 Sd„
1295 2070 1380 2110 paid

333 2124 363 2151 to
381 2120 570 2161 Trcasurer]
