1551 2462
110 208 200 237 1462.
419 206 579 238 REGUM
603 206 848 239 SOOTORUM.
1094 213 1154 241 143

106 301 270 339 receptum
293 298 332 330 de
355 299 479 331 duobus
502 300 647 331 terminis
669 300 754 331 infra
777 300 837 332 hoc
860 303 1052 342 compotum,
1068 302 1156 333 vide-

108 346 193 385 licet,
209 348 413 380 Pentecostes
429 352 462 380 et
478 349 739 394 SanctiqMartini
756 350 832 381 anni
848 351 1037 391 sexagesimi
1052 352 1157 392 primi,

102 396 130 438 j⁰
147 397 179 428 Ti.
203 397 263 435 {Et
278 408 335 439 per
350 398 545 430 solucionem
562 400 680 430 factam
696 399 859 431 Elizabeth
878 400 916 431 de
933 400 1076 438 Dunbar,
1092 400 1157 432 filie

106 446 266 487 quondam
283 447 402 479 Thome
420 448 455 491 [J
457 449 547 480 acobi
558 449 583 489 2]
601 449 639 480 de
655 449 790 480 Dunbar
806 450 931 480 comitis
948 449 1101 487 Mor-avie,
1117 460 1158 481 ex

105 496 211 537 gracia
233 497 355 528 domini
385 497 467 538 regis
489 501 522 529 et
551 498 702 529 mandato
726 498 869 539 ejusdem
898 498 1074 530 literatorio
1097 500 1156 531 sub

105 546 231 587 privato
247 546 331 578 dicte
354 547 521 579 Elizabeth
544 558 692 579 concesso
715 552 748 579 et
763 548 872 579 literas
889 548 972 579 dicte
988 548 1156 579 Elizabeth

105 595 145 626 de
167 599 294 636 recepto
316 599 458 628 ostensas
481 607 577 637 super
599 598 790 638 compotum,
814 597 852 628 de
876 598 978 629 tribus
1002 598 1157 636 terminis,

107 644 142 676 lx
160 638 202 676 fi?
237 646 280 677 Et
310 646 475 677 Willelmo
507 646 645 688 Hakate,
676 657 732 687 pro
762 647 854 678 feodo
877 657 934 678 suo
957 647 996 678 de
1019 648 1156 678 termino

108 695 334 727 Penthecostes
360 696 437 727 anni
462 696 652 737 sexagesimi
674 696 779 737 primi,
803 696 841 727 de
860 696 1011 727 mandato
1035 697 1157 728 domini

105 744 186 785 regis
202 744 378 776 literatorio
390 746 450 777 sub
465 746 592 786 privato
608 749 640 776 et
656 745 892 786 subscripcione
909 748 939 776 et
956 746 1064 777 literas
1077 746 1155 777 dicti

105 793 262 825 Willelmi
285 794 324 826 de
347 798 473 836 recepto
496 798 639 826 ostensas
662 805 758 836 super
780 798 972 836 compotum,
997 806 1019 826 X
1033 795 1066 826 fi.
1112 796 1155 826 Et

105 843 255 884 magistro
285 844 393 875 David
424 844 558 882 Guthre‚
592 844 798 882 thesaurario,
836 845 952 876 fatenti
990 849 1155 886 receptum

105 901 200 933 super
216 896 398 934 compotum
415 904 470 934 per
485 894 704 935 recepcionem
727 894 885 926 Willelmi
909 895 1046 932 Hakate,
1061 895 1096 926 lx
1111 896 1154 934 fi„
1167 891 1333 944 ἒῇζῖξξᾶξξέξ

104 951 162 982 pro
178 943 294 983 quibus
306 943 517 983 respondebit.
563 944 605 974 Et
617 944 721 975 eidem
733 944 884 984 magistro
897 944 1004 975 David
1018 945 1153 982 Guthre,
1167 938 1294 974 saurarix'xs.

104 990 311 1029 thesaurario,
355 993 524 1033 recipienti
554 1003 650 1033 super
687 997 879 1034 compotum,
907 993 1001 1034 j‘xxx
1016 993 1049 1026 ri.
1094 1005 1151 1035 pro

106 1041 222 1081 quibus
245 1042 456 1082 respondebit.
502 1042 544 1072 Et
566 1052 623 1083 per
653 1042 847 1073 solucionem
877 1042 996 1074 factam
1025 1043 1154 1074 domine
1166 1053 1210 1076 Do.

106 1091 214 1131 regine
230 1090 268 1122 de
283 1092 381 1123 tercio
396 1091 533 1123 termino
549 1091 645 1132 hujus
661 1092 807 1134 compoti,
823 1092 1012 1133 percipienti
1033 1103 1152 1123 annua-

106 1141 165 1171 tim
182 1141 367 1182 pensionem
389 1144 519 1173 centum
534 1141 689 1172 librarum
706 1141 744 1174 de
763 1141 913 1182 predictis
930 1142 1094 1179 custumis,
1116 1145 1154 1173 ut

106 1193 195 1230 patet
209 1201 266 1232 per
277 1190 386 1222 literas
402 1190 486 1222 dicte
498 1190 625 1221 domine
637 1190 744 1231 regine
761 1191 820 1222 sub
836 1190 959 1231 signeto
972 1190 1010 1222 de
1025 1194 1156 1232 recepto

106 1242 247 1271 ostensas
277 1250 373 1281 super
402 1243 594 1280 compotum,
624 1240 636 1270 l
659 1239 690 1270 li.
735 1240 778 1270 Et
801 1239 930 1276 eisdem,
953 1250 1010 1280 per
1035 1240 1149 1271 libera-

106 1288 229 1320 cionem
246 1289 363 1321 factam
385 1289 528 1321 Johanm·
551 1289 739 1326 Lardenare,
755 1289 902 1320 servitori
918 1289 1039 1320 domini
1061 1290 1152 1331 regis,

105 1338 202 1369 misso
217 1349 274 1380 per
295 1339 462 1370 dominum
484 1349 590 1379 regem
606 1342 639 1369 et
655 1338 800 1369 dominos
824 1338 862 1369 de
886 1338 1017 1369 consilio
1041 1349 1152 1370 versus

104 1388 255 1419 Aberden
270 1398 327 1430 pro
339 1388 518 1429 provisione
534 1387 656 1418 domini
667 1387 749 1429 regis
761 1391 903 1428 tempore
919 1397 982 1428 quo
995 1387 1152 1428 disposuit

105 1447 138 1468 se
154 1447 264 1469 versus
287 1440 428 1469 castrum
450 1437 490 1468 de
511 1437 732 1478 Kildrummy,
748 1436 824 1468 licet
845 1439 1027 1468 mutaverat
1042 1441 1152 1478 postea

105 1488 303 1528 propositum
319 1498 422 1525 suum,
438 1487 477 1518 de
500 1487 651 1519 mandato
675 1497 731 1518 suo
754 1486 930 1518 literatorio
953 1487 1013 1517 sub
1029 1487 1151 1528 signeto

104 1539 230 1568 ostenso
260 1547 355 1578 super
392 1540 584 1578 compotum,
615 1537 655 1568 ad
692 1547 765 1567 suas
796 1546 950 1577 expensas
988 1539 1020 1567 et
1050 1540 1151 1568 certas

104 1590 262 1624 uncostez,
277 1597 351 1618 cum
370 1587 486 1628 viginti
508 1586 623 1628 laginis
639 1586 772 1617 cervisie
788 1585 969 1616 distributis
985 1586 1150 1617 Fratribus

103 1638 136 1667 et
146 1637 347 1678 pauperibus,
360 1647 400 1668 ex
409 1636 663 1667 consideracione
676 1635 855 1666 auditorum
870 1635 909 1665 ad
921 1645 1059 1675 presens,
1071 1635 1104 1676 iij
1117 1635 1149 1666 li.

103 1695 125 1716 x
139 1690 162 1717 s.
179 1687 210 1727 vj
228 1686 256 1718 d.
301 1687 344 1718 Et
359 1686 487 1723 eisdem,
503 1696 559 1727 per
582 1685 776 1716 solucionem
800 1684 919 1715 factam
941 1694 998 1724 pro
1014 1684 1149 1724 quadra-

102 1735 190 1776 ginta
213 1736 306 1767 bollis
336 1736 500 1773 frumenti,
522 1735 665 1776 precium
688 1734 772 1766 bolle
803 1734 913 1765 decem
943 1733 1046 1770 solidi,
1077 1744 1150 1775 erga

63 1782 65 1788 ’
102 1784 276 1817 adventum
291 1786 373 1826 regis
388 1785 565 1821 Aberdene,
581 1784 728 1825 quamvis
744 1794 808 1814 non
831 1784 929 1820 venit,
944 1783 984 1814 de
999 1783 1149 1814 mandato
1164 1789 1327 1841 Respondebit

102 1833 299 1873 thesaurarii,
315 1845 358 1866 xx
374 1835 415 1873 nl,
431 1845 487 1876 pro
503 1835 620 1875 quibus
635 1834 846 1875 respondebit.
893 1833 935 1864 Et
950 1833 1078 1870 eisdem,
1093 1843 1150 1874 per
1163 1819 1331 1874 gffluffisfhe'

101 1882 325 1916 liberacionem
356 1885 475 1916 factam
497 1884 641 1916 Johanni
664 1883 837 1915 Lardinare
865 1883 905 1913 ad
934 1882 1149 1923 provisionem

102 1932 223 1964 domini
244 1934 327 1975 regis
350 1934 528 1965 faciendam
551 1933 636 1965 dicto
659 1937 810 1974 tempore,
833 1942 873 1963 ex
895 1931 1047 1962 mandato
1070 1931 1147 1963 dicti
1162 1932 1208 1955 Res
1227 1934 1327 1957 oudebit

101 1981 290 2014 thesaurarii
312 1986 345 2014 et
367 1993 424 2024 pro
447 1984 564 2024 quibus
588 1983 793 2024 respondebit
815 1981 1042 2018 thesaurarius,
1057 1981 1089 2022 xj
1114 1982 1145 2013 n.
1160 1962 1326 2017 gssiaiitsihe'

102 2031 136 2062 ix
151 2036 174 2064 ἔ.
194 2033 226 2073 vj
250 2033 279 2063 d.
326 2033 427 2075 [Sum‚
442 2033 541 2071 &4922
561 2033 625 2064 113.
642 2033 693 2070 Ad.
739 2032 882 2068 Balanea,
899 2031 974 2062 „⁴951
990 2031 1055 2062 13s.
1071 2030 1145 2073 md.
1160 2033 1262 2058 Debent.

104 2081 146 2112 To
163 2082 294 2122 Guthry,
313 2082 488 2119 Treasurer,
504 2082 581 2113 2313
597 2082 638 2113 63.
657 2082 706 2113 6d.
739 2081 882 2117 Balanea,
897 2081 974 2112 ,2933
991 2081 1032 2111 73.
1047 2079 1135 2122 Qui]
1160 2077 1325 2135 ἒξῗῖξζζξῑὲξὲῐ

144 2130 390 2163 Memorandum
420 2131 505 2172 quod
536 2131 575 2162 de
608 2131 755 2163 ducentis
789 2133 926 2172 quatuor
959 2129 1050 2162 libris
1076 2140 1145 2162 sex·
1159 2138 1286 2160 samarius.
