1551 2462
15 269 26 293 1
73 307 83 312 ,
141 281 230 309 1406.
448 276 609 308 REGUM
634 275 879 308 SCOTORUM.
1123 280 1184 308 413

139 371 269 412 dempta
312 369 410 401 tercia
454 369 493 400 de
538 369 657 400 eisdem
701 369 857 405 terminis,
902 369 948 409 iiij
981 369 1013 400 Η.
1059 369 1114 410 viij
1162 374 1184 400 s.

137 421 171 461 xj
216 420 245 452 d.
314 420 356 450 Et
401 419 566 460 capellano
611 416 786 450 celebranti
838 419 871 449 in
925 419 1047 459 capella
1101 420 1186 450 beati

137 469 292 501 Leonardi
330 479 428 510 prope
469 469 573 505 Fores,
610 468 799 508 percipienti
838 469 1006 499 annuatim
1044 469 1186 509 quinque

137 519 234 551 libras
261 519 300 550 de
325 519 424 549 firmis
441 518 519 548 dicti
542 518 721 554 comitatus,
737 518 867 558 dempta
890 518 988 549 tercia
1011 518 1049 549 de
1066 519 1186 549 eisdem

137 569 291 605 terminis,
317 568 350 609 iij
375 567 407 598 li.
435 568 467 608 vj
492 571 514 598 S.
547 567 602 607 viij
627 566 655 597 (Ῐ.
702 567 745 597 Et
769 567 932 608 capellano
961 568 1081 598 domini
1104 568 1186 608 regis

138 618 310 650 celebranti
325 617 360 648 in
376 620 477 648 castro
494 616 532 647 de
548 616 643 656 Elgin
659 626 716 656 pro
732 626 823 656 pane,
840 617 923 654 vino,
940 627 1039 657 acque
1056 627 1135 653 cera,
1148 617 1186 648 de

138 661 228 699 acris*
248 667 286 698 de
309 667 412 707 Elgin,
435 666 474 697 de
498 676 581 696 anno
605 666 756 706 computi,
778 667 812 706 iij
838 671 860 697 s.
886 667 916 707 vj
934 667 963 697 d.
1009 668 1052 697 Et
1075 667 1187 704 eidem,

139 717 178 749 de
208 717 307 748 firmis
328 716 463 748 dominii
490 716 529 747 de
553 716 723 746 Lambride
747 716 832 747 infra
857 716 1115 747 vicecomitatum
1148 716 1187 747 de

138 767 232 808 Elgin
256 777 312 807 pro
328 765 544 797 anniversario
568 765 730 806 quondam
746 766 767 796 J
770 766 904 796 ohannis
921 766 959 797 de
977 766 1140 802 Invernes,
1155 770 1188 797 et

137 816 356 852 luminaribus,
373 825 462 856 pane,
479 818 510 846 et
534 815 609 845 vino
627 814 710 845 dicte
734 815 864 846 ecclesie
882 816 920 846 de
938 815 1030 856 Elgin
1048 816 1086 846 de
1104 826 1187 846 anno

139 866 287 907 computi,
309 866 386 906 xxvj
405 869 427 895 s.
452 865 508 905 viij
526 864 554 895 d.
601 864 643 895 Et
666 865 813 905 episcopo
838 865 1034 896 Moraviensi
1050 875 1105 905 pro
1123 866 1187 896 situ

137 915 312 946 molendini
339 915 377 945 de
402 913 569 945 Schirreffe
592 913 678 953 Myll
701 913 739 943 de
762 914 861 944 tercia
885 914 923 944 de
949 914 1082 949 Duffois,
1105 914 1187 944 exis-

137 967 225 995 tente
248 964 283 995 in
309 964 458 995 manibus
484 963 573 1004 regis,
598 963 637 993 de
667 963 761 994 dictis
792 964 948 1000 terminis,
979 974 1046 994 xxx
1062 968 1084 994 s.
1146 964 1188 994 Et

139 1013 240 1045 eidem
264 1013 423 1054 episcopo,
437 1023 494 1053 pro
518 1022 624 1042 annuo
647 1012 775 1043 redditu
799 1012 860 1043 sibi
885 1013 993 1044 debito
1017 1023 1072 1053 pro
1089 1013 1187 1044 tercia

136 1067 226 1104 parte
242 1067 398 1094 terrarum
415 1062 453 1093 de
470 1062 635 1099 Saldcotis,
651 1062 691 1092 de
714 1062 800 1092 dicto
824 1072 906 1093 anno
923 1066 955 1093 et
971 1063 1030 1093 sub
1046 1063 1187 1103 periculo

137 1113 364 1153 computantis,
380 1112 427 1152 iiij
445 1116 468 1143 ἔ.
485 1122 505 1142 v
522 1111 551 1142 d.
597 1112 640 1142 Et
656 1111 768 1149 eidem,
784 1122 841 1152 pro
866 1112 964 1143 tercia
980 1113 1087 1143 debita
1103 1113 1187 1144 dicte

138 1173 253 1203 sponse
269 1163 308 1193 de
327 1162 426 1193 firmis
450 1161 620 1192 comitatus
647 1161 792 1192 Moravie
821 1161 905 1192 infra
928 1162 1188 1192 vicecomitatum

137 1213 176 1243 de
192 1212 288 1253 Elgin
305 1215 337 1243 et
353 1211 585 1252 Glenquharny
602 1217 674 1241 cum
697 1211 815 1251 quibus
837 1215 1025 1252 computans
1042 1212 1187 1252 superius

137 1265 288 1293 oneratur
311 1261 349 1292 de
376 1261 474 1292 libere
502 1260 693 1291 introductis
720 1260 848 1291 domino
879 1261 953 1301 regi,
977 1261 1015 1291 de
1042 1261 1188 1291 terminis

137 1311 233 1352 hujus
249 1310 392 1351 computi
415 1313 447 1341 et
473 1310 532 1340 sub
557 1309 698 1350 periculo
725 1311 949 1350 computantis,
973 1310 1018 1350 lvj
1044 1310 1074 1341 n'.
1092 1310 1145 1350 xvj
1164 1314 1186 1341 Ξ.

137 1360 171 1401 iij
189 1361 218 1392 d.
263 1361 306 1391 Et
327 1360 438 1396 eidem,
461 1370 518 1400 pro
541 1359 640 1390 tercia
663 1359 771 1389 debita
794 1359 878 1390 dicte
902 1370 1017 1401 sponse
1034 1360 1072 1390 de
1089 1360 1188 1390 firmis

137 1410 215 1441 dicti
238 1409 407 1441 comitatus
432 1409 517 1439 infra
541 1409 801 1439 vicecomitatum
829 1409 867 1439 de
902 1409 1007 1445 Fores,
1031 1410 1069 1440 de
1093 1409 1187 1440 dictis

137 1459 281 1490 terminis
298 1462 330 1490 et
353 1459 412 1489 sub
436 1458 547 1489 eodem
569 1458 720 1498 periculo,
743 1458 846 1488 xxxix
861 1458 892 1489 fi.
910 1469 930 1489 X
949 1463 972 1490 s.
1017 1459 1060 1490 Et
1076 1459 1187 1496 eidem,

137 1507 177 1540 de
200 1508 298 1539 firmis
322 1511 479 1539 terrarum
504 1507 543 1538 de
575 1508 796 1544 Sanctandros,
820 1508 1012 1545 Kirktoune,
1030 1509 1187 1539 Bernflat-

137 1557 233 1594 hillis,
249 1558 458 1598 Drumkinty,
474 1561 506 1588 et
523 1558 698 1598 Petgovny,
715 1568 935 1588 concessarum
951 1569 1005 1598 per
1021 1559 1188 1589 dominum

138 1617 243 1649 regem
259 1607 403 1638 Johanni
427 1607 465 1637 de
482 1606 625 1644 Dunbar,
648 1606 755 1643 militi,
777 1617 835 1648 per
851 1612 972 1638 cartam
987 1607 1187 1645 hereditarie,

139 1660 176 1688 ut
199 1659 301 1698 patet.
318 1667 374 1698 per
397 1656 509 1688 literas
537 1656 660 1688 domini
689 1657 771 1697 regis
803 1656 881 1688 aiias
912 1660 1055 1688 ostensas
1093 1667 1188 1698 super

139 1709 323 1748 computum
347 1706 386 1737 de
408 1705 553 1737 terminis
576 1705 673 1746 hujus
698 1706 849 1747 computi,
873 1717 915 1737 xx
932 1706 963 1737 li.
1010 1707 1052 1737 Et
1075 1707 1187 1744 cidem,

140 1755 180 1787 de
203 1756 303 1787 firmis
327 1759 483 1786 terrarum
507 1755 546 1786 de
570 1755 730 1786 Caldcotis
746 1755 830 1786 infra
856 1756 1116 1787 vicecomitatum
1148 1757 1187 1787 de

139 1805 241 1846 Elgin,
264 1805 338 1845 quia
361 1809 450 1836 vaste
474 1805 512 1836 de
536 1815 618 1835 anno
642 1805 793 1845 computi,
817 1805 947 1846 dempta
970 1805 1056 1836 dicta
1079 1807 1186 1843 tercia,
1244 1814 1246 1817 ·

139 1853 186 1895 liij
202 1858 224 1886 Ξ.
249 1854 294 1893 iiij
312 1854 341 1885 d.
386 1854 429 1885 Et
451 1854 564 1891 eidem,
586 1864 643 1895 pro
667 1858 738 1885 octo
763 1855 872 1885 martis
896 1855 990 1885 dictis
1013 1856 1186 1895 rynmartis

139 1902 222 1934 infra
236 1903 492 1935 vicecomitatum
509 1903 548 1934 de
565 1904 659 1944 Elgin
675 1904 741 1944 regi
754 1904 878 1941 debitis,
889 1914 945 1944 pro
958 1915 1093 1944 quarum
1110 1915 1187 1945 qna-

139 1951 217 1983 libet
233 1952 410 1990 allocantur
426 1953 601 1984 husbandis
618 1953 772 1984 cle-firmis
789 1954 855 1984 suis
872 1954 1015 1994 quinque
1031 1954 1125 1985 solidi
1148 1955 1186 1986 de

139 2001 273 2033 termino
287 2002 395 2033 Sancti
405 2002 550 2039 Martini,
562 2002 595 2032 xl
611 2006 635 2033 s.
679 2002 722 2032 Et
735 2002 847 2039 eidem,
857 2013 914 2043 pro
927 2003 981 2041 viij
999 2004 1187 2035 mutonibus

140 2050 233 2082 dictis
255 2055 470 2092 rynmutoune
497 2051 612 2082 debitis
636 2052 671 2082 in
694 2051 779 2082 dicto
803 2052 1026 2082 vicecomitatu
1057 2053 1187 2094 dempta

140 2099 245 2137 tercia,
257 2110 313 2141 pro
325 2111 462 2142 quorum
478 2101 622 2142 quolibet
634 2101 811 2132 allocantur
826 2101 1002 2133 husbandis
1019 2102 1186 2134 duodecim
1218 2124 1224 2127 >

141 2148 270 2186 denarii,
294 2150 332 2182 de
364 2151 474 2182 eodem
504 2151 650 2187 termino,
674 2151 729 2191 viij
747 2155 773 2182 ἓ,
832 2151 874 2182 Et
904 2151 1016 2187 eidem,
1047 2162 1103 2192 pro
1141 2153 1184 2193 vij

141 2200 312 2239 rynmartis
342 2199 582 2232 vicecomitatus
613 2200 652 2232 de
683 2201 778 2232 Fores
816 2199 854 2231 de
893 2200 1001 2232 eodem
1042 2201 1186 2237 termino,
