1551 2462
114 280 128 308 1
135 278 195 308 467
198 301 205 309 .
423 276 584 308 REGUM
608 276 853 309 SOOTORUM.
1096 282 1154 310 501

112 369 294 414 Alexandro
310 369 390 401 Boid
408 369 552 411 predicto
568 379 623 411 pro
640 370 784 401 custodia
807 370 885 401 dicti
901 370 994 401 castri
1012 371 1050 402 de
1074 371 1159 402 dicto

110 420 246 451 termino
262 420 372 451 Sancti
394 419 530 451 Martini
546 419 606 450 sub
629 420 740 450 eodem
763 419 913 460 periculo,
928 420 996 461 lxvj
1014 419 1044 450 fi.
1062 421 1117 460 xiij
1136 424 1159 451 s.

111 469 156 510 iiij
188 469 216 500 d.
277 470 320 500 Et
351 480 407 510 per
437 469 665 500 liberacionem
696 469 814 500 factam
844 469 983 501 Dedrico
1015 470 1160 507 Grutare,

111 521 315 559 Theutonico,
325 532 381 562 pro
395 521 487 552 feodo
500 531 565 558 suo,
579 531 618 552 ex
628 521 733 561 gracia
743 521 864 552 domini
874 521 964 562 regis,
975 532 1013 552 ex
1027 532 1062 552 eo
1075 521 1161 562 quod

112 570 188 602 alias
211 571 378 602 consuevit
400 571 562 612 percipere
585 571 701 612 viginti
723 570 820 601 libras
844 581 946 611 usque
969 571 1161 612 completam

88 644 90 649 ,
111 622 228 651 etatem
245 621 388 661 ejusdem
411 621 596 661 quindecim
619 630 786 657 annorum,
802 620 841 651 de
858 630 941 651 anno
957 621 1100 661 computi
1123 621 1162 652 de

111 670 260 701 mandato
283 671 486 702 dominorum
509 671 548 702 de
572 670 718 707 concilio,
742 673 967 711 computorum
990 671 1163 702 rotulatore

112 723 248 751 testante
264 721 453 752 mandatum
472 731 567 762 super
589 724 786 761 computum,
811 731 854 750 xx
870 720 912 758 fi„
936 724 968 751 et
990 721 1163 751 mandatur

112 771 310 811 computanti
334 771 419 811 quod
444 771 582 812 amplius
604 771 664 802 sibi
698 781 762 801 non
787 770 891 801 solvat
922 771 985 802 nisi
1015 771 1163 802 ostendat

0 850 6 859 ¹
31 847 34 851 .
112 829 230 851 novum
246 820 435 851 mandatum
451 820 671 852 literatorium.
710 820 752 851 Et
769 820 874 851 eidem
891 821 935 861 [to
954 821 1162 861 Comptroller,

112 869 208 907 38449
223 870 265 900 88.
282 870 332 900 Ξᾶ.
380 870 423 900 To
439 870 508 910 doi],
531 870 565 900 in
581 870 745 911 speciebus
762 873 794 901 et
809 869 962 901 chandria
977 870 1104 901 intratis
1127 870 1162 901 in

39 932 42 941 =
113 918 203 950 libris
226 919 388 957 domicilii,
411 919 479 960 ipso
503 920 604 951 eciam
628 920 749 951 fatente
773 924 936 960 receptum
960 930 1055 960 super
1077 930 1162 951 com-

113 972 236 1010 putum,
246 967 341 1010 iiij⁰lij
358 969 389 1000 fi.
404 969 458 1010 xvj
476 974 498 1000 s.
516 969 572 1010 viij
590 969 618 1000 d.
636 970 693 1006 οἵ),
710 979 767 1010 pro
784 970 900 1010 quibus
917 970 1017 1001 eciam
1033 980 1162 1011 respon-
1176 966 1342 1020 ἓῇἷζξᾱθῦἢ

113 1018 207 1049 debit.
252 1018 295 1049 Et
310 1018 413 1049 eidem
430 1019 452 1049 J
455 1019 560 1055 acobo,
577 1029 634 1059 per
649 1018 874 1050 liberacionem
902 1019 1019 1050 factam
1034 1019 1163 1051 Andree
1176 1014 1303 1049 rotulatssr.

115 1068 272 1106 Balffiure,
296 1068 410 1099 clerico
440 1068 620 1109 garderobe,
645 1068 685 1099 acl
708 1068 897 1100 indumenta
920 1069 1042 1100 domiui
1064 1070 1164 1100 nostri

114 1117 195 1159 regis
218 1118 252 1148 iu
268 1118 363 1149 certis
385 1118 501 1159 pannis
525 1118 644 1154 cericis,
668 1118 777 1155 laneis,
793 1121 825 1149 et
847 1118 940 1149 lineis
964 1129 1020 1159 pro
1037 1129 1165 1160 corpore
1237 1127 1283 1149 Do.

115 1167 236 1199 domini
249 1168 340 1208 regis,
357 1167 396 1198 de
414 1168 565 1198 mandato
589 1167 732 1208 ejusdem
762 1168 937 1199 literatorio
961 1169 1020 1200 sub
1044 1169 1166 1210 signeto

115 1219 147 1249 ot
184 1217 430 1258 subscripcione,
465 1217 664 1249 auditoribus
703 1218 852 1249 scaccarii
890 1219 930 1249 ad
964 1219 1167 1250 allocandum

100 1265 234 1305 (directo
266 1270 393 1298 ostenso
426 1277 521 1308 super
552 1270 747 1308 computum,
774 1266 802 1308 j⁰
824 1267 870 1298 lix
900 1268 932 1298 fi.
963 1269 984 1309 ij
1018 1273 1040 1299 s.
1073 1269 1104 1309 xj
1137 1268 1166 1299 d.

116 1317 158 1348 Et
189 1317 273 1349 dicto
300 1317 429 1354 Jacobo,
461 1327 517 1358 pro
539 1317 634 1348 certis
658 1317 792 1348 minutis
825 1318 919 1349 rebus
950 1318 1091 1349 liberatis
1127 1318 1168 1348 ad

68 1399 71 1407 ¹
116 1376 208 1398 usum
223 1367 354 1407 domini
376 1367 459 1407 regis
482 1367 516 1397 in
540 1366 650 1397 eadem
675 1366 775 1403 litera,
799 1369 836 1397 ut
858 1370 955 1407 patet,
978 1377 1000 1397 v
1022 1366 1053 1398 fi.
1078 1367 1125 1407 iiij
1143 1371 1167 1397 s.

115 1416 148 1457 vj
165 1416 194 1447 d.
239 1416 282 1447 Et
301 1416 386 1447 dicto
410 1416 432 1447 J
435 1416 539 1453 acobo,
555 1426 612 1456 pro
636 1416 730 1447 certis
753 1417 869 1457 pannis
893 1417 1002 1447 cericis
1025 1416 1168 1447 liberatis

49 1458 63 1491 Ᾰῑι
117 1465 249 1497 diversis
267 1465 448 1506 proceribus
465 1475 589 1496 camere
605 1476 669 1502 sue,
686 1466 725 1496 de
748 1466 899 1497 mandato
923 1466 1044 1497 domini
1068 1466 1170 1497 nostri

50 1553 57 1560 ¹
89 1508 94 1511 ⁸
116 1515 206 1556 regis,
228 1518 266 1546 ut
288 1518 378 1556 patet
401 1515 436 1545 in
461 1514 571 1546 eadem
594 1514 696 1551 litera,
718 1515 741 1556 lj
759 1515 790 1546 fi.
817 1515 896 1556 xviij
914 1515 943 1547 d.
988 1516 1031 1547 Et
1058 1516 1160 1547 eidem

55 1563 78 1577 ³
117 1574 174 1606 pro
197 1564 322 1596 duabus
349 1564 436 1595 tubis
458 1564 601 1595 liberatis
631 1564 829 1596 tubicinibus
851 1565 932 1606 regis
956 1565 994 1597 de
1018 1566 1169 1597 mandato

119 1663 213 1694 certis
240 1663 427 1695 necessariis
457 1663 602 1694 liberatis
632 1663 776 1694 Johanni
806 1664 896 1701 Bate,
922 1665 1044 1705 pictori,
1071 1665 1111 1696 ad
1141 1665 1171 1696 le

65 1722 72 1729 ·
120 1722 243 1744 mumrc
258 1713 371 1754 grathe
392 1712 422 1743 in
438 1722 531 1753 yeme
555 1712 670 1753 elapsa,
687 1713 725 1744 de
749 1713 859 1744 eodem
882 1714 1042 1752 mandato,
1065 1714 1121 1755 lvij
1139 1714 1170 1744 H.

121 1761 164 1793 Et
180 1762 292 1799 eidem,
304 1773 361 1803 pro
378 1762 472 1793 certis
490 1762 605 1803 pannis
622 1762 740 1799 cericis,
753 1762 862 1800 laneis,
878 1766 910 1794 et
925 1763 1027 1800 lineis,
1043 1774 1079 1795 ac
1102 1764 1173 1794 aliis

55 1852 58 1854 ς
123 1812 308 1843 necessariis
339 1811 482 1842 liberatis
513 1822 570 1852 pro
608 1811 806 1842 indumentis
845 1812 1045 1843 dominorum
1083 1813 1173 1844 ducis

39 1862 83 1889 ’ἥ
122 1859 260 1892 Albanie
286 1864 318 1892 et
343 1860 470 1892 comitis
498 1860 536 1891 de
559 1860 657 1897 Marr,
685 1861 724 1891 de
752 1861 862 1891 eodem
886 1862 1037 1892 mandato
1061 1865 1093 1892 et
1118 1872 1175 1902 per

123 1909 246 1941 easdem
264 1910 383 1947 lit-eras,
399 1910 434 1941 lx
455 1910 486 1941 li.
511 1910 558 1951 iiij
577 1915 598 1941 s.
623 1911 645 1951 ij
663 1910 691 1941 d.
737 1911 779 1941 Et
802 1911 914 1948 eidem,
936 1921 992 1951 pro
1015 1911 1174 1942 similibus

123 1959 238 1999 pannis
253 1959 396 1990 liberatis
414 1959 454 1990 ad
470 1959 660 1991 indumenta
675 1959 803 1990 domine
825 1960 939 1997 Marie,
954 1961 1069 1991 sororis
1084 1961 1175 2002 regis,

49 1997 57 2008 ⁴
87 2010 94 2016 “
124 2007 162 2039 de
189 2009 299 2040 eodem
326 2009 478 2040 mandato
506 2013 538 2040 et
561 2019 618 2049 per
647 2009 772 2040 easdem
803 2009 920 2046 literas,
938 2008 999 2050 jciij
1023 2010 1055 2041 fi.
1079 2011 1135 2041 xix
1152 2015 1174 2041 s.

69 2089 75 2099 ¹
122 2057 169 2099 iiij
189 2058 218 2090 d.
263 2059 306 2090 Et
322 2059 434 2096 eidem,
450 2069 507 2099 per
521 2059 746 2089 liberacionem
766 2059 881 2089 factam
902 2043 1379 2101 adrreparaoiones513211‘22‘35235

43 2135 51 2143 ,
71 2103 89 2109 ”
125 2102 299 2138 castrorum
316 2108 356 2139 de
371 2108 569 2148 Edinburgh,
586 2107 748 2144 Strivelin‚
764 2111 796 2138 et
818 2109 915 2139 turris
938 2109 976 2140 de
1000 2104 1367 2154 Newwerk,ffi}1¹¹¹¹{1¹e⁰}3⁵¹}ffi

127 2155 166 2187 de
182 2156 291 2188 eodem
308 2158 470 2194 mandato,
483 2158 538 2188 xix
552 2157 583 2188 fi.
597 2157 631 2198 iij
646 2161 678 2194 s„
689 2167 783 2197 super
798 2158 913 2198 quibus
927 2159 1175 2199 computandum
1190 2161 1275 2190 burgh,
1288 2161 1375 2184 Strive-

31 2203 50 2215 ,-
355 2207 360 2212 .
414 2207 419 2212 .
523 2207 527 2212 .
677 2207 682 2212 .
1087 2209 1093 2214 .
1189 2190 1231 2218 lin,
1243 2192 1267 2213 et
1278 2191 1306 2213 de

7 2241 13 2249 ι
39 2231 42 2234 .
74 2242 82 2246 ·
129 2208 177 2236 est
193 2216 266 2238 cum
278 2211 438 2248 magistris
450 2207 639 2239 fabricarum
653 2207 809 2238 dictorum
821 2207 969 2239 locorum.
1014 2208 1057 2239 Et
1066 2208 1177 2247 eidem,
1191 2220 1322 2243 Newwerk.

38 2259 47 2270 ,
