1551 2462
370 279 431 308 308
684 278 848 311 ROTULI
872 279 1108 311 SCACCARII
1322 282 1413 311 1465.

671 636 913 668 COXXXVIII
931 635 1107 679 [CCLHI]

482 734 697 767 COMPUTA
719 736 1019 768 BALLIVORUM
1044 736 1104 767 AD
1129 735 1287 767 EXTRA.

799 837 860 860 ΑΛ).
879 829 972 860 1465.

408 920 606 951 Scaccarium
618 921 811 953 serenissimi
823 921 977 962 principis
990 924 1022 952 et
1038 921 1160 952 domini
1169 921 1278 958 nostri,
1291 921 1413 952 domini

362 969 384 999 J
388 970 477 1000 acobi
492 971 583 1001 tercii
599 971 709 1001 divina
724 971 898 1002 clemencia
915 971 1080 1002 Scotorum
1097 971 1178 1011 regis
1195 970 1413 1008 illustrissimi,

363 1021 487 1049 tentum
506 1020 590 1060 apud
613 1020 800 1060 Edinburgh
817 1024 849 1051 et
865 1020 1051 1051 inchoatum
1073 1020 1193 1051 ibidem
1216 1020 1338 1051 decimo
1362 1020 1413 1051 die

362 1068 481 1099 mensis
511 1069 533 1099 J
535 1069 604 1100 unii
635 1080 717 1100 anno
744 1069 878 1100 Domini
900 1069 1071 1100 millesimo
1099 1069 1413 1110 quadringentesimo

361 1118 557 1158 sexagesimo
568 1119 681 1159 quinto
692 1122 723 1150 et
732 1120 822 1160 regni
834 1120 884 1150 sui
897 1130 979 1150 anno
989 1119 1111 1160 quinto,
1124 1129 1230 1150 coram
1243 1120 1412 1161 magnifico

361 1167 490 1198 domino
505 1168 636 1199 Andrea
653 1169 780 1200 domino
796 1169 973 1206 Avandale,
986 1168 1174 1200 cancellario
1191 1169 1308 1207 Scocie,
1324 1179 1413 1201 reve-

359 1216 458 1247 rendo
471 1218 710 1259 venerabilique
722 1219 756 1249 in
770 1218 897 1250 Christo
913 1218 1057 1259 patribus
1070 1221 1102 1249 eb
1114 1218 1260 1255 dominis,
1273 1218 1411 1249 dominis

359 1265 392 1295 N
394 1265 502 1297 iniant)
525 1268 672 1309 episcopo
696 1268 839 1300 Candide
856 1268 944 1305 Case,
959 1267 1155 1299 Archibaldo
1179 1268 1289 1299 eadem
1305 1268 1411 1309 gracia

358 1314 473 1347 abbate
504 1316 619 1349 Sancte
650 1318 769 1355 Crucis,
808 1317 970 1349 nobilibus
1001 1317 1077 1348 viris
1110 1317 1250 1348 Roberto
1281 1317 1411 1349 domino

359 1364 529 1407 Kennedy,
545 1367 695 1399 Johanne
712 1367 902 1408 Culquhone
922 1367 961 1398 de
985 1366 1104 1404 eodem,
1120 1367 1231 1404 milite,
1248 1370 1411 1408 computo-

359 1424 431 1445 rum
447 1416 628 1453 rotulatore,
645 1420 677 1447 et
693 1418 845 1458 magistro
863 1416 970 1447 David
993 1416 1119 1447 Guthre
1135 1415 1174 1447 de
1190 1416 1412 1454 Kincaldrum,

359 1463 564 1502 thesaurario,
582 1466 807 1497 commissariis
824 1466 947 1497 domini
962 1465 1063 1496 nostri
1077 1465 1160 1506 regis
1175 1475 1232 1506 per
1255 1476 1329 1496 eum
1352 1466 1412 1497 sub

358 1513 542 1544 testimonio
559 1515 666 1555 magni
682 1515 780 1556 sigilli
797 1515 847 1546 sui
863 1515 1032 1556 deputabis

145 1610 248 1641 Vallis
403 1612 598 1654 Computum
608 1614 630 1644 J
632 1613 766 1644 ohannis
783 1613 933 1650 Maxwel,
949 1612 1115 1644 senescalli
1130 1612 1236 1644 Vallis
1251 1612 1409 1650 Anandie,

144 1653 300 1686 Anandie.
361 1661 568 1704 [Edinbwylffl
585 1664 627 1694 19
643 1664 728 1694 June
743 1664 839 1701 1465,
848 1664 938 1704 from
954 1663 997 1700 94
1011 1662 1129 1693 October
1144 1663 1231 1701 1464
1240 1674 1252 1701 ,·
1276 1664 1297 1695 92
1309 1667 1408 1694 terms.

404 1712 529 1752 Olmrgye.
574 1714 720 1750 Ανγεανε,
736 1713 833 1744 87339
849 1713 890 1743 83.
908 1711 992 1754 6ἷζςά.,
1007 1712 1066 1743 ΞΠ).
1080 1713 1215 1753 pepper]

404 1761 498 1798 Item,
510 1762 594 1793 idem
607 1766 717 1793 onerat
733 1772 766 1793 se
783 1762 821 1793 de
834 1773 855 1793 x
869 1761 901 1793 fi.
915 1772 971 1802 per
983 1762 1122 1802 integras
1133 1761 1239 1792 firmas
1252 1764 1409 1793 terrarum

359 1810 601 1843 dominicalium
625 1812 663 1843 de
687 1811 910 1843 Lochmabane
934 1811 973 1842 de
996 1811 1119 1842 duobus
1142 1811 1289 1842 terminis
1312 1810 1410 1852 hujus

357 1861 507 1901 computi.
555 1862 597 1892 Et
621 1861 660 1892 de
688 1872 709 1891 x
733 1861 765 1892 li.
792 1864 875 1892 terre
898 1860 937 1891 de
960 1860 1089 1891 Hebach
1104 1863 1137 1891 eh
1153 1860 1353 1896 Smalehame
1369 1861 1408 1892 de

357 1911 451 1941 dictis
468 1911 622 1942 terminis.
667 1911 709 1941 Et
732 1910 771 1941 de
795 1921 816 1940 x
838 1910 869 1941 ii.
894 1910 1028 1951 piscarie
1051 1919 1133 1950 aque
1157 1909 1196 1940 de
1211 1910 1354 1941 Anuand
1369 1910 1407 1942 de

356 1961 475 1991 eisdem
498 1961 651 1992 terminis.
697 1961 740 1991 Et
762 1960 801 1991 de
824 1960 857 2000 iij
883 1959 914 1990 fi.
932 1960 962 2000 vj
985 1963 1008 1990 s.
1033 1959 1088 1999 viij
1106 1959 1135 1989 d.
1153 1959 1192 1990 de
1207 1959 1308 1990 firmis
1324 1963 1407 1991 terre

356 2010 394 2041 de
412 2010 577 2041 Ferisland
594 2010 631 2041 de
649 2009 742 2040 dictis
758 2009 911 2040 terminis.
958 2009 1000 2039 Et
1016 2008 1054 2039 de
1071 2009 1101 2049 vj
1116 2012 1138 2039 s.
1156 2008 1212 2049 viij
1226 2008 1254 2039 d.
1269 2012 1352 2040 terre
1367 2009 1406 2041 de

356 2060 455 2090 I'ihill
471 2063 503 2090 et
519 2059 671 2091 Coklakis
686 2069 743 2100 per
759 2059 844 2090 idem
859 2062 993 2099 tempus.
1040 2058 1082 2089 Et
1098 2058 1137 2089 de
1153 2058 1188 2088 xl
1199 2062 1222 2089 ἓ.
1240 2058 1354 2099 fogagii
1367 2058 1406 2090 de

355 2109 554 2140 Wodcokare
578 2112 609 2140 et
631 2109 661 2140 le
685 2109 784 2140 Werd
807 2108 955 2139 Nemoris
978 2107 1121 2148 ejusdem
1145 2107 1184 2138 de
1206 2106 1327 2138 eisdem
1343 2110 1405 2139 ter-

355 2159 458 2190 minis.
504 2160 547 2190 Et
562 2159 601 2190 de
617 2159 648 2200 vj
666 2163 689 2190 s.
706 2159 761 2199 viij
780 2158 808 2189 d.
826 2158 924 2188 annui
940 2157 1083 2188 redditus
1100 2156 1138 2188 de
1150 2156 1332 2194 Northfeld,
1343 2167 1404 2198 que

355 2213 404 2240 est,
430 2209 606 2250 proprietas
636 2209 793 2246 Anandie,
820 2208 859 2239 de
885 2207 980 2238 dictis
1003 2206 1155 2238 terminis.
1201 2207 1244 2238 Et
1266 2206 1306 2238 de
1328 2206 1362 2247 iij
1379 2210 1402 2238 ἔ.
