1551 2462
390 231 452 260 648
696 226 861 259 Ro'rm
883 227 1140 263 SCACCARII,
1351 229 1443 259 1469.
1463 203 1469 205 “

390 326 423 352 et
439 321 601 352 Bochrum
617 325 845 362 occupatarum
859 331 916 362 per
938 321 960 352 J
962 320 1122 352 ohannem
1138 320 1288 352 comitem
1302 319 1445 357 Athone,

389 371 606 412 pendentibus
626 371 776 402 similiter
797 381 894 411 super
915 374 1157 411 computantem
1179 369 1215 401 in
1230 369 1343 401 eodem
1358 379 1444 401 com-

390 424 478 461 puto.
522 420 567 451 Et-
590 420 630 451 de
657 420 713 460 viij
741 419 774 450 11.
800 419 839 450 de
867 420 967 450 firmis
993 422 1151 450 terrarum
1180 418 1220 450 de
1252 419 1445 457 Sonaharde,
1499 432 1502 434 ·

391 472 619 511 occupatarum
653 479 712 510 per
750 469 859 500 David
898 469 1126 510 Scrimgeoure,
1170 473 1367 500 asserentem
1410 479 1445 500 se

386 519 591 551 infeodatum
613 519 648 550 in
678 518 808 556 eisdem,
830 522 863 550 et
891 518 1036 559 pendent
1059 518 1211 550 similiter
1233 528 1330 559 super
1359 528 1444 550 eom-

389 572 568 610 putantem
615 569 748 600 Summa
763 568 1022 609 pendenciarum,
1037 568 1140 608 xxviij
1157 567 1188 598 11.

434 618 528 655 Item,
543 618 630 649 idem
645 622 756 649 onerat
771 628 805 649 se
828 617 867 649 de
890 617 936 658 §⁰1
951 617 983 648 11.
1000 618 1033 658 vj
1050 621 1073 648 ἑ.
1099 618 1154 658 viij
1171 617 1201 649 d.
1224 627 1282 658 per
1303 617 1444 658 integras

389 667 497 699 firmas
520 667 656 698 dominii
678 667 718 698 de
742 667 873 698 Stradee
896 668 1067 698 comitatus
1091 666 1130 698 de
1153 667 1235 704 Mar,
1257 667 1297 698 de
1320 666 1445 698 duobus

389 717 538 748 terminis
565 717 663 757 hujus
694 716 841 757 compoti.
887 716 930 747 Et
959 716 999 747 de
1021 716 1143 757 jelxviij
1160 716 1191 746 11.
1219 726 1277 757 Ρ81·
1305 716 1446 757 integras
1493 732 1495 734 ν

391 766 498 797 firmas
524 765 659 797 dominii
691 765 731 796 de
759 765 915 797 Stradone
944 766 1023 797 dicti
1054 766 1225 797 comitatus
1255 765 1295 796 de
1324 765 1446 797 eisdem
1480 759 1484 761 ⁴

391 815 546 846 terminis„
592 815 635 846 Et
647 815 686 846 de
697 815 825 856 lxxxxij
841 815 874 846 11.
891 816 945 857 xvj
962 820 985 847 a
1002 816 1059 856 viij
1072 815 1101 846 d.
1112 825 1170 856 per
1187 815 1325 856 integras
1337 815 1446 847 firmas

392 864 529 895 dominii
551 864 591 895 de
618 865 751 896 Cromar
775 864 855 895 dieti
885 865 1056 896 comitatus
1079 864 1118 896 de
1142 864 1262 895 eisdem
1291 865 1445 896 terminis.

391 914 434 945 Et
460 914 499 945 de
522 914 556 955 iij
574 918 596 945 ἐ
620 914 668 955 iiij
692 914 721 945 d.
745 914 921 946 (ει-0113111111
950 914 991 945 (18
1020 914 1198 955 Kssdmmy
1228 914 1446 946 assedatarum

391 964 554 1004 quondam
570 964 699 995 domino
714 963 899 995 Alexandro
911 964 1028 1005 Young
1037 963 1073 994 in
1085 963 1267 995 feodifirma.
1314 963 1447 995 Summa

392 1013 488 1054 hujus
504 1014 618 1050 oneris,
633 1013 752 1054 iijclxxj
769 1013 802 1044 I‘i.
819 1013 849 1054 vj
868 1017 890 1044 ἐ
908 1013 964 1054 viij
980 1013 1010 1044 d.

435 1063 530 1100 Item,
545 1063 632 1094 idem
661 1067 772 1093 onerat
798 1073 833 1094 se
858 1063 897 1094 de
924 1062 1068 1103 j⁰xxxiiij
1097 1062 1130 1093 ti.
1162 1063 1193 1103 vj
1221 1066 1245 1093 ἔ.
1271 1062 1306 1093 ix
1329 1061 1358 1093 d.
1389 1072 1448 1103 per

392 1112 532 1153 integras
548 1113 655 1143 firmas
671 1112 842 1143 comitatus
859 1112 898 1144 de
914 1112 1075 1144 Garviaeh
1087 1122 1144 1153 per
1154 1116 1282 1153 tempus
1294 1111 1446 1153 computi.

390 1162 434 1192 Et
449 1162 489 1193 de
504 1162 549 1202 xij
563 1162 800 1193 colnmbaribus
809 1161 1038 1202 leparariorum
1053 1162 1124 1193 albe
1136 1162 1227 1193 firme
1239 1164 1396 1193 terrarum
1407 1161 1448 1193 de

393 1211 546 1242 Blakhall
572 1211 612 1242 de
638 1211 775 1242 termino
799 1210 1027 1242 Penthecostes
1050 1210 1136 1241 insta
1163 1210 1224 1241 hoc
1251 1213 1448 1251 computum,

393 1260 470 1301 quia
492 1264 571 1291 tunc
593 1260 770 1291 solvuntur.
816 1260 859 1291 Et
889 1260 929 1291 de
950 1260 973 1301 ij
998 1260 1080 1291 albis
1109 1260 1240 1291 merulis
1263 1259 1334 1291 albe
1355 1259 1448 1291 firme
1492 1263 1497 1266 ”

394 1313 477 1340 terre
493 1309 533 1341 de
557 1309 747 1348 Quhiteeors
770 1309 809 1341 de
824 1309 909 1340 dieto
933 1309 1078 1341 termino.
1122 1310 1167 1340 Et
1189 1310 1229 1340 de
1251 1310 1282 1350 vj
1300 1313 1324 1340 ἐ.
1343 1309 1399 1350 viij
1416 1308 1447 1340 d.

394 1369 452 1400 per
473 1359 697 1390 vendicionem
713 1359 810 1390 unius
833 1359 919 1400 paris
942 1359 1115 1391 calcas-ium
1137 1359 1362 1390 deauratorum
1384 1362 1447 1390 ter-
1487 1359 1499 1386 ’-

394 1419 505 1439 rarum
529 1408 569 1439 de
591 1408 755 1450 Lethindy
781 1408 820 1440 de
843 1408 930 1440 dieto
952 1408 1097 1440 termino.
1142 1409 1186 1439 Et
1212 1408 1251 1439 de
1274 1408 1321 1449 iiij
1338 1407 1367 1439 d.
1391 1418 1448 1449 per
1483 1442 1492 1448 ,

393 1458 618 1489 vendicionem
634 1458 730 1489 unius
747 1458 833 1499 paris
848 1458 1081 1489 cirothecarum
1096 1457 1167 1489 albe
1188 1458 1279 1489 firme
1302 1461 1385 1489 terre
1407 1458 1448 1489 de
1496 1459 1498 1462 ’

394 1506 554 1547 Petcapill
569 1507 609 1538 de
619 1507 730 1538 eodem
742 1507 888 1538 termino.
933 1508 977 1538 Et
992 1507 1031 1538 de
1043 1507 1056 1547 j
1074 1507 1102 1538 d.
1120 1506 1192 1539 albe
1204 1507 1295 1538 firme
1309 1510 1393 1539 terre
1408 1507 1448 1538 de

394 1557 649 1588 Portarestoune.
694 1556 738 1587 Et
767 1556 807 1588 de
837 1557 895 1598 xiij
927 1561 950 1588 ἓ.
982 1556 1028 1597 iiij
1060 1556 1090 1587 d.
1128 1567 1185 1597 per
1225 1557 1448 1589 vendicionem
1490 1567 1492 1569 ·

394 1606 530 1637 duorum
547 1606 673 1646 parium
685 1606 857 1637 calcarium
868 1607 1091 1638 deauratorum
1107 1606 1179 1637 albe
1190 1606 1279 1637 firme
1291 1609 1449 1638 terrarum

394 1658 435 1689 de
464 1657 648 1689 Auehlevin
678 1657 718 1688 de
748 1657 834 1689 dieto
864 1658 1008 1689 termino.
1054 1658 1185 1689 Summa
1208 1658 1306 1700 hujus
1335 1654 1450 1696 oneris,

391 1709 510 1749 j⁰mv
524 1707 557 1739 11.
573 1707 618 1748 vij
635 1712 659 1739 a
674 1707 696 1748 ij
713 1707 743 1738 d.
1487 1743 1493 1751 ,Ἴ

439 1757 533 1793 Item,
549 1757 635 1788 idem
650 1762 762 1788 onerat
776 1767 810 1788 se
826 1756 864 1788 de
880 1757 960 1787 xxix
974 1756 1006 1787 11.
1023 1757 1055 1797 vj
1072 1754 1096 1788 ἓ.
1112 1757 1168 1797 viij
1185 1756 1214 1787 d.
1231 1767 1288 1797 per
1308 1756 1449 1797 integras
1479 1754 1491 1794 ”,

395 1807 503 1838 firmas
518 1806 651 1838 dominii
668 1806 707 1838 de
724 1806 823 1838 Coule
839 1811 870 1838 et
887 1806 1000 1838 Oneile
1016 1816 1078 1847 que
1094 1810 1171 1838 sunt
1193 1806 1232 1837 de
1254 1806 1448 1847 proprietate
1467 1804 1470 1806 ’

396 1856 519 1887 (1001101
542 1855 624 1896 regis
646 1855 686 1886 de
709 1855 834 1887 duobus
856 1855 1003 1886 terminis
1026 1855 1123 1895 hujus
1148 1856 1298 1896 computi.
1343 1855 1387 1886 Et
1408 1854 1448 1886 de
1469 1887 1486 1895 ,Δ

396 1917 418 1937 x
433 1906 465 1936 fi.
482 1916 539 1946 per
553 1905 694 1946 integras
709 1905 817 1936 firmas
832 1908 991 1936 terrarum
1005 1904 1046 1935 de
1061 1904 1243 1945 Abiryeldy
1265 1904 1305 1936 de
1328 1904 1448 1935 eisdem
1476 1903 1486 1909 ”’

395 1955 589 1996 proprietate
605 1958 639 1985 et
661 1954 814 1985 terminia
860 1953 903 1984 Et
918 1953 958 1985 de
973 1964 996 1984 x
1007 1953 1039 1984 11
1056 1953 1096 1984 de
1111 1953 1212 1984 firmis
1228 1958 1387 1985 tertarum
1408 1952 1448 1984 de
1486 1967 1488 1970 >

397 2003 659 2045 Kynnynmonth
673 2006 706 2034 et
729 2003 891 2034 Bochrum
913 2002 953 2034 de
975 2003 1095 2034 eisdem
1117 2002 1270 2033 terminis
1316 2002 1449 2033 Summa
1483 1994 1493 2027 -ἶ

395 2053 494 2094 hujus
508 2052 621 2089 oneris,
636 2052 706 2083 xlix
720 2051 753 2082 11.
769 2052 802 2093 vj
818 2056 842 2083 ἔ.
858 2052 914 2093 viij
931 2051 960 2083 d.
1447 2050 1453 2055 ”
1486 2050 1491 2054 ’

440 2103 535 2140 Item,
556 2102 643 2134 idem
666 2105 801 2134 onerant
826 2111 860 2132 se
887 2101 927 2133 de
949 2101 997 2142 liij
1014 2100 1047 2133 11.
1070 2101 1102 2142 vj
1119 2105 1143 2132 ἔ.
1159 2101 1216 2141 viij
1233 2100 1262 2132 d„
1286 2101 1326 2132 de
1349 2100 1448 2132 firmis
1483 2111 1490 2118 ‘

396 2159 552 2186 terrarum
569 2153 608 2185 de
623 2153 723 2191 Loele,
739 2153 950 2186 existencium
967 2153 1002 2184 in
1016 2152 1165 2184 manibus
1180 2152 1303 2184 domini
1323 2151 1448 2199 comitis
