1551 2462
151 401 315 430 Respondebit

150 432 290 460 compotans
300 438 344 461 pro

150 467 166 482 x
175 461 264 484 martis.

152 798 269 829 VVarda
288 798 326 830 de

151 842 234 873 Erol.

370 218 429 246 206
680 216 843 247 ROTULI
868 215 1104 248 SCACCARH
1328 219 1386 247 146
1392 220 1421 248 3.

367 308 410 339 Et
425 309 537 346 eidem,
553 319 610 350 pro
633 309 742 340 decem
765 310 876 340 martis
900 309 994 340 dietis
1018 309 1205 339 stukmartis
1226 308 1360 339 dominii
1375 309 1415 340 de

368 358 534 399 Deseheyr
560 362 592 389 et
621 359 753 398 Tweyer
782 359 894 390 locatis
917 359 951 389 in
973 358 1144 389 lardinaria
1167 358 1207 389 de
1230 358 1337 394 Perth,
1359 367 1417 399 pro

369 417 503 448 quarum
520 408 663 448 qualibet
679 408 833 439 allocatur
850 408 1024 443 husbandis
1041 408 1180 438 dimidea
1202 417 1316 444 marea,
1333 407 1366 447 iij
1385 407 1417 438 11.

367 457 399 497 vj
417 461 439 488 S.
457 457 514 497 viij
532 457 570 494 d„
582 468 639 498 pro
652 457 768 498 quibus
780 458 891 488 martis
903 457 989 488 idem
1002 460 1191 498 computans
1203 457 1415 497 respondebit.

367 506 410 537 Et
440 507 552 544 eidem,
582 517 638 547 per
669 507 864 538 solucionem
896 507 1013 537 factam
1050 507 1193 537 Johanni
1231 506 1420 547 Symsoune,

367 556 512 586 servitori
537 557 761 597 comminantis,
777 567 834 597 pro
857 557 923 587 suis
946 556 1109 587 laboribus
1133 556 1226 587 factis
1249 556 1332 587 circa
1352 557 1418 587 vie-

367 606 467 638 tualia
483 606 579 636 missa
595 606 633 637 de
650 606 838 647 Edinburgh
853 616 964 637 versus
981 606 1170 643 Berwicum,
1185 617 1208 636 v
1223 610 1246 637 S.
1285 606 1418 637 Summa

366 655 479 686 harum
505 666 725 696 expensarum,
752 656 850 696 iiijssij
879 655 911 688 ri.
936 655 958 696 ij
985 659 1007 686 S.
1039 666 1059 686 x
1085 655 1113 688 d.
1159 656 1201 686 Et
1226 655 1271 686 sic
1297 658 1420 687 restant-1

369 715 458 749 xxxv
474 705 505 736 11.
522 706 568 746 vij
586 709 607 736 S.
625 705 659 737 ix
675 705 713 742 (1.,
730 716 809 746 quos
826 705 926 736 debet.

410 804 606 845 Computum
637 805 756 836 Thome
787 804 998 845 YVardropare
1028 805 1067 836 de
1095 805 1214 845 Gonys,
1244 805 1416 845 receptoris

365 854 470 885 warde
495 855 664 885 comitatus
688 855 726 886 (18
750 854 846 891 Eroll‚
864 854 1021 894 [Stirlinffi
1037 855 1080 885 13
1096 855 1221 894 Auyust
1235 854 1344 894 1402]
1361 864 1418 895 per

366 903 473 934 firmas
504 907 536 934 et
567 904 681 940 exitus,
711 907 778 934 tam
809 904 943 944 pecunie
974 914 1071 944 quam
1108 903 1308 939 victualium,
1344 906 1418 944 post

366 952 489 983 obitum
521 953 646 983 comitis
677 945 716 983 de
747 952 849 989 Erole,
879 952 1030 983 videlieet
1059 955 1132 992 post
1163 952 1282 982 festum
1307 951 1418 983 Sancti

366 1002 535 1033 Michaelis
558 1002 753 1043 Archangeli
768 1002 929 1041 ultimum,
947 1006 979 1033 et
1002 1002 1047 1033 sie
1071 1002 1109 1033 de
1133 1002 1257 1033 duobus
1271 1001 1417 1032 terminis

366 1051 450 1083 infra
465 1052 525 1083 hoe
541 1055 738 1092 computum.

410 1101 501 1132 Idem
518 1105 629 1132 onerat
645 1112 678 1132 se
693 1102 727 1132 in
743 1101 855 1142 primis
873 1100 912 1133 de
927 1101 981 1142 xxj
999 1101 1031 1132 n.
1048 1101 1079 1141 vj
1098 1105 1120 1132 ἔ.
1137 1100 1192 1141 viij
1211 1100 1240 1133 d.
1253 1101 1285 1141 vj
1303 1100 1417 1131 celdris

366 1151 520 1181 frumenti
543 1151 576 1191 iij
603 1151 717 1182 eeldris
741 1150 826 1181 ordei
850 1154 883 1181 et
905 1151 938 1191 iij
964 1150 1078 1183 celdris
1106 1150 1223 1181 farriae
1251 1150 1416 1181 avenatice

365 1211 422 1241 per
438 1201 577 1241 integras
595 1201 700 1231 firmas
716 1200 794 1230 ville
815 1200 854 1230 de
866 1199 1067 1231 Inchmichel
1082 1199 1166 1230 infra
1182 1199 1361 1234 dominium
1378 1199 1418 1230 de

365 1250 467 1286 Erole,
486 1250 525 1281 de
549 1250 672 1280 duobus
696 1249 841 1280 terminis
864 1249 961 1290 hujus
982 1249 1129 1290 compoti.
1174 1249 1215 1279 Et
1232 1248 1272 1279 de
1287 1249 1341 1289 xvj
1358 1248 1390 1279 11.
1403 1249 1416 1289 j

365 1300 469 1331 celdra
493 1300 538 1340 iiij
564 1300 658 1330 bouis
682 1299 836 1330 frumenti
856 1300 868 1340 j
898 1299 1003 1330 eeldra
1026 1299 1113 1329 ordei
1136 1299 1150 1339 j
1173 1298 1278 1329 celdra
1299 1298 1418 1329 farrine

365 1349 530 1380 avenatiee
545 1349 623 1380 ville
646 1349 684 1380 (18
702 1348 925 1379 Insehcunane
948 1348 987 1379 de
1010 1348 1104 1379 dictis
1121 1348 1274 1379 terminis.
1319 1347 1417 1378 Et‘de

365 1399 419 1438 xxj
437 1398 468 1428 11⁴.
486 1399 517 1438 vj
536 1403 557 1429 S.
577 1399 631 1438 viij
649 1398 678 1428 d.
696 1399 717 1438 ij
743 1398 856 1429 celdris
879 1398 1033 1428 frumenti
1056 1398 1078 1438 ij
1103 1397 1217 1428 eeldris
1241 1397 1328 1428 ordei
1344 1401 1377 1428 et
1391 1397 1414 1437 ij

365 1447 480 1479 eeldris
497 1447 615 1478 fai-sine
631 1447 795 1478 avenatiee
812 1457 867 1487 pei·
889 1447 1030 1488 integras
1052 1447 1159 1477 firmas
1176 1446 1214 1477 de
1230 1446 1415 1477 Kirktoune

365 1497 404 1528 de
428 1497 529 1527 Erole.
575 1497 618 1527 Et
641 1497 679 1527 de
702 1497 756 1536 xvj
781 1497 812 1527 fi.
831 1497 887 1536 xiij
912 1501 934 1527 S.
959 1497 1005 1536 iiij
1030 1496 1059 1527 d.
1073 1497 1085 1536 j
1111 1496 1217 1526 eeldra
1233 1496 1387 1526 frumenti
1400 1496 1413 1536 j

365 1546 470 1576 eeldra
487 1546 530 1586 xij
549 1545 643 1576 bonis
661 1545 746 1576 ordei
764 1556 783 1575 v
799 1545 892 1576 bollis
916 1545 938 1585 ij
963 1545 1086 1576 ferlotis
1110 1545 1227 1576 farriae
1251 1545 1415 1576 avenatice

363 1595 442 1625 ville
459 1595 496 1626 de
513 1595 620 1635 Lorny
636 1595 673 1628 de
698 1595 817 1626 eisdem
841 1595 994 1626 terminis.
1039 1595 1081 1625 Et
1105 1595 1144 1625 de
1161 1595 1214 1635 xvj
1231 1594 1264 1625 fi.
1277 1595 1290 1635 j
1308 1595 1417 1626 celdra

365 1644 519 1675 frumenti
531 1644 543 1684 j
561 1644 667 1675 celdra
683 1644 738 1684 viij
757 1644 850 1675 bollis
867 1644 953 1675 ordei
966 1644 978 1684 j
997 1643 1102 1674 celdra
1118 1644 1173 1683 viij
1188 1643 1282 1674 bollis
1298 1653 1415 1674 avena-

364 1704 436 1724 rum
451 1694 528 1725 ville
545 1693 582 1724 de
600 1693 760 1734 Clasbany
773 1694 811 1724 de
828 1693 921 1724 dietis
937 1693 1090 1724 terminis.
1136 1693 1178 1723 Et
1194 1692 1233 1723 de
1245 1692 1280 1723 xl
1296 1696 1318 1723 ἓ.
1336 1692 1415 1724 dele

364 1743 552 1774 Rosmedow
569 1742 608 1773 de
624 1753 708 1773 anno
724 1743 870 1783 compoti.
916 1743 958 1773 Et
979 1742 1018 1773 de
1042 1742 1122 1783 xxiij
1145 1742 1177 1772 ii.
1195 1742 1226 1782 vj
1245 1752 1266 1772 s.
1283 1742 1338 1782 viij
1357 1741 1412 1782 ἃ]

364 1793 469 1823 eeldra
493 1802 512 1822 v
536 1791 630 1822 bonis
653 1791 805 1822 frumenti
819 1792 831 1832 j
857 1791 962 1825 eeldra
985 1792 1028 1832 xij
1048 1791 1142 1822 bonis
1159 1791 1246 1822 ordei
1261 1791 1282 1831 ij
1301 1791 1414 1822 eeldris

365 1843 419 1881 viij
438 1842 531 1872 bouis
558 1851 730 1872 avenarum
754 1841 793 1872 de
816 1841 915 1872 firmis
939 1841 977 1872 de
1001 1841 1125 1881 Argath
1148 1841 1187 1872 de
1210 1841 1296 1872 dicto
1319 1842 1410 1872 aunei.

363 1892 406 1922 Et
430 1891 469 1923 de
495 1891 528 1922 xl
553 1895 575 1922 ἐ.
600 1891 639 1922 (18
659 1890 901 1931 Wyndmilstob
926 1890 964 1921 de
988 1890 1082 1921 dictis
1105 1890 1258 1922 terminis.
1305 1890 1347 1921 Et
1373 1890 1413 1921 de

364 1952 406 1971 xx
432 1945 454 1972 S.
479 1941 518 1972 de
546 1945 629 1971 terra
655 1939 774 1972 'rhome
800 1939 895 1971 Clerk
926 1950 981 1980 per
1010 1940 1096 1972 idem
1122 1944 1258 1980 tenipus.
1304 1939 1346 1970 Et
1372 1940 1412 1970 de

364 1991 445 2029 xliiij
472 1995 494 2021 Ξ.
509 1991 521 2030 j
548 1990 661 2021 bucolo
684 1990 723 2020 de
746 1992 829 2020 terra
851 1989 1010 2020 Johaunis
1034 1989 1188 2030 Playfere.
1235 1989 1277 2019 Et
1302 1988 1341 2020 de
1363 1989 1410 2030 iiij

363 2041 394 2071 11.
412 2041 450 2071 (18
478 2041 567 2071 firma
583 2039 759 2070 molendini
782 2038 819 2070 de
843 2038 943 2069 Erole.
990 2039 1032 2069 Et
1048 2039 1086 2069 de
1102 2039 1136 2079 iij
1155 2039 1186 2069 l-i.
1203 2038 1260 2079 xiij
1278 2049 1301 2070 s.
1317 2038 1363 2078 iiij
1381 2038 1410 2069 d.

363 2090 460 2120 trium
488 2089 687 2120 brasinarum
712 2089 746 2119 in
769 2087 847 2119 villa
871 2087 909 2118 de
934 2088 1034 2119 Erole.
1079 2089 1122 2119 Et
1138 2088 1176 2119 de
1192 2088 1238 2128 liij
1262 2092 1285 2119 S.
1309 2088 1354 2128 iiij
1379 2088 1408 2119 d.

363 2140 401 2169 de
426 2144 507 2170 terra
531 2139 569 2170 de
594 2138 709 2169 Dulale
733 2148 789 2179 per
812 2137 897 2169 idem
921 2141 1054 2179 teinpus.
1101 2139 1143 2169 Et
1159 2138 1197 2169 de
1213 2138 1244 2178 vj
1261 2137 1294 2170 n.
1312 2138 1367 2178 xiij
1384 2142 1407 2168 S.
