1551 2462
140 270 229 299 1466.
457 264 618 296 REGUM
642 264 888 298 SOOTORUM.
1134 273 1194 301 389

140 360 231 392 annis
247 359 342 400 hujus
359 357 509 399 computi,
527 358 618 398 xxxij
644 358 675 389 i-i.
696 358 750 399 xiij
769 363 790 389 ἕ.
809 359 855 400 iiij
880 360 908 390 d.
955 361 997 391 Et
1020 361 1132 399 eidem,
1155 363 1194 394 de

138 410 239 441 firmis
255 408 464 450 quadraginta
487 408 694 439 solidatarum
717 411 876 440 terrarum
892 410 931 441 de
948 411 1033 448 Cofe,
1052 412 1194 453 quinque

138 461 348 491 marcatarum
365 461 446 489 terre
463 457 501 488 de
517 457 680 498 Killekye,
697 462 729 489 et
745 462 874 490 centum
888 460 1096 492 solidatarum
1112 466 1194 494 terre

141 509 181 540 de
197 507 430 544 Innerkenach‚
453 517 527 538 cum
551 507 668 548 quibus
693 512 882 549 computans
906 511 1096 542 onerabatur
1119 516 1194 544 ante

139 558 199 589 hoc
215 559 411 597 computum,
427 559 459 586 et
475 566 549 587 culn
565 556 682 587 relevio
699 558 881 595 earundem,
897 569 970 590 cum
983 560 1085 591 solum
1111 561 1194 592 dicte

139 612 221 640 terre
237 606 422 638 debuissent
438 605 559 636 solvere
583 606 722 637 wardan]
740 610 796 638 aut
818 607 978 639 relevium
1003 620 1042 640 ex
1066 620 1192 642 conces-

141 658 228 690 sione
258 657 449 693 auditorum,
477 655 544 687 vri.
573 655 607 696 iij
632 660 654 687 s.
672 656 719 697 iiij
737 656 765 687 d.
812 658 854 688 Et
879 658 991 696 eidem,
1022 670 1078 700 per
1109 661 1194 692 solu-

121 728 124 729 r
142 709 262 740 cionem
275 707 393 738 factam
405 709 627 746 computorum
638 706 807 738 rotulatori
819 708 859 738 ad
874 718 1028 749 expensas
1040 710 1195 742 domicilii

141 758 259 789 domin]
280 757 368 798 regis,
380 757 449 797 ipso
465 756 587 787 fatente
603 759 766 797 receptum
785 767 881 798 super
896 763 1083 799 computum
1108 763 1140 791 et
1155 761 1194 792 de
1208 753 1373 812 {³353ssth

141 808 257 850 quibus
270 806 408 838 reddidit
418 808 616 846 computum,
628 817 670 836 xx
683 806 714 837 li.
754 807 796 837 Et
807 807 919 845 eidem,
931 819 987 849 per
999 809 1195 842 solucionem
1208 813 1333 836 rotuiator

140 858 256 890 factam
273 856 358 888 dicto
374 859 598 896 computorum
614 857 781 887 rotulatori
797 857 837 888 ad
861 868 1016 899 expensas
1041 860 1196 892 domicilii

140 907 261 938 domini
291 906 382 947 regis,
412 906 481 946 ipso
511 905 634 937 fatente
665 910 831 947 receptum
861 918 958 948 super
999 914 1195 951 computum,

140 957 242 997 lxxvij
258 956 301 993 li„
324 966 380 996 pro
404 955 521 996 quibus
544 956 757 996 respondebit.
802 956 844 987 Et
868 957 979 994 eidem,
1004 969 1060 999 per
1082 959 1194 991 libera·
1279 968 1324 991 Do.

141 1008 265 1039 cionem
281 1006 399 1037 factam
416 1005 490 1036 filiis
514 1005 636 1036 domini
652 1006 691 1037 de
703 1006 790 1037 Lane
814 1006 852 1037 de
869 1006 1019 1039 Menteth
1042 1019 1099 1049 pro
1122 1020 1195 1051 cap-

141 1057 231 1088 cione
262 1059 419 1087 certorum
453 1054 614 1085 latronum
644 1055 678 1085 in
709 1054 861 1086 comitiva
892 1056 1024 1088 Patricii
1059 1058 1196 1090 Stewart

137 1106 385 1147 justificatorum
415 1103 500 1144 apud
532 1104 693 1141 Strivelin,
717 1115 756 1135 ex
791 1105 1043 1145 proclamacione
1074 1108 1196 1140 domini

139 1156 222 1197 regis
239 1158 271 1186 et
295 1154 334 1185 de
359 1153 510 1184 mandato
537 1153 739 1185 dominorum
765 1154 803 1185 de
828 1155 969 1192 consilio,
985 1156 1031 1196 iiij
1056 1156 1149 1188 1120<
1165 1158 1194 1189 d.

141 1206 185 1236 Et
215 1215 272 1246 per
302 1203 498 1235 solucionem
528 1202 646 1233 factam
672 1203 756 1234 dicto
781 1208 1004 1244 computorum
1027 1207 1196 1238 rotulatori

141 1253 306 1295 recipienti
322 1263 418 1293 super
441 1255 636 1293 computum,
653 1252 686 1292 iij
704 1252 747 1289 H„
769 1263 825 1293 pro
842 1253 959 1293 quibus
982 1256 1193 1295 respondebit.
1275 1262 1319 1284 Do.

143 1305 275 1336 Summa
290 1312 511 1343 expensarum,
524 1300 596 1342 j⁰xlj
615 1301 646 1332 ii.
664 1302 742 1342 xviij
762 1306 784 1333 s.
802 1302 847 1343 iiij
866 1302 894 1333 d.
941 1303 983 1334 Et
1005 1304 1049 1335 sic
1073 1298 1201 1337 restant

142 1354 210 1395 xiiij
228 1353 260 1384 li.
277 1352 322 1393 vij
339 1356 360 1383 s.
374 1352 430 1392 viij
448 1351 477 1382 d.
524 1351 594 1388 Que
611 1361 736 1382 summa
760 1352 916 1383 allocatur
939 1356 1139 1394 computanti
1162 1356 1195 1386 in

141 1406 264 1444 partem
288 1411 411 1433 summe
433 1401 616 1441 octuaginta
639 1401 734 1431 unius
757 1400 838 1432 libre
863 1402 1004 1442 quinque
1021 1403 1195 1435 solidorum

141 1456 173 1483 et
189 1436 422 1493 uniusldenarii
446 1450 577 1481 remissa
599 1460 656 1490 per
672 1449 838 1481 dominum
861 1461 967 1491 regem
984 1454 1195 1493 computanti,

141 1502 176 1533 in
191 1505 313 1542 partem
344 1509 547 1540 recompense
574 1499 719 1530 laborum
743 1503 775 1531 et
805 1510 1017 1541 expensarum
1042 1512 1097 1543 per
1121 1514 1196 1534 cum

141 1552 297 1583 factarum
320 1550 403 1581 circa
419 1549 585 1580 dominum
607 1560 722 1590 regem,
739 1552 776 1580 ut
799 1553 889 1591 patet
911 1561 967 1591 per
989 1551 1098 1583 literas
1122 1563 1195 1584 suas

141 1601 200 1632 sub
216 1600 338 1642 signeto
351 1599 388 1630 de
400 1599 585 1630 remissione
598 1602 741 1630 ostensas
756 1608 849 1640 super
860 1604 1055 1641 computum.
1095 1603 1137 1633 Et
1149 1603 1194 1634 sic

141 1660 228 1691 eque.
273 1649 411 1690 Reliqua
426 1659 501 1679 vero
518 1659 589 1689 pars
606 1649 691 1680 dicte
707 1659 843 1685 summe,
863 1650 1012 1682 videlicet
1028 1653 1194 1693 sexaginta
1210 1662 1282 1691 Eque.

141 1710 197 1731 sex
220 1699 300 1730 libre
324 1699 553 1740 septemdecim
574 1698 668 1729 solidi
694 1702 726 1729 et
753 1699 895 1740 quinque
919 1700 1050 1738 denarii,
1073 1706 1195 1733 restant

142 1749 296 1781 allocandi
314 1749 349 1780 in
365 1751 515 1790 computo
531 1749 676 1789 proxime
692 1748 856 1789 inscripto.

186 1848 381 1889 Computum
433 1847 571 1878 Gilberti
625 1847 749 1878 domini
802 1848 972 1890 Kennedy,
1024 1851 1195 1891 receptoris
1210 1855 1328 1886 Warda
1345 1855 1383 1886 de

143 1898 306 1929 firmarum
322 1901 477 1928 terrarum
493 1897 532 1928 de
555 1897 693 1928 Leswalt
715 1900 746 1928 et
770 1897 905 1928 aliarum
929 1901 1083 1930 terrarum
1107 1910 1195 1940 spec·
1210 1898 1355 1930 Leswalt⁴

141 1947 284 1979 tancium
300 1946 464 1988 quondam
480 1946 621 1987 Georgeo
646 1946 684 1977 de
700 1946 853 1987 Doughzs,
869 1947 903 1977 in
928 1948 1034 1978 warda
1057 1949 1196 1980 existen-

145 1997 230 2029 cium
244 2007 301 2038 per
316 1996 440 2027 obitum
456 1996 608 2037 ejusdem,
625 1995 663 2026 de
679 1996 828 2026 omnibus
845 1996 945 2027 firmis
968 1997 1141 2028 earundem
1164 2004 1196 2030 et

145 2050 301 2079 terrarum
322 2047 360 2077 de
384 2045 577 2077 Kirkandris
601 2055 662 2086 que
689 2048 766 2076 sunt
793 2045 831 2075 de
858 2045 1051 2086 proprietate
1075 2047 1196 2079 domini

148 2096 238 2137 regis,
269 2096 478 2137 [Linlitlzyovss
517 2096 557 2125 921
592 2095 676 2125 June
706 2094 817 2134 1466}
847 2105 865 2125 a
905 2098 1045 2136 tempore
1090 2097 1196 2129 obitus

149 2146 276 2178 domine
288 2146 396 2187 regine
413 2146 493 2176 bone
509 2145 659 2175 memorie
672 2145 711 2175 de
724 2144 818 2175 dictis
832 2144 923 2175 terris
940 2145 978 2175 de
994 2145 1196 2185 Kirkandris,

150 2196 206 2236 qui
222 2199 290 2228 erat
306 2196 356 2227 die
372 2196 474 2236 primo
498 2195 684 2226 Decembris
708 2204 792 2225 anno
817 2195 1011 2236 sexagesimo
1029 2201 1151 2237 quarto,
1166 2203 1199 2229 et
