1551 2462
65 302 67 304 .
121 276 210 304 1461.
415 272 590 311 ‚REGUM
615 271 860 304 SOOTORUM.
1106 278 1165 306 103

75 380 79 381 ν
118 358 252 406 quarum
284 365 451 396 firmarius
471 365 601 396 habebit
628 365 807 396 custodiam
837 369 869 396 et
907 376 1016 396 curam
1046 367 1166 408 absque

117 416 224 456 aliqua
241 415 303 446 alia
318 415 469 446 mercede.
515 415 557 445 Et
573 415 612 445 de
627 414 662 455 11]
679 414 711 445 fi.
729 415 759 455 vj
777 419 799 445 ἔ.
817 415 872 455 viij
891 415 920 446 d.
943 415 980 446 de
1005 416 1103 447 firmis
1128 417 1166 448 de

117 465 209 496 Weet
224 464 296 495 End
313 465 350 495 de
368 464 568 505 Stramiglow
584 475 655 495 cum
672 464 856 495 molendino
874 465 1016 505 ejusdem
1029 466 1067 496 de
1081 465 1166 497 dicto

118 515 260 546 termino.
307 514 348 548 Et
366 514 403 545 de
417 514 475 554 viij
492 513 524 545 11'.
542 523 585 545 xv
601 514 629 544 d.
650 514 688 545 de
712 514 848 554 pecunia
871 514 910 545 de
933 515 1020 545 Estir
1044 515 1165 547 Oasche

117 565 157 595 de
173 564 256 595 dicto
272 564 417 600 termino,
433 563 525 603 cujus
549 563 648 599 firma,
664 563 815 594 videlicet
831 563 852 604 ij
871 563 976 595 celdre
999 564 1055 605 viij
1081 565 1166 596 belle

118 613 203 645 ordei
232 623 254 644 v
283 612 388 644 celdre
420 623 601 650 avenarum,
632 612 790 643 debentur
820 613 855 643 in
885 614 1023 645 termino
1057 614 1167 645 Sancti

117 662 251 693 Martini
267 665 303 692 ut
319 672 422 702 supra.
468 662 510 692 Et
527 662 565 693 de
582 662 616 692 xl
632 667 654 693 Ξ.
673 662 710 693 de
734 662 834 693 firmis
858 662 896 694 de
920 663 1105 704 Kilquhous
1127 664 1166 695 de

70 708 77 709 ἶ
117 712 202 743 dicto
238 711 382 743 termino.
430 711 562 742 Summa
599 711 709 742 totalis
754 712 891 752 pecunia
928 713 1082 752 quarterii
1127 713 1166 744 de

160 812 253 848 Item,
268 811 353 842 idem
377 814 487 842 onerat
510 821 542 841 se
559 810 597 841 de
621 810 655 840 xl
671 814 693 841 ἔ.
714 810 752 841 (18
774 809 873 841 firmis
896 811 1104 851 pecuniarum
1127 811 1166 843 de

119 861 274 892 Camrone
310 860 395 892 infra
432 860 630 901 quarterium
672 860 710 891 de
748 860 913 891 Faucland
955 861 993 892 de
1029 862 1166 892 termino

118 910 343 942 Penthecostes
368 911 452 941 infra
474 910 534 940 hoc
557 913 750 950 compotum,
774 910 866 951 cujus
889 921 995 951 grana,
1016 911 1167 943 videlicet

117 964 139 991 x
162 959 246 991 bolle
269 960 355 991 ordei
379 959 392 1000 j
421 959 526 991 celdra
548 959 594 1000 iiij
623 959 707 990 holle
734 969 916 997 avenarum,
943 960 1101 991 debentur
1128 961 1166 992 de

119 1009 253 1040 termino
293 1009 401 1040 Sancti
438 1009 583 1040 Martini.
628 1009 671 1039 Et
709 1009 747 1040 de
785 1009 832 1049 iiij
863 1009 895 1040 h‘.
933 1013 1090 1041 terrarum
1127 1011 1166 1042 de

88 1086 91 1088 ,
118 1060 279 1100 Balbreky
296 1059 334 1090 de
350 1059 460 1090 eodem
476 1059 620 1095 termino,
636 1059 727 1099 cujus
743 1069 848 1099 grana,
865 1059 1015 1090 videlicet
1030 1060 1042 1100 j
1060 1060 1166 1091 celdra

117 1109 164 1150 iiij
183 1109 266 1140 holle
287 1109 373 1140 ordei
390 1109 412 1149 1]
437 1108 540 1139 celdre
564 1108 621 1148 viij
646 1108 729 1139 bosse
755 1118 936 1145 avenarum,
953 1109 1109 1140 debentur
1132 1110 1167 1140 in

119 1159 204 1190 dicto
227 1159 363 1190 termino
387 1158 496 1191 Sancti
519 1158 661 1189 Martini.
708 1158 750 1189 Et
775 1158 812 1189 de
836 1158 870 1198 iij
893 1158 924 1189 fi.
949 1162 1104 1190 terrarum
1127 1159 1166 1190 de

118 1209 241 1240 Aldhal
265 1219 337 1240 cum
362 1208 546 1239 molendino
570 1208 712 1248 ejusdem
737 1208 855 1248 absque
878 1208 984 1249 granis
1012 1208 1050 1240 de
1081 1209 1166 1240 dicto

118 1258 263 1289 termino.
308 1257 351 1288 Et
367 1257 406 1289 de
421 1257 522 1298 xxxiij
541 1262 563 1288 ἔ.
581 1258 627 1298 111]
645 1257 674 1289 d.
693 1262 850 1288 terrarum
873 1257 912 1288 de
935 1258 1104 1298 Balnkyrk
1127 1259 1166 1290 de

118 1307 203 1338 dicto
219 1307 356 1338 termino
371 1307 490 1347 absque
506 1307 618 1348 granis.
667 1307 709 1337 Et
726 1307 764 1338 de
780 1307 811 1347 vj
830 1311 853 1338 ἕ,
878 1307 933 1347 viij
951 1307 980 1338 d.
1005 1307 1043 1338 de
1066 1307 1166 1339 firmis

118 1356 319 1398 proprietatis
336 1356 441 1397 regine
458 1356 497 1387 de
519 1356 679 1397 Ballingal
702 1356 832 1387 termini
855 1356 1016 1387 antedicti.
1062 1357 1104 1387 Et
1127 1357 1166 1388 de

117 1406 164 1447 iiij
182 1410 205 1438 Ξ.
221 1406 254 1436 ix
271 1405 299 1436 d.
317 1405 416 1436 annui
431 1405 574 1436 redditus
598 1405 741 1446 ejusdem
765 1405 803 1436 de
827 1405 911 1436 dicto
934 1405 1078 1436 termino.
1124 1406 1167 1437 Et

117 1456 157 1487 de
172 1456 203 1496 vj
221 1455 253 1487 fi.
269 1455 325 1495 xiij
343 1459 366 1486 ἓ.
383 1455 429 1495 111]
447 1454 475 1485 d.
492 1457 650 1486 terrarum
666 1455 705 1485 de
722 1454 829 1485 Kattil
845 1455 883 1486 de
900 1454 1011 1485 eodeni
1021 1455 1166 1492 termino,

73 1498 77 1504 ’
117 1505 208 1546 cujus
231 1515 336 1546 grana,
352 1504 501 1535 videlicet
516 1504 538 1544 1]
557 1504 661 1535 celdre
674 1505 687 1545 j
704 1504 790 1535 bolla
802 1505 814 1545 ]
834 1504 948 1535 ferlota
971 1514 1044 1535 cum
1067 1505 1166 1535 tercia

117 1713 221 1744 grana,
237 1702 387 1733 videlicet
400 1702 412 1742 ]
430 1701 536 1732 celdra
551 1702 597 1742 iiij
616 1701 700 1732 bolle
716 1701 803 1732 ordei
826 1701 847 1741 ij
873 1701 978 1733 celdre
1001 1702 1056 1742 viij
1082 1702 1166 1733 boile

117 1760 298 1790 avenarum,
314 1752 471 1783 debentur
485 1755 522 1782 ut
541 1762 644 1792 supra.
689 1751 732 1782 Et
755 1751 794 1782 de
810 1751 866 1791 viij
891 1751 922 1782 11.
947 1755 1104 1782 terrarum
1127 1752 1165 1783 de

117 1802 244 1844 Fruchy
261 1802 299 1833 de
315 1802 426 1833 eodem
448 1801 594 1838 termino,
617 1801 707 1841 cujus
730 1811 836 1842 grana,
852 1800 1002 1832 videlicet
1021 1801 1034 1842 j
1059 1802 1166 1832 celdra

117 1862 139 1883 v
153 1852 262 1892 bollej
281 1851 394 1882 ferlota
414 1851 567 1881 frumenti
581 1850 594 1891 j
615 1850 719 1881 coldra
742 1861 763 1880 x
784 1850 868 1881 bone
890 1850 912 1890 ij
940 1851 1051 1881 ferlote
1079 1851 1166 1881 ordei

117 1901 151 1943 iij
170 1901 273 1933 celdre
289 1911 309 1931 v
325 1900 409 1932 bolle
425 1901 460 1941 11]
477 1900 589 1931 ferlote
604 1900 626 1941 ij
644 1910 737 1941 pecce
759 1910 941 1936 avenarum,
957 1899 1114 1931 debentur
1129 1904 1166 1931 ut

118 1961 220 1992 supra.
266 1951 308 1981 Et
339 1950 377 1981 (18
400 1950 447 1990 111]
476 1954 499 1981 ἔ.
523 1950 568 1990 111]
594 1950 622 1980 d.
646 1949 822 1980 molendini
847 1949 885 1979 de
914 1949 1050 1989 Fruchy‚
1074 1949 1165 1989 cujus

103 2011 223 2042 ·grana‚
240 2000 414 2040 videlicetj
434 1999 538 2031 celdra
554 2010 575 2030 x
591 1999 675 2030 bolle
699 1999 720 2039 ij
746 1999 858 2030 ferlote
880 2009 953 2029 cum
978 1999 1053 2029 bina
1075 2004 1164 2039 parte

119 2051 229 2083 ferlote
252 2050 347 2087 ordei,
363 2050 520 2081 debentur
543 2053 580 2080 ut
604 2059 706 2089 supra.
752 2048 794 2079 Et
817 2049 855 2079 de
879 2048 934 2088 viij
951 2047 982 2077 11.
1009 2051 1164 2079 terrarum

41 2119 61 2138 g
118 2101 157 2132 de
173 2101 344 2132 Neutoune
360 2095 406 2130 'de
429 2099 592 2130 Faucland
616 2099 654 2130 de
678 2098 761 2129 dicto
784 2098 929 2133 termino,
946 2097 1036 2137 cujus
1059 2107 1166 2138 grana,

119 2150 267 2181 videlicet
297 2149 317 2190 ij
351 2148 454 2179 celdre
482 2148 537 2189 viij
569 2148 653 2179 bolle
684 2147 771 2178 ordei
802 2153 821 2177 v
853 2146 956 2177 celdre
983 2157 1165 2184 avenarum,

119 2201 274 2233 debentur
290 2204 326 2231 ut
342 2210 444 2241 supra.
