1551 2462
187 266 278 296 1467.
496 263 658 295 REGUM
681 263 928 295 SCOTORUM.
1172 266 1234 295 469

183 356 281 398 hujus
292 356 433 399 eompubi
445 367 617 394 concessas,
632 357 667 388 ix
681 356 714 388 11.
731 356 785 397 xvj
804 361 826 388 ἔ.
839 357 896 397 viij
914 356 943 388 d.
990 356 1122 388 Summa
1137 356 1235 398 hujus

183 407 359 448 pendencie
373 409 469 448 patet.
515 407 558 438 En
573 407 751 438 sic‘restanb
765 405 904 447 ij⁰lxxvij
923 406 954 436 11⁴.
971 406 1003 446 vj
1022 410 1045 437 5.
1057 407 1088 447 xj
1107 406 1136 437 d.
1183 406 1235 437 De

184 456 309 497 quibus,
325 457 458 488 allocate
474 456 674 498 computanti
685 467 743 498 pro
759 456 851 488 feodo
867 466 924 487 suo
941 456 980 487 de
996 466 1080 486 anno
1092 455 1236 497 compubi

186 509 219 538 eb
234 507 381 538 omnibus
397 507 542 538 terminis
558 506 802 548 precedentibus
818 505 878 537 hoc
895 508 1091 546 computum,
1108 516 1146 536 ex
1164 515 1237 536 0011-

185 557 380 588 sideracione
408 557 598 594 auditorum,
623 557 704 587 lxxx
730 556 762 587 11.
809 556 942 587 Summa
971 555 1069 596 hujus
1100 565 1239 596 expense

186 609 284 647 patet.
328 607 371 638 Et
386 607 432 638 sie
447 610 570 638 restant
582 605 757 647 j⁰lxxxxvij
775 606 806 636 11.
824 606 855 647 vj
874 610 896 637 5.
914 606 947 646 xj
964 605 997 636 d.

230 705 426 747 Oomputum
452 706 596 747 magistri
622 706 743 738 Thome
769 706 809 737 de
837 705 991 741 Moravia,
1016 704 1181 736 camerarii
1198 704 1236 736 (16
1254 703 1448 736 Stratherne.

189 755 381 793 Stratherne,
398 756 515 797 [Perm
530 757 574 787 25
589 756 673 786 sze
688 756 783 794 1467,
791 756 882 796 swm
898 755 916 785 1
933 755 1013 795 szy
1027 754 1136 795 1466]

230 805 322 836 Idem
338 809 448 836 onerat
463 816 497 837 se
512 806 546 836 111
558 806 679 847 primis,
690 805 729 836 de
738 804 834 846 ij⁰1iiij
852 805 884 836 fi.
902 805 932 846 vj
951 809 974 836 5.
991 816 1012 835 x
1028 804 1057 836 d.
1074 805 1107 846 xj
1124 805 1238 836 martis

184 855 196 896 j
214 855 280 886 celd
287 865 319 886 ra
334 855 431 886 brasii
446 865 504 896 per
518 856 676 897 arreragia
691 855 800 886 ultimi
816 855 959 895 computi
975 855 1033 891 sui,
1049 858 1087 885 ut
1102 858 1192 896 patet
1203 855 1238 885 in

187 905 267 946 pede
283 905 436 946 ejusdem.
481 905 614 937 Summa
630 905 778 946 arreragii
793 907 890 945 patet.

231 955 325 992 Item,
340 955 426 986 idem
443 958 554 986 onerat
569 965 602 986 se
619 954 657 986 de
673 954 728 995 viij
747 954 778 986 11.
795 954 851 994 viij
870 953 963 985 bollis
976 953 1072 985 brasii
1087 954 1127 985 de
1139 954 1240 985 firmis

187 1006 344 1035 terrarum
360 1004 399 1034 de
415 1003 703 1045 Drumquhargane
717 1003 801 1034 infra
811 1003 1000 1034 comitatum
1016 1003 1055 1034 de
1068 1003 1240 1034 Sratherne

188 1054 227 1085 de
244 1053 368 1084 duobus
391 1053 538 1084 terminis
560 1053 658 1094 hujus
681 1053 831 1094 computi.
877 1053 920 1083 Et
944 1052 982 1084 de
999 1053 1075 1094 xxvj
1094 1057 1117 1084 5.
1136 1053 1191 1093 viij
1208 1053 1239 1084 d.

187 1103 227 1134 de
243 1103 343 1134 firmis
358 1106 441 1133 terre
458 1102 497 1133 de
508 1102 679 1133 Blaefurde
692 1102 731 1134 de
741 1102 862 1133 eisdem
871 1102 1025 1133 terminis.
1071 1103 1114 1133 Et
1126 1103 1165 1134 de
1177 1113 1198 1133 v
1207 1103 1240 1135 fi.

189 1152 229 1183 de
245 1152 345 1183 firmis
361 1154 444 1183 terre
460 1151 498 1183 de
515 1151 670 1183 Culcreiff
682 1152 720 1183 de
737 1152 831 1183 dietis
848 1152 1002 1183 terminis.
1049 1152 1092 1183 Et
1115 1152 1154 1183 de
1170 1163 1192 1183 v
1206 1152 1239 1184 11.

188 1205 271 1233 terre
283 1202 323 1232 de
332 1201 511 1233 Culcranne
522 1202 560 1233 de
571 1212 653 1233 anno
667 1202 818 1242 computi.
848 1202 891 1232 Et
901 1201 939 1233 de
953 1212 972 1232 v
982 1201 1013 1233 fi„
1025 1201 1064 1233 de
1076 1202 1240 1243 Gallobeg.

188 1252 231 1283 Et
247 1251 286 1282 de
301 1261 323 1282 v
338 1251 370 1282 fi.
386 1251 425 1282 de
442 1251 624 1282 Gallomore
637 1251 677 1282 de
693 1251 787 1282 dictis
803 1251 957 1283 terminis.
1003 1251 1045 1282 Et
1062 1251 1101 1282 de
1118 1262 1138 1282 v
1153 1252 1184 1283 fi.
1202 1252 1242 1283 de

189 1301 310 1333 Dowel.
355 1301 398 1331 Et
413 1300 452 1331 de
467 1301 514 1341 iiij
538 1301 572 1331 fi.
592 1312 613 1331 x
637 1305 659 1332 5.
677 1301 716 1332 de
740 1300 902 1331 Bordland
918 1301 957 1332 de
973 1301 1106 1332 Balloch
1122 1312 1196 1333 eum
1211 1302 1242 1333 le

189 1351 262 1382 Hiu
278 1351 317 1382 de
333 1350 426 1382 dietis
442 1350 594 1382 terminis.
641 1351 684 1381 En
706 1351 746 1381 de
762 1361 782 1381 v
804 1350 836 1381 fi.
853 1361 875 1381 x
891 1354 916 1381 5.
933 1350 971 1381 de
988 1351 1087 1382 firmis
1103 1355 1186 1383 terre
1201 1351 1241 1383 de

190 1400 432 1439 Quhiltbassoch
446 1400 484 1431 de
500 1399 620 1431 eisdem
636 1399 790 1431 terminis.
836 1400 878 1430 Et
891 1400 930 1430 de
946 1400 982 1430 xl
998 1404 1020 1431 5.
1034 1401 1072 1431 de
1088 1401 1188 1432 firmis
1202 1401 1240 1432 de

189 1450 415 1492 Culquhathyo.
462 1450 504 1481 En
519 1450 559 1481 de
575 1460 596 1480 v
618 1450 650 1481 11.
668 1453 749 1481 terre
765 1450 804 1481 de
821 1449 993 1481 BIauerore
1009 1449 1048 1481 de
1064 1450 1159 1481 dictis
1176 1454 1238 1482 ter-

189 1500 293 1532 minis.
338 1500 381 1531 Et
397 1499 435 1530 de
451 1499 506 1540 viij
523 1499 554 1530 11.
573 1499 612 1531 (16
628 1499 727 1530 firmis
744 1499 783 1530 de
795 1499 917 1530 Westir
933 1502 964 1530 et
975 1500 1062 1530 Estir
1071 1500 1239 1542 Lochanys

191 1551 230 1582 de
252 1550 398 1582 terminis
421 1549 571 1590 computi.
618 1549 660 1580 Et.
687 1549 726 1580 de
751 1549 807 1590 viij
833 1549 865 1580 11.
897 1549 936 1581 (16
963 1549 1062 1581 firmis
1089 1553 1171 1582 terre
1203 1551 1242 1581 de

192 1601 336 1641 Trewyn.
380 1600 424 1630 Et
446 1599 485 1630 de
508 1609 529 1629 v
552 1598 583 1629 fi.
608 1598 647 1630 de
670 1598 771 1629 firmis
793 1598 832 1629 de
855 1598 1075 1630 Glenreehane
1092 1599 1131 1631 de
1147 1600 1242 1631 dictis

192 1649 342 1681 terminis.
388 1649 431 1680 Et
446 1649 485 1680 de
502 1648 545 1689 xij
563 1648 603 1680 de
619 1649 719 1680 firmis
736 1652 819 1679 terre
834 1648 873 1679 de
890 1648 1070 1686 Glenearse‚
1086 1649 1242 1687 Leonaeh,

191 1700 398 1740 Drumtarvy,
414 1701 447 1729 et
470 1698 624 1739 Glascory
641 1698 679 1729 de
703 1698 797 1729 dictis
821 1698 976 1729 terminis.
1022 1699 1065 1729 Et
1080 1699 1119 1730 de
1137 1700 1191 1740 viij
1208 1699 1240 1730 11.

176 1748 213 1780 ’Χ
228 1753 250 1781 5.
263 1753 346 1780 terre
363 1748 401 1779 de
417 1747 616 1788 Olachquhy.
661 1748 704 1778 Et
720 1747 759 1778 de
776 1747 844 1788 xliij
863 1752 885 1779 5.
902 1748 949 1788 fiij
966 1748 995 1779 d.
1009 1750 1094 1780 berre
1106 1749 1145 1780 de
1156 1749 1240 1790 Ooig.

192 1799 234 1830 Et
250 1798 288 1830 de
303 1809 326 1829 v
339 1798 371 1828 fi.
388 1801 471 1829 terre
487 1797 526 1828 de
549 1797 726 1828 Foredowe.
772 1797 815 1828 Et
838 1797 877 1828 de
900 1798 956 1838 viij
973 1797 1005 1828 ti.
1025 1797 1064 1829 de
1087 1798 1187 1830 firmis
1203 1799 1243 1830 de

193 1847 492 1880 Estiraberlednoeh
507 1847 546 1878 de
562 1847 656 1878 dictis
673 1847 827 1878 terminis.
872 1847 914 1877 Et,
930 1847 969 1877 de
980 1847 1034 1887 viij
1047 1847 1078 1878 11.
1092 1848 1130 1879 (16
1143 1848 1244 1879 firmis

193 1898 233 1929 de
255 1895 597 1929 Westiraberlednoch.
645 1896 688 1926 Et
714 1895 753 1926 de
779 1895 825 1935 iiij
858 1895 889 1926 fi.
919 1896 957 1926 de
988 1895 1018 1927 le
1048 1897 1174 1937 Logane
1205 1897 1244 1929 de

192 1946 507 1978 Aberlednooh-cum
523 1949 607 1976 terra
624 1945 662 1976 de
686 1945 905 1985 Thomperone
921 1945 960 1976 de
976 1946 1070 1977 dictis
1087 1948 1241 1979 terminis.

193 1997 235 2028 Et
251 1996 290 2028 de
305 2007 326 2027 v
341 1996 373 2027 fi.
399 2002 482 2026 terre
506 1994 544 2026 de
569 1994 921 2035 Drummannerynaeh.
967 1995 1010 2025 Et
1034 1995 1073 2027 de
1095 1997 1127 2036 vj
1154 1996 1185 2027 11.
1202 1997 1242 2029 (16

193 2047 293 2078 firmis
309 2049 465 2078 terrarum
481 2045 520 2076 de
536 2045 655 2076 Fames
672 2047 704 2075 et
719 2044 946 2075 Dalneskethe.
993 2045 1035 2075 Et
1050 2045 1089 2076 de
1106 2046 1136 2086 vj
1154 2046 1186 2078 li.
1203 2047 1242 2079 de

194 2096 293 2127 firmis
324 2099 406 2127 terre
437 2095 476 2126 de
513 2094 717 2135 Dalganross.
771 2094 815 2125 Et
853 2094 892 2125 de
929 2094 977 2135 hij
1006 2099 1028 2125 5.
1064 2095 1111 2136 iiij
1143 2096 1171 2127 d.
1203 2097 1243 2128 de

195 2146 294 2177 firmis
321 2149 404 2176 terre
429 2145 467 2176 de
493 2144 660 2176 Coldolitil
682 2154 756 2175 cum
779 2147 878 2184 prato.
924 2144 966 2175 Et
990 2144 1028 2175 de
1044 2144 1091 2185 liij
1109 2149 1131 2176 5.
1148 2146 1194 2187 iiij
1213 2147 1242 2178 d.

194 2198 277 2227 terre
307 2195 346 2226 de
377 2194 546 2236 Cragysch.
593 2194 635 2225 Et
666 2193 704 2225 de
735 2194 769 2224 ix
799 2193 830 2224 11.
870 2194 900 2234 vj
941 2198 964 2226 5.
1003 2194 1058 2236 viij
1098 2195 1126 2227 d.
1163 2200 1244 2229 terre
