1551 2462
106 261 196 293 1461.
415 257 575 290 REGUM
599 256 733 289 SCOTO
739 257 846 288 RUM.
1110 257 1149 288 91

93 352 145 389 »Et
160 352 257 394 priori
272 352 311 383 de
327 352 486 389 Rostinot,
508 361 565 392 pro
581 350 729 382 secundis
747 350 878 381 decimis
902 349 963 380 sibi
979 350 1095 381 debit-is
1112 350 1151 381 de

102 401 196 434 dictis
219 401 310 432 terris
333 400 372 432 de
389 400 528 432 Brechin
551 403 584 432 et
605 400 723 437 Nevar,
745 399 811 440 regi
833 399 1071 440 pertinentibus
1096 409 1152 440 per

101 451 334 483 forisfacturam
351 450 513 491 quondam
529 450 656 481 comitis
679 449 819 486 Atbolie,
836 449 875 480 de
898 449 992 480 dictis
1009 449 1151 490 quinque

100 500 254 537 terminis,
281 500 325 541 xlj
351 500 384 531 11¹.
408 500 440 541 xj
465 500 494 531 d.
539 500 583 530 Et
606 499 719 537 eidem,
745 509 802 540 per
826 499 1043 530 decidenciam
1069 499 1150 530 anti-
1166 513 1365 543 eomputandum

81 555 84 558 ’
101 560 237 592 quarum
251 551 415 581 firmarum
430 553 587 581 terrarum
603 549 641 580 de
655 548 823 586 Garviach,
835 551 872 579 ut
888 552 977 589 patet
989 548 1023 579 iu
1035 548 1151 579 rentali
1165 545 1275 595 gffhfflxile
1288 573 1345 595 Hai-

101 600 233 641 antiquo
249 603 281 632 et
297 610 378 631 novo
390 599 626 641 particulariter
642 598 833 630 examinatis
848 608 943 639 super
959 601 1151 639 compotum,
1165 603 1300 626 kerstoune.

100 650 143 691 vij
168 650 200 682 ri.
224 660 267 681 xv
289 654 313 682 s.
336 649 370 691 iij
395 649 425 681 d.
449 648 497 681 ob.
543 649 585 680 Et
608 649 720 686 eidem,
743 658 799 689 per
814 648 1009 679 solucionem
1034 648 1151 679 factam

99 699 243 731 Johanni
258 699 497 731 Halkerstoune
513 698 553 730 acl
577 698 730 729 fabricam
752 698 876 739 collegii
892 697 1020 728 domine
1035 698 1152 738 regine,

100 752 138 780 ut
160 751 249 790 patet
274 759 331 789 per
353 748 473 779 librum
500 748 579 779 dicti
607 747 768 784 Johannis
794 758 853 778 sua
875 757 973 778 manu
996 747 1150 788 scriptum

101 797 233 830 diversis
249 797 373 829 vicibus
397 800 561 828 ostensum
577 807 672 837 super
695 800 887 837 compotum,
910 796 958 837 iijc
973 796 1052 827 lxxv
1068 796 1100 828 fi.
1117 797 1149 837 xj

100 851 124 879 s·
140 847 183 888 vij
210 847 239 878 d.
285 847 327 878 Et
353 846 466 884 eidem,
489 857 545 887 per
567 847 763 878 solucionem
787 846 905 877 factam
930 846 1088 877 Edwardo
1112 846 1151 877 de

100 896 219 928 Boncle
231 896 271 928 ad
285 896 405 928 dictam
415 896 577 934 fabricam,
592 898 629 927 ut
641 899 731 937 patet
745 906 801 936 per
811 895 972 927 scedulam
984 906 1081 926 manu
1094 906 1151 926 sua

99 945 251 987 scriptam
267 948 426 977 ostensam
451 955 546 986 super
569 948 762 986 compotum,
780 945 803 986 lj
822 949 845 976 s.
863 945 908 986 iiij
934 945 963 977 d.
1009 945 1051 976 Et
1067 945 1151 976 dicto

99 994 256 1026 Edwardo
272 995 313 1031 ad
328 995 448 1026 dictam
472 995 624 1026 fabricam
641 995 774 1026 diversis
791 994 923 1032 vicibus,
940 998 977 1025 ut
992 998 1081 1036 patet
1096 1005 1152 1036 per

99 1044 263 1076 scedulam
288 1054 380 1075 suam
403 1054 501 1075 manu
528 1054 586 1075 sua
609 1044 759 1084 scriptam
780 1044 820 1075 (le
844 1048 968 1085 recepto
991 1048 1152 1075 ostensam

100 1104 195 1134 super
210 1096 404 1134 compotum,
417 1091 444 1134 j⁰
460 1093 539 1124 xxix
555 1093 586 1123 fi.
603 1093 637 1124 ix
653 1097 676 1125 ἓ.
693 1093 739 1133 iiij
757 1093 789 1125 d.
834 1093 877 1124 Et
893 1094 978 1124 dicto
995 1094 1152 1125 Edwardo

101 1143 142 1174 ad
154 1142 273 1173 dictam
285 1142 447 1180 fabricam,
462 1144 500 1173 ut
521 1145 611 1183 patet
631 1152 688 1183 per
703 1143 794 1174 binas
811 1143 955 1174 scedulas
972 1143 1010 1174 de
1025 1147 1151 1184 recepto
1165 1160 1362 1190 Computandum

101 1202 200 1223 mauu
215 1202 272 1223 sua
294 1192 490 1232 subscriptas
510 1195 652 1223 ostensas
676 1203 771 1233 super
793 1196 986 1234 compotum,
1010 1193 1100 1234 xlviij
1119 1194 1150 1224 ri.
1165 1192 1281 1242 eESgglfgo
1292 1220 1322 1243 de

101 1251 196 1282 super
211 1241 328 1282 quibus
350 1241 600 1282 compotandum
621 1244 670 1273 est
689 1252 763 1273 cum
778 1242 864 1273 dicto
884 1242 1049 1274 Edwardo.
1111 1243 1152 1274 Et
1164 1249 1261 1273 Boncle.

101 1290 187 1321 dicto
201 1289 346 1321 Johanni
361 1290 582 1322 Halkerstoun
605 1290 645 1321 ad
661 1290 781 1321 dictam
804 1291 957 1322 fabricam
976 1302 1034 1333 per
1056 1292 1151 1324 liber-

101 1340 244 1371 acionem
267 1339 390 1371 domini
413 1339 573 1371 Willelmi
595 1340 715 1377 Rende,
739 1340 825 1371 dicto
850 1340 999 1372 Johanne
1029 1341 1151 1373 fatente
1165 1360 1330 1389 Respondebit

100 1392 265 1430 receptum
287 1399 344 1429 per
368 1389 533 1420 scedulam
555 1399 612 1420 sua
636 1399 735 1420 manu
759 1390 910 1430 scriptam
935 1394 967 1421 et
991 1394 1151 1423 ostensam
1164 1390 1287 1442 ιζὲξὸἳξῇῗ
1300 1390 1358 1412 Hal-

100 1449 196 1480 super
211 1442 403 1479 compotum,
414 1438 442 1479 j⁰
464 1438 496 1470 fi„
518 1449 560 1470 xv
579 1443 613 1476 s„
631 1449 687 1480 pro
711 1440 827 1480 quibus
852 1440 1064 1481 respondebit.
1109 1442 1152 1473 Et
1165 1449 1250 1472 Marte.
1282 1427 1301 1442 e.

100 1499 157 1530 pro
173 1488 363 1521 colleccione
385 1489 549 1519 firmarum
573 1488 612 1520 de
636 1489 821 1520 Garihauch
844 1490 901 1520 uni
925 1491 1089 1531 capellano
1112 1492 1151 1523 de

100 1538 224 1570 duobus
253 1538 346 1569 annis
377 1538 460 1569 infra
496 1538 556 1569 hoc
591 1542 784 1580 compotum,
818 1549 858 1570 ex
897 1540 1152 1572 consideracione

101 1637 226 1679 collegii
252 1637 469 1678 supradictam
499 1647 555 1678 per
585 1637 816 1669 liberacionem
841 1638 992 1670 Nicholai
1024 1640 1152 1681 Spethe,

101 1687 136 1718 xl
149 1687 191 1725 fi„
207 1697 304 1728 super
315 1687 433 1728 quibus
444 1687 698 1728 computandum
712 1691 761 1719 est
779 1698 854 1719 cum
871 1688 958 1720 dicto
975 1690 1151 1722 Eddoardo.

101 1736 144 1768 Et
166 1736 278 1774 eidem,
301 1746 359 1777 pro
382 1736 451 1777 xiiij
477 1737 590 1768 martis
615 1737 710 1769 dictis
734 1739 977 1770 custummartis
1001 1739 1039 1770 de
1063 1740 1152 1771 dicto

102 1786 242 1817 dominio
260 1786 298 1817 de
316 1786 463 1823 Brechin,
475 1786 620 1827 precium
635 1787 718 1827 pecii
734 1787 879 1828 quinque
896 1788 990 1819 solidi
1007 1789 1151 1820 solvendi

101 1835 286 1873 husbandis‚
309 1836 369 1867 sub
394 1835 536 1876 periculo
552 1837 776 1877 compotantis,
800 1837 834 1877 iij
865 1836 896 1867 fi.
920 1848 942 1868 x
965 1842 990 1870 s.
1014 1839 1056 1869 Et
1078 1839 1152 1871 date

102 1885 244 1923 Haknet,
260 1885 408 1917 servitori
418 1885 545 1917 domine
558 1886 674 1927 regine,
690 1886 730 1917 ad
746 1886 977 1926 providendam
990 1888 1151 1928 quandam

103 1944 217 1966 navem
242 1934 276 1966 in
308 1944 401 1976 yeme
424 1935 576 1975 preterito
602 1935 641 1966 de
664 1935 815 1966 mandato
843 1936 994 1976 ejusdem,
1022 1938 1152 1969 custode

101 1984 219 2025 privati
234 1984 331 2025 sigilli
348 1987 487 2015 testante
502 1984 691 2015 mandatum
715 1994 810 2025 super
826 1988 1019 2025 compotum,
1036 1987 1102 2028 xvij
1119 1987 1151 2019 li.

102 2043 144 2064 xv
155 2037 179 2065 s.
198 2034 229 2074 vj
247 2033 276 2064 d.
314 2033 355 2064 Et
364 2033 478 2070 eidem,
488 2043 543 2074 per
559 2033 751 2074 superfluam
763 2033 982 2065 oneracionem
993 2038 1152 2067 certorum

102 2083 298 2123 cotagiorum
321 2085 480 2113 terrarum
503 2082 542 2113 de
558 2082 712 2123 Kyncrag
736 2092 809 2113 cum
833 2083 950 2122 quibus
967 2088 1152 2124 compotans

102 2132 247 2173 superius
276 2135 435 2169 oneratur,
458 2131 497 2163 de
527 2132 664 2163 termino
688 2132 773 2163 beati
800 2132 936 2163 Martini
979 2133 1063 2164 infra
1093 2135 1152 2166 hoc

104 2184 294 2222 compotum,
310 2181 344 2222 iij
368 2181 401 2213 li.
425 2181 456 2222 vj
481 2185 504 2214 s.
551 2181 682 2212 Summa
714 2191 934 2222 expensarum,
958 2181 1027 2223 viijc
1050 2183 1094 2224 lvj
1118 2184 1150 2216 li.
