1551 2462
116 302 207 334 1466.
424 300 585 332 REGUM
609 300 855 333 SCOTORUM.
1098 303 1158 331 403

115 395 221 425 firmas
243 397 398 425 terrarum
418 394 456 425 de
472 393 612 424 Blaknes
635 404 774 425 unacum
798 393 936 434 quadam
961 393 1053 424 domo
1075 395 1159 424 tecta

115 444 229 485 tegulis
256 444 338 474 infra
368 442 478 474 villam
503 443 542 474 de
569 443 709 474 Blaknes
738 444 775 474 de
803 444 887 474 dicto
914 454 1005 474 anno.
1051 443 1093 473 Et
1120 442 1159 473 de

115 494 149 533 iij
166 493 197 525 n'.
214 493 284 534 vj}¹
302 493 357 533 viij
374 493 404 524 d.
428 493 466 524 de
489 493 588 524 firmis
612 493 787 524 molendini
810 493 936 524 noviter
958 493 1096 524 edificati
1120 492 1159 523 ad

114 543 209 573 finem
225 543 410 574 orientalem
426 542 502 573 ville
519 542 556 573 de
573 542 748 583 Linlithqw
765 543 803 574 de
819 544 902 574 dicte
918 540 1071 574 terminis.
1117 542 1160 572 Et

115 593 153 625 de
176 604 220 624 xx
235 593 266 624 h'.
284 593 322 624 de
346 592 445 623 firmis
467 595 622 623 terrarum
646 593 683 624 [le
708 593 907 630 Gunstoune,
931 591 1160 627 Orounarland,

115 646 147 674 et
162 642 380 683 Mannuellrig
396 641 434 673 de
450 642 543 673 dictis
560 643 714 680 terminis,
730 654 791 683 que
816 647 892 674 sunt
910 643 948 674 de
966 642 1160 684 proprietate

115 691 236 723 domini
251 692 339 733 regis.
385 692 427 722 Et
443 692 482 722 de
498 691 531 732 iij
548 691 579 722 H.
597 693 629 732 vj
647 697 668 723 s.
687 693 742 733 viij
766 693 794 723 d.
819 693 858 724 de
881 693 980 724 firmis
1004 696 1160 723 terrarum

115 741 330 782 spectancium
376 741 537 781 quondam
581 741 701 772 Thome
747 742 885 782 Malvyn
921 741 1006 772 infra
1041 740 1161 771 dictam

115 790 278 821 baroniam
294 790 332 821 de
353 790 523 821 Mannuell
545 790 582 822 de
605 791 708 831 primo
731 792 868 822 termino
891 791 986 832 hujus
1009 789 1160 831 computi,

115 840 243 880 dempta
265 851 329 871 una
352 840 450 871 tercia
473 840 580 871 debita
607 840 645 871 de
669 841 787 871 eadem.
833 841 875 872 Et
903 841 941 872 de
965 840 998 881 iij
1022 840 1054 870 fi.
1080 840 1111 880 vj
1136 843 1158 869 s.

115 889 170 930 viij
188 889 216 920 d.
234 889 272 920 de
289 889 382 920 dictis
398 889 497 919 firmis
513 889 730 929 spectantibus
747 890 831 921 dioto
856 890 1017 930 quondam
1032 889 1160 924 Thome,

115 938 157 970 de
163 939 300 970 termino
312 939 537 969 Penthecostes
550 939 633 969 infra
643 944 839 980 computum,
850 940 980 980 dempta
988 949 1053 970 una
1063 939 1161 970 tercia

116 988 222 1020 debita
239 989 276 1019 de
293 989 419 1019 eisdem.
466 989 508 1019 Et
525 989 563 1019 de
576 989 588 1029 j
606 989 710 1020 celdra
731 989 811 1020 ordii
830 990 842 1030 j
860 989 966 1020 celdra
989 999 1161 1020 avenarum

115 1040 270 1068 terrarum
294 1038 332 1069 de
356 1038 510 1069 Kincavil
533 1038 571 1069 de
595 1038 705 1069 eodem
729 1049 819 1070 anno.
865 1040 907 1070 Et
923 1039 961 1070 de
973 1039 1007 1079 iij
1033 1038 1126 1069 bollis
1146 1039 1159 1079 j

115 1086 229 1118 ferlota
246 1097 318 1118 cum
333 1086 432 1118 tercia
452 1090 541 1128 parte
557 1087 669 1118 ferlote
689 1088 790 1119 farine
807 1088 970 1119 avenatice
986 1088 1162 1119 molendini

115 1136 154 1167 de
184 1136 338 1167 Manwell
369 1137 403 1167 in
429 1136 536 1167 warda
566 1137 733 1168 existentis
759 1148 817 1178 per
850 1141 978 1178 tempus
1010 1137 1159 1178 computi.

115 1185 158 1216 Et
181 1185 219 1216 de
236 1197 278 1217 xx
303 1186 418 1217 celdris
441 1186 615 1217 carbonum
638 1186 677 1217 de
700 1187 886 1218 carbonaria
909 1187 948 1218 de
971 1187 1099 1227 Lithqw
1122 1187 1161 1218 de

115 1235 225 1266 eodeni
239 1245 330 1267 anno.
378 1236 509 1267 Summa
524 1235 620 1275 hujus
637 1237 749 1273 oneris,
762 1236 928 1277 j⁰lxxxviij
942 1236 973 1267 H.
991 1236 1012 1277 ij
1030 1236 1058 1267 d.

160 1284 252 1321 Item,
268 1285 353 1316 idem
369 1288 478 1316 onerat
494 1295 526 1316 se
544 1285 581 1316 de
605 1285 673 1315 xlix
686 1285 718 1317 fi.
734 1286 757 1326 ij
775 1290 798 1316 s.
816 1286 871 1326 viij
889 1286 917 1317 d.
935 1286 974 1316 de
989 1285 1161 1326 grassumis

116 1337 272 1365 certarum
303 1338 458 1366 terrarum
488 1335 572 1366 infra
602 1335 734 1366 balliam
766 1336 989 1377 computantis.
1049 1336 1093 1366 Et
1123 1336 1161 1367 de

117 1394 160 1414 xx
176 1388 198 1415 ἓ.
224 1384 263 1415 de
279 1384 377 1415 firmis
393 1384 492 1414 trium
513 1394 656 1415 acrarum
683 1388 716 1416 et
742 1385 840 1416 trium
862 1386 1064 1426 particarum,
1088 1396 1163 1416 cum

118 1434 204 1471 ortis,
219 1434 317 1469 tostis,
333 1437 365 1465 et
380 1433 596 1474 pertinenciis,
605 1434 786 1475 jacencium
799 1435 832 1465 in
843 1435 1000 1466 territorio
1015 1435 1052 1465 de
1065 1434 1161 1465 Blak-

118 1493 173 1514 nes
199 1483 233 1514 in
264 1483 370 1514 warda
395 1484 607 1514 existencium
630 1483 668 1514 de
692 1494 776 1514 anno
799 1485 941 1525 computi
969 1488 1000 1515 et
1023 1484 1062 1515 de
1079 1494 1162 1515 anno

118 1532 304 1572 precedente
317 1533 376 1564 hoc
393 1537 586 1573 computum.
634 1533 768 1567 Summa
783 1533 879 1574 hujus
896 1533 1007 1570 oneris,
1023 1533 1035 1563 l
1050 1533 1081 1563 n.
1099 1533 1120 1573 ij
1138 1537 1161 1563 s.

119 1581 176 1622 viij
199 1581 227 1612 d.

162 1633 293 1665 Summa
305 1634 413 1665 totalis
431 1633 627 1665 oneracionis
643 1637 749 1675 preter
764 1634 928 1675 arreragia,
938 1633 974 1674 ij⁰
989 1634 1113 1674 xxxviij
1129 1633 1161 1665 n.

120 1682 142 1724 ij
156 1687 177 1714 ἓ.
192 1693 212 1713 x
225 1683 253 1714 d.
293 1683 424 1715 Summa
437 1684 544 1715 totalis
562 1684 758 1715 oneracionis
771 1694 843 1714 cum
856 1683 1027 1725 arreragiis,
1038 1682 1072 1724 ijc
1084 1683 1118 1713 lx
1130 1683 1162 1714 n*

36 1750 59 1782 ᾗ.
119 1732 187 1773 xiiij
204 1737 226 1764 ς.
237 1733 270 1774 iij
288 1733 316 1764 (ῑ.
333 1734 380 1765 ob.

162 1782 308 1823 Expense
349 1783 500 1823 ejusdem,
546 1783 587 1814 In
635 1783 755 1824 primis,
786 1782 919 1814 allocate
964 1783 1165 1823 computanti

67 1858 71 1866 ,
121 1830 160 1862 de
186 1831 284 1863 firmis
314 1835 470 1864 terrarum
497 1832 536 1863 de
561 1832 769 1869 Howstoune,
792 1832 932 1869 KirkhiL
958 1836 992 1863 et
1016 1832 1045 1863 le
1072 1832 1165 1863 West

120 1879 237 1921 Manys
259 1882 299 1913 de
322 1882 483 1920 Strabrok,
499 1882 655 1913 concessis
678 1892 734 1922 per
750 1882 915 1913 dominum
931 1892 1036 1922 regem
1052 1881 1164 1913 Colino

121 1930 228 1961 comiti
254 1931 292 1963 de
316 1931 433 1972 Ergyle
457 1931 492 1962 in
516 1931 608 1962 feodo
631 1941 688 1962 suo
715 1942 815 1972 usque
832 1931 872 1962 ad
888 1934 1006 1962 etatem
1022 1931 1165 1971 ejusdem

121 1979 301 2019 quindecim
317 1991 481 2017 annorum,
497 1983 533 2011 ut
555 1983 644 2020 patet
659 1990 716 2021 per
741 1980 851 2011 literas
871 1980 992 2011 domini
1008 1981 1089 2021 regis
1105 1981 1165 2011 sub

121 2028 244 2068 privato
267 2029 344 2061 alias
369 2033 511 2060 ostensas
528 2039 623 2069 super
645 2032 843 2069 computum,
859 2029 898 2059 de
915 2039 998 2059 anno
1015 2029 1166 2069 computi,

122 2077 156 2108 xl
169 2077 201 2108 fi.
246 2078 288 2109 Et
313 2089 369 2119 per
396 2078 591 2110 solucionem
616 2078 734 2109 factam
767 2078 945 2109 Cuthberto
977 2078 1100 2109 Colevil
1127 2079 1165 2109 de

121 2126 220 2158 firmis
235 2130 390 2158 terrarum
407 2128 445 2158 de
463 2128 654 2159 Drumcorse
671 2127 731 2158 sibi
755 2127 912 2159 concessis
928 2138 984 2168 per
999 2127 1166 2158 dominum

122 2185 225 2217 regem
255 2187 356 2219 usque
377 2177 496 2208 dictam
519 2180 646 2214 etatem,
683 2181 721 2207 ut
750 2180 839 2217 patet
876 2187 932 2218 per
961 2177 1069 2208 literas
1107 2177 1166 2208 sub

123 2225 245 2266 privato
261 2237 344 2258 anno
359 2227 551 2268 precedente
569 2226 628 2258 hoc
644 2230 830 2267 computum
855 2226 888 2257 in
904 2226 1007 2257 rotulo
1024 2226 1165 2266 ejusdem
