1551 2462
126 293 215 321 1466.
434 287 595 320 REGUM
620 287 866 320 SCOTORUM.
1113 280 1173 318 385

122 382 329 424 Kyneardyn,
345 382 556 423 [Linlitlcyozm
571 383 593 413 5
608 380 688 422 Jzaly
703 382 797 419 1466,
809 382 898 422 from
915 384 1002 421 mztry
1018 391 1057 411 on
1073 381 1149 422 qffice
1162 392 1174 418 ;

123 434 145 464 52
160 432 274 473 terma]

168 482 258 514 Idem
282 483 390 513 onerat
413 491 446 512 se
470 481 503 511 in
520 480 631 521 primis
654 480 693 511 de
718 480 761 521 xij
787 480 818 511 fi.
844 480 882 511 de
898 480 999 511 firmis
1015 482 1172 510 terrarum

124 533 163 564 de
193 531 414 572 Balbegenoeh
459 531 543 561 infra
591 530 780 571 thanagium
818 530 857 561 de
895 530 1096 571 Kyncardyn
1135 529 1174 560 (18

125 583 247 614 duobus
276 581 422 613 terminis
446 580 543 621 hujus
570 580 721 621 computi.
767 580 810 610 Et
837 580 876 611 de
904 580 934 620 vj
952 580 984 610 fi.
1011 580 1049 610 de
1074 579 1174 610 firmis

124 635 279 663 terrarum
303 631 341 662 de
365 630 556 662 Ballernooh
580 630 618 661 de
641 630 762 661 eisdem
785 630 936 671 thanagio
964 633 996 661 et
1020 630 1173 660 terminis.

124 682 168 713 Et
182 681 220 713 de
232 692 253 712 x
265 681 296 712 11.
308 681 347 712 (18
359 681 457 712 firmis
470 684 553 712 terre
570 680 608 712 de
621 680 845 711 Thanestoune
861 680 901 711 de
917 680 1011 711 dietis
1025 679 1175 720 thanagio

125 735 157 763 et
171 731 324 763 terminis.
369 732 412 762 Et
435 731 474 762 de
496 731 528 771 vj
546 730 577 761 fi.
603 730 642 761 de
663 730 827 770 Fothdray
843 730 882 761 de
905 729 999 760 dietis
1020 729 1174 761 terminis.

124 782 167 812 Et
190 781 229 812 de
252 781 283 821 vj
301 780 333 812 li.
359 781 398 812 de
424 780 631 811 Balnakedffl
656 780 695 811 de
723 779 845 811 eisdem
871 779 1024 811 terminis.
1070 780 1113 810 Et
1136 779 1175 810 de

124 830 170 871 Iiij
188 834 211 862 8.
229 830 275 871 iiij
294 830 322 861 d.
340 830 379 861 de
394 830 495 861 firmis
517 833 599 861 terre
615 830 654 861 de
678 829 848 860 Bordland.
894 830 936 860 Et
952 830 991 861 de
1013 840 1080 860 xxx
1096 833 1118 860 8.
1136 829 1175 860 (18

125 880 226 911 firmis
251 879 290 910 de
317 879 550 911 Fasdalwaehe.
596 879 640 910 Et
667 879 706 911 de
729 881 796 910 XXX
813 883 835 909 8.
854 879 892 910 (18
908 879 1007 910 firmis
1023 879 1062 910 (18
1078 879 1175 920 Wys-

61 967 65 970 .
125 932 323 960 manstoune.
369 930 411 960 Et
428 929 467 960 de
484 929 550 969 xlvj
569 933 591 960 8.
610 929 665 969 viij
684 928 713 960 (1.
738 928 777 959 (18
792 929 892 960 firmis
916 929 955 960 de
970 929 1120 960 Acharne
1136 929 1176 959 de

125 978 209 1010 dicto
226 990 316 1010 anno.
362 980 405 1010 Et
417 979 455 1010 de
471 979 506 1009 xl
521 983 545 1010 8.
563 979 601 1010 (18
618 979 717 1010 firmis
733 982 891 1009 terrarum
907 979 946 1010 de
962 979 1038 1009 Twa
1053 979 1175 1010 Parkis.

60 1043 63 1045 ·
125 1029 168 1059 Et
183 1029 222 1060 de
234 1040 255 1060 v
273 1034 294 1060 8.
312 1033 395 1060 terre
411 1029 450 1060 de
467 1028 647 1060 Pariseroft.
693 1028 736 1058 Et
751 1028 790 1059 de
814 1039 857 1058 xx
874 1032 896 1059 8.
913 1032 995 1059 terre
1011 1028 1050 1059 de
1066 1028 1176 1059 Mure-

125 1082 231 1110 toune.
279 1079 322 1109 Et
345 1079 384 1110 de
408 1090 428 1109 x
443 1078 476 1110 fi.
502 1079 541 1110 de
568 1078 668 1109 firmis
698 1081 781 1109 terre
808 1078 847 1109 de
871 1078 1113 1119 Balnaknewyn
1137 1078 1176 1109 de

125 1128 219 1159 dictis
236 1129 388 1159 terminis.
434 1128 477 1159 Et
500 1128 539 1159 (18
563 1139 584 1158 x
600 1128 631 1158 Η.
656 1128 695 1158 (18
718 1127 818 1158 firmis
841 1128 1017 1159 molendini
1033 1128 1176 1167 ejusdem

125 1177 164 1208 de
181 1177 274 1208 dietis
291 1177 442 1208 terminis.
488 1177 530 1208 Et
546 1177 585 1208 de
601 1187 621 1208 v
637 1177 669 1208 fi.
686 1177 724 1207 de
741 1177 840 1208 firmis
863 1180 945 1208 terre
962 1177 1000 1208 de
1017 1178 1176 1218 Petgarvy

125 1237 199 1258 cum
215 1227 430 1267 pertinenciis,
444 1236 505 1267 que
522 1229 599 1257 sunt
615 1226 692 1257 dicti
709 1226 853 1267 thanagii
869 1231 901 1258 et
924 1227 962 1258 (18
983 1228 1176 1268 proprietate

125 1276 247 1307 domini
277 1276 368 1317 regis,
392 1276 430 1307 de
461 1276 580 1307 eisdem
612 1276 764 1307 terminis,
825 1277 867 1307 Et
895 1277 933 1308 de
964 1287 1008 1307 xx
1025 1281 1048 1308 8.
1077 1277 1177 1308 annui

125 1326 268 1357 redditus
292 1329 445 1357 terrarum
472 1325 510 1356 de
534 1325 694 1356 Kirtoune
718 1325 757 1356 (18
780 1325 978 1357 Abirlnthno
1002 1327 1040 1357 (18
1057 1327 1177 1357 818(18111

125 1375 270 1407 terminis
286 1379 319 1406 et
334 1375 492 1416 thanagio.
541 1375 672 1405 Summa
684 1374 780 1414 hujus
797 1375 909 1413 oneris,
924 1375 1027 1416 lxxvij
1045 1376 1076 1406 fi.
1094 1386 1115 1406 v
1131 1380 1152 1407 8.

169 1426 316 1466 Expense
335 1424 484 1465 ejusdem.
531 1424 570 1454 In
598 1424 718 1465 primis,
739 1424 872 1456 allocate
899 1426 1099 1466 eomputanti
1121 1436 1177 1467 per

127 1475 320 1506 solucionem
335 1475 455 1506 factam
478 1474 613 1505 Hectori
636 1474 808 1511 Meldrum,
830 1475 996 1516 clavigero,
1011 1486 1068 1516 pro
1085 1476 1177 1507 feodo

127 1534 184 1556 8118
207 1525 245 1556 (18
270 1525 355 1555 dieto
378 1524 539 1565 thanagio,
563 1524 601 1554 (18
626 1534 709 1554 anno
733 1525 876 1566 computi
899 1529 931 1556 et
955 1526 1014 1556 sub
1035 1525 1176 1566 periculo

127 1574 350 1615 computantis,
375 1585 396 1604 x
419 1574 452 1605 ri.
497 1574 539 1604 Et
562 1573 674 1610 eidem,
691 1584 729 1604 ex
756 1574 860 1615 gracia
885 1574 1007 1605 domini
1035 1575 1115 1615 regis
1141 1575 1176 1606 in

127 1623 218 1655 feodo
234 1634 290 1655 suo
307 1623 345 1655 de
367 1623 477 1655 eodem
494 1623 653 1664 thanagio,
678 1624 732 1664 xvj
755 1627 778 1654 8.
825 1624 867 1654 Et
880 1625 990 1661 eidem,
1007 1625 1045 1656 de
1069 1635 1176 1656 annuo

34 1714 37 1715 ⁷
57 1715 59 1718 ι
127 1673 252 1704 redditu
269 1683 365 1714 quem
381 1673 533 1704 clamavit
549 1673 708 1704 Robertus
732 1673 951 1714 Levingstoun
968 1674 1007 1705 de
1023 1675 1176 1715 Drumry,

3 1718 5 1729 ¹
20 1726 51 1751 *i
71 1747 73 1749 .
130 1723 231 1760 miles,
247 1723 286 1754 de
302 1723 386 1754 dioto
403 1722 561 1764 thanagio,
578 1722 618 1753 de
641 1723 744 1763 primo
760 1723 896 1754 termino
913 1723 1009 1764 hujus
1026 1725 1177 1765 computi,

129 1783 149 1803 x
164 1772 196 1804 fi.
234 1773 293 1814 [To
311 1773 518 1814 Comptroller,
534 1773 618 1804 sssso.
660 1773 701 1803 To
717 1773 786 1814 cZ0.],
803 1773 835 1804 in
848 1773 939 1805 feodo
952 1775 1177 1815 computantis,

129 1821 213 1853 dicto
242 1822 415 1853 rotulatore
442 1822 563 1853 fatente
589 1825 753 1863 receptum
782 1833 877 1864 super
906 1828 1102 1864 computum,
1132 1834 1177 1855 xx
1192 1833 1355 1862 Respondebit

127 1870 169 1908 fi„
187 1881 244 1912 pro
268 1872 384 1915 quibus
406 1871 618 1912 respondebit.
666 1872 798 1903 Summa
821 1883 1041 1913 expensarum,
1065 1873 1122 1904 lxx
1145 1873 1176 1905 fi.
1192 1863 1353 1892 Culquhoneu

1191 1900 1202 1915 r
1219 1894 1316 1916 tulator.

129 1920 182 1961 xvj
199 1925 222 1952 8.
267 1922 310 1952 Et
334 1921 379 1952 818
395 1924 516 1952 restant
534 1921 587 1962 xvj
605 1921 636 1952 11.
656 1921 688 1952 ix
704 1925 726 1953 8.
1204 1900 1217 1916 o
1252 1935 1296 1957 Do.

173 2025 368 2067 Computum
385 2026 490 2058 Colini
507 2027 632 2059 comitis
656 2027 695 2058 de
719 2027 835 2069 Ergile,
851 2028 964 2059 ballivi
980 2029 1019 2060 (18
1043 2029 1177 2067 Cowale,
1193 2033 1325 2066 Cowale.

131 2075 340 2117 [Linlithyozffl
356 2078 399 2108 29
415 2077 499 2107 June
514 2078 611 2115 1466,
620 2077 710 2117 from
725 2078 769 2115 14
785 2079 911 2118 Auqust
928 2079 1021 2116 1465.

176 2125 300 2165 Charye.
345 2126 491 2163 Arrmrs,
507 2127 602 2157 ,3181
620 2127 661 2157 63.
679 2126 790 2169 117381]

174 2174 267 2212 Item,
282 2174 367 2206 idem
384 2179 494 2206 onerat
509 2186 542 2207 88
565 2176 603 2207 (18
626 2176 704 2217 xviij
723 2176 755 2208 fi.
777 2177 815 2207 de
840 2177 937 2208 firmis
961 2180 1115 2209 terrarum
1140 2179 1178 2210 de

134 2223 293 2255 Dunnone
323 2224 362 2255 de
393 2225 518 2256 duobus
557 2226 702 2257 terminis
738 2226 833 2267 hujus
864 2227 1015 2268 computi.
1060 2228 1102 2259 Et
1140 2229 1178 2260 (18

177 2280 245 2304 voL.
262 2281 316 2304 vn.
994 2278 1012 2308 2
1030 2285 1049 2307 8
