1551 2462
162 274 251 302 1464.
470 270 631 302 REGUM
655 270 902 303 SOOTORUM.
1146 273 1206 301 255

154 365 270 407 j‘xxvij
288 365 319 397 h'.
335 365 379 407 vij
396 370 419 397 ἔ.
464 366 507 397 Et
522 365 567 397 sic
582 367 705 396 restant
728 365 797 405 xliij
814 364 846 395 11.
857 364 888 405 vj
907 369 929 396 Ξ,
948 363 1002 405 viij
1027 364 1055 395 d.
1069 364 1082 405 j
1101 364 1207 396 celdra

158 415 238 446 ordii
250 416 263 456 j
281 416 385 447 celdra
400 425 572 447 avenarum
587 415 621 456 iij
640 415 724 446 bolle
736 415 749 456 j
775 415 887 446 ferlota
911 425 984 446 cum
1001 415 1098 446 tercia
1114 418 1205 455 parte

157 464 269 496 ferlote
294 465 410 497 {atrine
435 465 605 497 avenatiee.
644 465 694 496 De
710 465 835 505 quibus,
851 464 985 495 allocate
1001 464 1201 505 computanti

156 525 212 555 per
233 514 458 546 liberacionem
480 515 598 546 factam
621 514 734 546 Colino
750 513 857 545 comiti
883 514 921 545 de
938 514 1044 555 Ergile
1060 514 1094 544 in
1110 514 1203 545 feodo

156 574 222 602 suo,
236 564 426 605 percipienti
441 575 482 596 ex
495 564 600 605 gracia
623 563 744 595 domini
761 563 843 604 regis
865 573 966 604 usque
982 566 1101 594 etatem
1117 563 1199 603 ejus—

155 613 227 645 dem
244 614 284 645 ad
294 614 475 655 quindecim
488 624 595 651 annos,
606 613 795 654 percipienti
807 613 976 644 annuatim
992 613 1203 654 quadraginta

154 663 251 694 libras
266 663 305 695 de
320 664 419 695 firmis
442 667 597 695 terrarum
624 663 663 694 de
680 663 812 694 Kirkhil
828 666 861 694 et
883 663 913 694 le
929 662 1021 694 VVest
1037 662 1155 703 Manys
1172 666 1204 693 et

154 713 230 744 ville
245 712 284 745 de
301 713 499 750 Houstoune,
514 717 551 744 ut
574 716 662 754 patet
685 723 741 754 per
765 713 872 744 literas
896 712 1018 743 domini
1040 713 1123 753 regis
1139 712 1198 743 sub

152 762 277 803 privato
293 766 434 794 ostensas
444 773 538 804 super
554 766 749 804 computum,
759 763 828 804 ipso
845 763 945 794 eciam
958 763 1079 793 fatente
1095 772 1202 803 recep-

151 815 221 843 tum
244 823 340 853 super
362 816 548 854 computum
572 813 612 844 de
632 813 768 844 termino
789 812 1015 843 Penthecostes
1042 812 1126 842 infra
1141 812 1201 842 1108

152 865 345 902 computum,
369 873 414 893 xx
427 862 459 894 fi.
505 863 548 893 Et
570 862 771 903 computanti
796 872 861 903 pror
877 861 968 893 feodo
991 872 1058 899 suo,
1081 862 1157 902 xxvj
1176 866 1198 893 ἕ.

152 911 207 952 viij
239 911 267 942 d.
313 912 446 943 Summa
467 912 564 953 hujus
588 922 735 953 expense,
765 912 819 952 xxj
844 911 875 942 ri.
893 911 924 952 vj
949 915 972 942 ἕ.
989 911 1045 952 viij
1077 911 1105 942 d.
1152 912 1195 943 Et

152 961 197 992 sic
213 965 334 993 restant
349 962 417 1002 xxij
433 962 475 999 fi„
491 962 622 994 ordeum
639 964 671 993 et
687 971 794 993 avene.

195 1061 390 1103 Computum
411 1061 570 1093 Johannis
593 1061 633 1093 de
659 1061 813 1100 Moravia,
837 1060 1009 1102 receptoris
1033 1061 1197 1092 firmarum
1218 1060 1410 1093 Stratherne.

150 1111 189 1142 de
213 1111 418 1149 Straitherne,
435 1112 552 1153 [sto-th,
568 1112 610 1142 2⁹3
625 1111 709 1142 June
730 1112 824 1149 1464,
832 1111 922 1152 from
938 1111 981 1142 20
1005 1111 1084 1151 Jaly
1108 1111 1196 1149 1463

151 1164 180 1192 to
196 1161 389 1192 Martinmas
404 1161 490 1199 1464
505 1161 652 1192 inclusive
662 1172 674 1199 ;
698 1161 718 1191 1
735 1163 821 1191 term.

196 1212 320 1253 Olmrqe.
364 1212 510 1250 Arrears,
539 1213 616 1243 {968
646 1213 686 1244 63.
718 1212 782 1253 802]
851 1212 944 1249 Item,
973 1211 1060 1243 idem
1086 1215 1197 1244 onerat

151 1272 184 1293 se
214 1262 254 1293 de
283 1262 329 1303 iiij
360 1261 393 1294 fi.
423 1262 479 1303 viij
511 1262 605 1293 bouis
634 1261 732 1293 brasii
763 1262 801 1293 de
839 1262 938 1293 firmis
971 1265 1126 1293 terrarum
1158 1263 1197 1294 de

150 1311 422 1353 Drumquhargan
470 1312 548 1343 dicti
600 1311 770 1345 comitatus
815 1311 855 1342 de
909 1311 1106 1343 Straitherne
1160 1312 1199 1343 de

149 1364 234 1395 dicto
265 1364 401 1395 termino
425 1363 534 1394 Sancti
563 1363 700 1394 Martini
722 1363 807 1394 infra
831 1363 890 1394 hoc
915 1367 1109 1404 computum.
1155 1364 1198 1395 Et

150 1413 189 1444 de
206 1413 262 1453 xiij
279 1417 301 1444 ἔ.
317 1413 364 1454 iiij
381 1413 410 1444 d.
427 1412 466 1444 (18
481 1413 581 1444 firmis
596 1416 752 1443 terrarum
776 1412 814 1443 de
836 1412 1012 1443 Blakfurde
1030 1412 1068 1443 (18
1084 1413 1196 1444 eodem

149 1463 293 1494 termino.
338 1462 381 1494 Et
396 1462 462 1494 del
478 1466 500 1493 ἔ.
517 1461 557 1493 (18
572 1462 671 1492 firmis
694 1464 850 1492 terrarum
874 1461 913 1492 de
936 1461 1108 1503 Culquhre.
1154 1463 1197 1493 Et

149 1512 188 1544 de
203 1511 215 1543 1
231 1516 253 1544 ἓ.
270 1514 353 1543 terre
376 1511 414 1543 de
438 1511 659 1543 Culcrannich.
704 1511 747 1542 Et
762 1511 801 1542 de
822 1511 833 1541 l
850 1515 873 1543 ἓ.
897 1510 936 1542 (18
953 1511 1104 1553 Galubeg.
1151 1512 1194 1543 Et

149 1561 188 1594 de
203 1561 216 1593 1
231 1566 253 1594 ἓ.
270 1561 309 1593 (18
324 1561 512 1593 Gallamore.
558 1561 601 1592 Et
624 1561 663 1592 (18
678 1560 691 1592 1
713 1565 736 1592 ἔ,
754 1561 793 1592 (18
817 1561 936 1592 Dowel.
982 1561 1025 1592 Et
1045 1561 1084 1592 de
1100 1561 1156 1592 xlv
1173 1567 1195 1593 ἔ.

148 1611 188 1643 (18
214 1611 413 1643 Bordelande
432 1611 471 1643 de
497 1611 631 1642 Ballach
655 1621 729 1642 cum
755 1611 785 1642 18
812 1610 878 1641 Η11.
925 1611 967 1642 Et
990 1611 1029 1642 de
1051 1611 1086 1642 lv
1109 1616 1131 1643 Ξ.
1156 1612 1196 1643 (18

151 1660 385 1705 Qunsstbalach.
430 1661 473 1692 Et
489 1661 527 1693 de
543 1671 588 1691 xx
603 1665 625 1692 ἔ.
650 1660 689 1692 (18
713 1660 922 1701 Culquhatty.
968 1661 1011 1691 Et
1033 1661 1073 1692 de
1088 1661 1101 1692 l
1117 1666 1139 1693 Ξ.
1157 1662 1196 1693 (18

149 1710 308 1742 Blaurore.
354 1711 397 1742 Et
417 1710 456 1742 de
471 1711 518 1752 iiij
535 1710 566 1742 11.
584 1710 623 1742 (18
645 1710 767 1741 Westir
789 1714 821 1741 et
837 1710 924 1741 Estir
940 1710 1106 1742 Lochlaue.
1152 1712 1195 1742 Et

150 1759 189 1791 de
203 1760 249 1800 iiij
266 1759 297 1791 fi.
315 1760 354 1791 de
370 1760 513 1801 Trewyn.
558 1760 601 1790 Et
625 1759 664 1791 de
679 1759 691 1790 1
707 1764 729 1791 Ξ.
747 1759 786 1790 (18
809 1759 1047 1801 Glenlicheryn.
1093 1760 1135 1791 Et
1157 1761 1196 1792 de

149 1809 181 1850 vj
197 1808 230 1840 h:
246 1809 285 1841 de
301 1809 481 1847 Glenoarse.
496 1809 652 1846 Lenoach,
667 1809 875 1849 Drumtarvy,
897 1812 929 1840 et
945 1809 1107 1851 Glascory.
1153 1810 1196 1841 Et

149 2005 188 2037 de
204 2006 274 2038 aliis
291 2006 414 2038 duabus
437 2007 582 2048 partibus
605 2007 784 2038 earundem.
830 2008 871 2038 Et
893 2007 931 2038 de
954 2006 966 2037 1
982 2011 1004 2038 ἔ.
1022 2007 1061 2038 (18
1077 2007 1195 2038 Drum-

148 2055 358 2087 maneirnoch.
404 2056 447 2087 Et
469 2056 508 2087 de
531 2056 565 2097 iij
583 2056 614 2087 11.
639 2057 678 2087 (18
699 2057 853 2087 Farneass
873 2066 946 2087 cum
969 2056 1194 2097 Dalnyskeith.

148 2104 191 2136 Et
206 2104 244 2136 de
260 2105 293 2146 iij
310 2105 342 2136 fi.
360 2104 398 2137 de
414 2106 616 2147 Dalganross.
663 2106 705 2137 Et
721 2106 760 2137 de
782 2107 858 2147 xxvj
877 2110 900 2137 Ξ.
920 2106 974 2146 viij
992 2105 1020 2137 d.
1038 2106 1076 2137 de
1094 2106 1194 2137 Coldo
1254 2109 1256 2111 ’

157 2155 242 2196 Lytil
258 2165 331 2186 cum
346 2158 436 2196 prato
449 2155 600 2196 ejusdem.
646 2156 689 2186 Et
699 2156 737 2186 de
748 2156 824 2196 xxvj
843 2159 865 2186 ἔ.
883 2155 939 2196 viij
951 2155 979 2186 d.
997 2155 1036 2186 de
1049 2155 1189 2197 Cragach

149 2204 190 2235 Et
206 2203 245 2236 de
261 2204 306 2245 iiij
323 2204 354 2235 ri:
372 2204 411 2236 de
434 2205 653 2246 Drumquhyn
669 2207 701 2236 et
723 2204 895 2245 Myltoune
914 2215 987 2236 cum
1009 2204 1192 2236 molendino
