1551 2462
434 261 450 289 6
457 261 494 289 36
743 255 908 287 ROTULI
932 254 1169 287 SCACCARII
1390 257 1403 284 l
1410 256 1479 285 469.

432 350 514 382 sario
529 349 690 391 quondam
707 349 827 380 domini
848 349 870 380 J
873 348 1007 380 ohannis
1024 348 1062 379 de
1086 348 1249 384 Invernes,
1265 347 1299 377 in
1314 347 1491 378 luminari-2

433 400 501 437 bus,
517 410 606 441 pane,
630 403 662 430 et
685 399 760 430 vino
785 399 868 430 dicte
892 398 1023 429 ecclesie
1046 397 1085 428 de
1109 397 1212 438 Elgin,
1235 396 1273 427 de
1297 406 1380 427 anno
1396 406 1500 427 com-.

432 449 502 490 puti
520 453 552 480 et
568 449 626 480 sub
644 448 753 480 eodem
769 447 920 489 periculo,
943 447 1020 487 xxvj
1045 451 1068 477 s.
1094 446 1149 487 viij
1166 446 1196 477 d.
1242 446 1283 477 Et
1299 445 1411 482 eidem,
1426 455 1482 486 per

433 499 630 530 solucionem
657 499 774 529 factam
798 497 944 538 episcopo
968 496 1166 527 Moraviensi
1188 505 1245 537 pro
1269 495 1334 526 situ
1361 494 1482 526 molen·
1507 526 1510 529 ,

433 548 502 578 dini
519 548 556 579 de
573 546 820 587 Schirefmyllne
845 546 884 577 de
907 545 1006 576 tercia
1029 544 1068 576 de
1091 544 1226 582 Duffois,
1242 544 1281 576 de
1304 543 1399 575 dictis
1423 547 1513 591 ter-‘3

434 598 539 635 minis,
556 608 621 629 xxx
636 602 660 628 s.
705 597 747 628 Et
771 606 827 637 pro
850 606 958 627 annuo
981 589 1108 626 redditu
1131 593 1192 625 sibi
1209 593 1315 624 debito
1331 593 1370 624 de
1385 592 1484 624 tercia
1507 600 1510 601 ’

434 647 474 678 (16
492 647 616 678 Duffois
634 651 666 677 et
682 646 825 682 Salcotis‚
838 646 875 676 de
893 645 978 675 dicto
989 654 1072 675 anno
1085 647 1117 675 et
1137 644 1196 674 sub
1212 643 1323 674 eodem
1334 642 1484 684 periculo,
1499 636 1511 649 '³

434 746 531 786 Elgin
546 755 603 786 pro
619 744 709 776 feodo
726 754 791 781 suo,
808 744 846 774 de
863 754 945 775 anno
961 742 1104 783 computi
1120 746 1152 773 et
1168 742 1227 773 sub
1243 740 1383 782 periculo
1399 750 1484 772 com-

435 795 589 836 putantis,
605 794 639 824 xl
655 798 676 825 s,
724 794 765 824 Et
780 803 867 824 maro
883 793 922 823 de
939 793 1043 829 Fores,
1059 802 1116 833 pro
1132 792 1224 823 feodo
1247 801 1304 822 suo
1320 790 1359 822 de
1375 790 1486 821 eodem

436 855 528 881 anno,
545 844 621 884 xxvj
639 848 662 874 s.
679 843 734 883 viij
752 843 781 874 d.
827 843 869 873 Et
885 842 997 879 eidem,
1013 853 1069 883 pro
1093 852 1150 873 sex
1172 841 1285 872 martis
1300 840 1394 872 dictis
1410 850 1485 881 ryu-
1499 836 1502 838 ’

436 894 547 925 martis
563 893 647 924 infra
662 893 921 924 vicecomitatum
936 892 976 923 de
991 892 1095 933 Elgin,
1111 901 1174 932 que
1190 890 1312 922 solebat
1328 890 1401 921 dare
1417 893 1487 921 octo

436 948 562 981 martas,
579 943 654 984 quia
677 943 738 973 due
762 952 802 973 ex
825 942 870 973 eis
893 945 970 973 sunt
992 942 1027 972 in
1047 941 1140 972 terris
1164 939 1321 971 concessis
1343 939 1487 978 Johanni

436 994 596 1029 Dunbarr,
613 992 717 1029 militi,
733 1002 789 1032 pro
805 1001 940 1032 quarum
957 990 1099 1032 qualibet
1116 989 1295 1020 allocantur
1310 988 1486 1020 husbandis

437 1043 578 1084 quinque
595 1042 696 1079 soh'di,
713 1042 751 1072 de
774 1042 912 1072 termino
930 1040 1039 1071 Sancti
1064 1039 1200 1070 Martini
1223 1039 1320 1080 hujus
1336 1037 1488 1079 computi,v

437 1103 503 1123 xxx
525 1097 547 1123 ἒ.
593 1092 635 1123 Et
660 1092 772 1128 eidem,
793 1101 850 1132 pro
871 1101 928 1121 sex
951 1089 1138 1120 mutonibus
1161 1089 1239 1119 dicti
1262 1088 1433 1119 comitatus
1455 1087 1506 1120 ct>

437 1142 688 1179 vicecomitatus,
715 1142 845 1182 dempta
867 1140 974 1177 tercia,
997 1149 1054 1180 pro
1078 1148 1215 1180 quorum
1242 1138 1385 1179 quolibet
1411 1137 1486 1169 allo<

438 1195 552 1223 cantur
568 1191 743 1223 husbandis
767 1190 934 1221 duodecim
959 1189 1088 1226 denarii,
1105 1189 1143 1220 de
1167 1188 1279 1220 eodem
1293 1187 1439 1224 termino,
1455 1187 1485 1228 vj
1504 1184 1507 1186 ’

438 1246 461 1273 Ξ.
507 1242 549 1273 Et
572 1241 684 1278 eidem,
708 1250 763 1281 per
786 1239 982 1271 solucionem
1006 1239 1124 1269 factam
1151 1237 1337 1269 Alexandro
1362 1235 1487 1278 Ogilvy,

438 1291 619 1323 vicecomiti
634 1291 673 1321 de
691 1290 828 1326 Forfare,
844 1288 1035 1330 percipienti
1059 1288 1227 1319 annuatim
1250 1290 1315 1318 tres
1336 1286 1434 1318 libras
1448 1285 1488 1318 de

438 1341 588 1381 thanagio
605 1340 644 1371 de
661 1340 790 1376 Kintor,
807 1339 845 1369 de
862 1348 945 1369 anno
960 1337 1104 1378 computi
1120 1340 1153 1368 et
1174 1337 1233 1367 sub
1248 1335 1388 1377 periculo
1405 1345 1487 1367 com·
1504 1331 1506 1333 ’

439 1390 592 1431 putantis,
617 1389 651 1429 iij
676 1388 708 1420 fi.
754 1389 797 1419 Et
821 1388 950 1419 domino
981 1387 1125 1418 Johanni
1153 1386 1280 1428 Ogssvy,
1304 1395 1361 1426 pro
1389 1385 1506 1426 tercia.⁴

439 1439 547 1470 debita
571 1448 685 1479 sponse
712 1448 768 1469 sue
794 1438 832 1468 de
860 1437 1058 1478 piscaria-de
1084 1437 1189 1477 Speya
1215 1436 1254 1467 de
1284 1435 1384 1466 firmis
1410 1433 1488 1466 dicti

439 1488 591 1529 thauagii,
607 1488 646 1519 de
672 1498 756 1518 anno
783 1487 926 1528 computi
951 1490 983 1518 et
1010 1487 1070 1518 sub
1097 1486 1209 1518 eodem
1234 1485 1385 1526 periculo,
1408 1495 1430 1516 x
1454 1484 1488 1517 Π.

440 1539 482 1569 Et
498 1538 609 1575 eidem,
625 1547 682 1578 per
698 1537 915 1569 decidenciam
937 1537 1103 1567 firmarum
1126 1536 1164 1567 de
1181 1535 1381 1576 Balnageith‚
1397 1545 1436 1566 ex
1451 1542 1487 1566 eo

440 1588 526 1629 quod
541 1591 730 1628 computans
747 1587 859 1618 asserit
881 1597 934 1618 eas
951 1586 1089 1617 assedari
1112 1596 1168 1626 pro
1191 1585 1358 1616 duodecim
1374 1583 1493 1616 marcis·

439 1637 516 1669 licet
532 1637 653 1668 rentale
669 1637 831 1667 contineat
847 1635 1089 1677 quatuordecim
1113 1645 1234 1666 marcas
1251 1633 1289 1665 de
1305 1644 1389 1665 anuo
1405 1634 1500 1677 com-J

440 1688 512 1728 puti
535 1687 663 1727 dempta
687 1686 784 1717 tercia
808 1686 847 1717 de
870 1685 990 1717 eisdem
1012 1684 1168 1722 terminis,
1192 1684 1258 1724 xvij
1283 1688 1305 1714 s.
1330 1684 1364 1714 ix
1387 1682 1415 1714 d.
1440 1682 1486 1716 οὔ.

441 1737 484 1768 Et
504 1736 651 1767 similiter
674 1746 730 1776 per
753 1735 970 1767 decidenciam
994 1735 1158 1765 firmarum
1181 1733 1220 1765 de
1244 1732 1399 1770 Mondoil,
1414 1731 1488 1765 licet

441 1786 644 1818 contineatur
681 1786 715 1816 in
752 1785 870 1816 rentali
915 1785 1020 1816 valere
1058 1784 1169 1815 decem
1207 1793 1337 1820 marcas,
1382 1785 1489 1819 tamen]

441 1837 529 1878 prius
567 1835 772 1866 assedabatur
809 1845 866 1875 pro
908 1844 964 1865 sex
1001 1834 1100 1871 libris,
1138 1834 1267 1874 dempta
1312 1832 1410 1864 tercia
1449 1827 1496 1863 dos

441 1886 552 1917 eodem
582 1894 674 1922 anno,
705 1884 760 1925 viij
789 1888 810 1915 s.
837 1895 858 1914 x
885 1884 913 1914 d.
942 1884 989 1914 ob.
1035 1883 1077 1914 Et
1104 1883 1228 1914 duobus
1255 1881 1426 1914 forestariis
1449 1880 1487 1912 de

440 1936 604 1975 Ternway,
624 1944 680 1974 pro
707 1933 808 1965 feodis
831 1934 897 1965 suis
921 1934 959 1965 de
984 1944 1067 1964 anno
1091 1932 1241 1973 computi,
1263 1932 1310 1973 liij
1339 1935 1361 1963 Ξ.
1385 1931 1430 1972 iiij
1455 1928 1487 1962 ἃ.

440 1986 484 2017 Et
506 1984 670 2025 capellano
697 1984 792 2015 castri
823 1984 861 2015 de
891 1983 1006 2015 Avach
1036 1987 1068 2014 et
1094 1982 1278 2017 Eddirdule.
1301 1977 1487 2022 percipienti

440 2034 608 2066 annuatim
623 2033 765 2073 quinque
781 2032 878 2064 libras
894 2043 934 2063 ex
949 2032 1140 2063 fundacione
1164 2031 1305 2072 antiqua,
1329 2030 1367 2061 de
1386 2029 1493 2071 primo*

441 2083 578 2114 termino
601 2082 697 2122 hujus
728 2082 878 2123 computi,
900 2082 912 2113 1
935 2086 958 2113 ἔ.
1004 2082 1046 2112 Et
1069 2081 1233 2122 capellano
1256 2077 1429 2112 celebranti
1452 2077 1501 2109 iu*

442 2133 575 2164 ecclesia
597 2133 682 2164 beati
705 2132 847 2163 Duthaci
875 2132 913 2163 de
944 2131 1057 2173 Thayn
1084 2130 1217 2162 fundato
1244 2140 1301 2171 per
1323 2125 1496 2160 dominum<

442 2192 548 2223 regem
578 2181 661 2213 clare
692 2182 841 2213 memorie
868 2182 1026 2213 Jacobum
1053 2180 1229 2212 secundum
1260 2179 1298 2211 de
1328 2178 1421 2210 terris
1445 2175 1483 2209 de
