1551 2462
0 196 13 222 1ss

148 278 237 307 1465.
462 275 623 308 REGUM
646 275 891 308 SCOTORUM.
1136 281 1197 309 353

145 368 229 400 bolle
259 372 396 410 quatuor
420 369 544 400 denarii
566 369 695 401 allocati
724 369 901 401 husbandis
931 370 965 401 in
989 371 1054 402 suis
1086 371 1196 408 firmis,

146 419 184 450 de
199 420 336 450 termino
353 419 463 450 Sancti
480 419 616 450 Martini
631 420 716 450 infra
731 419 792 450 hoc
808 423 1005 460 computum,
1022 421 1067 460 xij
1086 425 1108 451 s.
1125 421 1147 461 ij
1165 421 1194 452 d.
1209 445 1274 467 Nota
1284 445 1381 468 manda-

145 469 188 500 Et
210 473 346 510 quatuor
367 470 465 500 maris
489 469 527 500 de
550 469 648 506 Marr,
665 479 721 510 pro
737 469 838 500 feodis
861 470 928 500 suis
951 469 990 501 de
1013 470 1116 501 tribus
1133 474 1195 501 ter·
1208 475 1269 497 tum-

144 519 240 549 minis
255 519 352 559 hujus
368 519 519 559 computi,
536 519 566 559 vj
584 518 626 556 fi„
643 522 675 550 et
700 519 872 549 mandatur
892 519 1094 560 computanti
1111 519 1196 560 quod

144 568 281 609 amplius
296 578 361 599 non
377 568 480 599 solvat
495 568 558 599 nisi
573 579 637 599 uno
661 569 806 609 serjando
822 569 857 599 in
878 569 964 600 dicto
981 569 1146 606 comitatu,
1164 572 1196 600 et

145 618 247 649 solvat
257 618 319 649 sibi
334 618 397 649 nisi
408 618 524 659 viginti
539 618 660 649 solidos
672 619 706 649 in
722 629 815 650 anno.
853 619 895 649 En
911 619 1024 656 eidem,
1041 618 1079 650 de
1096 618 1196 649 firmis

143 671 298 699 terrarum
314 668 353 699 de
371 668 536 699 Sonahard
559 668 594 698 in
617 668 768 699 manibus
792 668 1009 708 computantis
1036 679 1076 699 ex
1093 668 1196 699 causis

145 718 335 758 expressatis
362 718 397 748 in
421 718 534 749 rotulis
565 718 820 759 precedentibus,
847 718 886 749 de
916 718 1020 749 tribus
1046 718 1196 749 terminis

146 766 244 807 hujus
275 767 426 808 computi,
449 767 493 808 xij
520 767 553 798 fi.
614 768 657 798 Et
683 767 796 804 eidem,
823 770 953 808 propter
980 767 1196 798 decidenciam

145 816 309 848 firmarum
336 817 375 848 de
398 817 576 858 Donydure
601 817 635 847 in
662 817 816 848 comitatu
839 817 879 848 de
902 817 1094 853 Garviauch,
1122 827 1195 848 cum

146 867 262 907 quibus
286 870 475 908 computans
502 867 648 908 superius
673 870 829 903 oneratur,
853 867 891 898 de
920 867 1024 898 tribus
1048 867 1194 898 terminis

145 916 241 957 hujus
265 917 417 958 computi,
433 916 467 957 iij
485 916 516 947 Ti.
533 917 580 957 vij
605 921 627 947 s.
645 917 676 957 vj
699 916 738 953 ἃ,
757 917 812 948 sed
839 926 926 947 nunc
946 917 1134 948 assedantur
1154 916 1194 948 ad

144 965 273 1006 plenam
282 967 415 997 firmam.
461 966 504 996 Et
519 976 576 1006 per
592 966 790 996 consimilem
806 965 1022 997 decideneiam
1037 969 1194 997 terrarum

144 1015 183 1046 de
206 1015 438 1046 Knokinbarde
462 1015 496 1046 in
518 1015 604 1046 dicto
628 1016 781 1046 comitatu
806 1015 845 1046 de
868 1015 961 1046 dictis
978 1015 1133 1052 terminis,
1154 1025 1194 1046 ex

144 1074 180 1095 eo
207 1065 294 1106 quod
315 1075 379 1096 non
402 1064 631 1096 assedabantur
651 1064 691 1095 ad
714 1064 842 1105 plenam
858 1064 991 1101 firmam,
1006 1064 1081 1095 licet
1107 1075 1194 1096 nunc

145 1115 342 1151 assedantur,
357 1117 395 1145 ut
410 1117 500 1155 patet
515 1114 549 1145 in
565 1113 681 1145 rentali
697 1114 848 1154 ejusdem,
860 1124 902 1144 xv
919 1118 941 1145 s.
980 1114 1022 1144 Et
1037 1124 1094 1154 per
1109 1114 1193 1145 solu-

147 1164 271 1195 cionem
295 1163 414 1195 factam
445 1163 585 1194 Patricio
610 1163 702 1200 Blak,
725 1163 932 1204 carpentario,
947 1173 1004 1205 pro
1030 1163 1194 1195 dolacione

145 1217 301 1245 certorum
319 1213 480 1254 lignorum
496 1213 656 1244 dictorum
676 1213 767 1254 jestis
784 1224 840 1254 pro
856 1213 1056 1254 reparacione
1073 1213 1194 1254 capelle

144 1262 183 1293 de
214 1262 419 1303 Kymhumy,
448 1262 481 1292 in
510 1266 634 1303 partem
664 1262 835 1293 solucionis
865 1262 1017 1303 stipendii
1052 1263 1110 1299 sui,
1134 1263 1193 1293 sub

143 1312 285 1353 periculo
309 1312 533 1352 computantis,
559 1311 615 1342 xlv
642 1315 665 1343 s.
710 1312 753 1342 Et
779 1322 836 1352 pro
857 1312 1052 1343 solucionem
1075 1312 1193 1343 factam

143 1361 308 1392 Fratribus
336 1361 452 1392 Sancte
473 1361 640 1392 Trinitatis
665 1361 704 1392 de
735 1361 912 1398 Aberdene,
942 1362 1193 1402 percipientibus

145 1411 312 1442 annuatim
329 1410 439 1441 decem
455 1420 577 1441 marcas
590 1410 690 1441 annui
702 1410 846 1441 redditus
861 1414 945 1442 terre
962 1411 1001 1447 de
1016 1411 1194 1443 Westoune

143 1460 178 1492 in
206 1460 360 1497 Cromarr,
387 1459 425 1490 de
448 1459 594 1491 terminis
620 1459 717 1500 hujus
745 1460 887 1500 computi
912 1463 944 1490 et
968 1460 1028 1491 sub
1052 1460 1193 1501 periculo

144 1509 368 1551 computantis,
378 1520 398 1540 x
411 1508 444 1541 fi.
488 1509 531 1539 Et
543 1508 672 1539 domino
686 1508 835 1539 Gordoun
841 1519 866 1546 e,
879 1509 1004 1540 custodi
1017 1513 1193 1540 castrorum

0 1017 33 1550 ⁸÷··Q·1.52}5³÷-w4vanai-''Q'ssZWss‘TF--k'·[11*
6 997 26 1006 ⁴:
0 873 29 983 ⁴J‘·,'V“.⁷.''
0 788 25 846 „w
0 675 3 678 ’
0 631 27 640 ζ’
0 604 10 617 ·’
0 468 25 531 ἢ
0 424 13 451 *s*

2 1550 34 1604 Ξζ
145 1559 183 1590 de
206 1559 402 1600 Kyndrumy
432 1561 465 1589 et
487 1558 688 1599 Kyndrocht,
704 1568 761 1598 pro
787 1558 931 1589 custodia
957 1559 1131 1590 eorundem
1155 1559 1194 1590 de

0 1603 38 1651 ξιξ
146 1608 255 1640 firmis
270 1612 427 1640 terrarum
454 1607 695 1639 dominicalium
720 1607 759 1638 de
785 1607 987 1648 Kyndrocht,
1013 1619 1035 1639 x
1065 1608 1098 1640 fi.
1151 1609 1195 1639 Et

0 1647 46 1704 53¹.
147 1658 251 1689 eidem
280 1658 410 1689 domino
442 1657 612 1688 Gordoune
649 1667 706 1698 pro
737 1657 882 1688 custodia
918 1657 997 1688 dicti
1027 1658 1123 1689 castri
1154 1658 1194 1689 de

0 1704 40 1751 ἲ
147 1707 343 1749 Kyndrumy
368 1708 407 1738 de
431 1707 532 1738 firmis
563 1710 718 1738 terrarum
741 1707 982 1738 dominicalium
1012 1708 1051 1739 de
1079 1708 1194 1750 Migvy

0 1752 29 1797 'J‘-
51 1762 53 1764 '
145 1761 177 1788 et
206 1757 412 1798 Kyndrumy,
435 1756 474 1788 de
507 1757 600 1788 dictis
624 1757 778 1794 terminis,
808 1767 876 1788 xxx
905 1757 936 1788 Ti.
982 1757 1025 1789 Et
1062 1768 1192 1799 compu—

1 1802 35 1851 ζ
144 1807 235 1844 tanti,
260 1807 299 1838 de
323 1807 423 1838 firmis
451 1810 534 1838 terre
559 1807 598 1838 de
630 1806 833 1838 Camboskist
857 1810 986 1848 propter
1008 1808 1192 1838 vastitatem

8 1854 36 1891 Ῑζ,
144 1855 294 1896 ejusdem,
316 1866 356 1887 ex
379 1866 415 1887 eo
438 1855 523 1896 quod
546 1866 611 1886 non
641 1855 846 1887 assedabatur
868 1866 924 1897 per
957 1859 1084 1897 tempus
1108 1867 1192 1887 com-

143 1905 222 1945 puti,
233 1908 329 1946 prout
344 1905 422 1936 fides
445 1905 529 1936 facta
552 1905 614 1936 fuit
637 1915 693 1946 per
716 1908 963 1946 computantem,
986 1905 1019 1946 iij
1045 1905 1077 1937 fi.
1101 1916 1144 1936 xv
1168 1910 1192 1937 s.

144 1955 186 1986 Et
215 1955 326 1992 eidem,
356 1955 395 1986 de
418 1955 518 1986 firmis
548 1958 704 1986 terrarum
728 1955 766 1985 de
794 1955 1012 1995 Inverrynyee
1035 1955 1192 1986 concessis

143 2014 182 2035 ex
196 2004 301 2045 gracia
316 2004 437 2035 domini
453 2004 534 2045 regis
559 2004 580 2035 J
581 2003 700 2035 ohanni
717 2003 853 2034 Stewart
874 2013 930 2044 pro
946 2013 1004 2034 sua
1025 2003 1193 2035 voluntate

13 2058 34 2088 ..⁴
144 2053 300 2085 duntaxat
330 2054 492 2091 duratura,
515 2056 738 2094 computorum
761 2052 934 2083 rotulatore
955 2055 1095 2083 testante
1118 2063 1192 2083 con-

144 2102 317 2134 cessionem
326 2113 422 2143 super
437 2106 632 2143 computum,
645 2102 683 2133 de
695 2102 840 2133 terminis
854 2102 1004 2142 computi,
1016 2102 1050 2142 iij
1067 2101 1098 2132 fi.
1112 2112 1156 2132 xv
1168 2106 1191 2133 ἓ.

144 2152 186 2182 Et
215 2152 326 2188 eidem,
355 2162 413 2193 per
442 2152 659 2183 decidenciam
704 2151 868 2182 firmarum
898 2150 937 2181 de
967 2150 1077 2182 Blaloc
1118 2161 1192 2182 cum

142 2201 258 2242 quibus
287 2205 475 2243 computans
505 2201 650 2243 superius
674 2204 831 2239 oneratur,
853 2201 892 2232 de
915 2200 1017 2232 tribus
1047 2200 1192 2233 terminis

184 2258 325 2282 VOL.V11.
1046 2261 1062 2281 z
