1551 2462
326 332 387 360 454
630 327 796 360 RorULr
820 327 1058 360 seAccARH
1290 327 1383 359 1467.
1419 352 1422 355 Α
1473 315 1492 317 ”

323 421 433 453 totalis
461 432 644 460 avenarum,
669 422 713 463 xlj
743 421 848 453 celdre
872 422 904 463 xj
929 421 1015 452 bolle
1038 421 1072 464 iij
1099 421 1220 459 ferlote,
1243 421 1265 462 ij
1294 420 1380 452 bolle

325 473 428 504 farine
444 472 616 504 avenatice.
664 472 796 504 Summa
812 472 996 509 carbonum,
1012 471 1102 512 xxxij
1121 471 1235 502 celdre.

368 523 519 563 Expense
535 522 686 563 ejusdem.
733 523 774 553 In
797 522 918 563 primis,
943 521 1078 552 allocate
1102 521 1304 562 computanti
1325 530 1383 561 per

326 572 523 604 solucionem
540 572 660 603 factam
676 572 805 603 domino
821 571 970 612 episcopo
987 571 1215 602 Sanctiandree
1230 581 1287 613 pro
1303 580 1384 602 cana

327 623 389 654 sibi
415 622 524 653 debita
551 622 589 654 de
620 622 727 663 Cupro
755 622 794 653 ab
819 622 961 663 antiquo,
992 624 1030 652 ut
1056 624 1145 663 patet
1175 622 1211 652 in
1241 621 1384 662 antiquis

326 672 449 710 rotulis,
466 672 505 703 de
521 683 605 703 anno
621 672 765 713 computi
781 674 813 703 et
829 671 889 702 sub
901 665 1043 712 periculo
1060 671 1287 712 computantis,
1297 670 1332 711 iij
1348 669 1383 701 li.

327 722 361 752 ix
374 726 396 753 Ξ.
436 722 478 753 Et
493 722 658 755 Fratribus
671 721 927 754 Predicatoribus
941 721 980 752 de
994 722 1109 762 Cupro,
1119 731 1176 762 per
1186 721 1384 752 solucionem

329 772 448 803 factam
475 771 515 803 ad
539 782 653 803 manus
669 772 814 812 proprias
839 771 877 802 de
900 771 994 802 terris
1018 771 1057 802 de
1074 771 1226 802 Rothulit
1242 771 1281 802 de
1298 770 1384 801 dicto

330 832 414 853 anno
441 824 474 853 et
499 822 559 853 sub
585 821 696 852 eodem
719 821 869 863 periculo,
897 831 917 852 v
932 821 965 852 fi.
1011 821 1053 852 Et
1081 821 1209 852 domino
1237 821 1385 862 episcopo

333 871 565 908 Dunkeldensi,
581 871 773 915 percipienti
795 872 963 907 annuatim
986 875 1125 913 quatuor
1147 881 1270 902 marcas
1286 869 1386 902 annui

330 921 475 953 redditus
492 924 575 952 terre
592 921 630 952 de
647 921 851 966 Urquharde,
861 922 900 952 de
910 921 1035 962 prefato
1052 932 1135 952 anno
1152 924 1183 953 et
1199 921 1259 952 sub
1275 920 1388 952 eodem

330 971 480 1012 periculo,
496 971 543 1012 liij
562 975 584 1002 ἔ.
602 971 648 1011 iiij
666 970 696 1002 d.
735 971 778 1002 Et
790 970 975 1002 Alexandro
985 971 1126 1012 Ramsay
1139 971 1177 1002 de
1193 970 1387 1007 Brakmond,

331 1021 523 1062 percipienti
546 1021 716 1052 annuatim
743 1031 842 1052 unam
866 1030 1009 1051 marcam
1037 1021 1137 1051 annui
1163 1020 1306 1051 redditus
1329 1030 1387 1061 pro

332 1071 515 1112 aqueductu
532 1070 572 1101 ad
588 1070 812 1103 molendinum
829 1069 868 1101 de
884 1069 1131 1107 Thomastoune,
1147 1070 1187 1101 de
1203 1069 1287 1101 dicto
1303 1079 1388 1100 anno

332 1126 364 1152 et
380 1121 440 1152 sub
463 1120 575 1152 eodem
597 1120 749 1161 periculo,
774 1120 830 1161 xiij
850 1124 873 1151 ἔ.
890 1120 936 1161 iiij
955 1120 985 1152 d.
1031 1120 1073 1151 Et
1097 1120 1239 1161 Georgeo
1255 1119 1390 1151 Balfour

333 1171 372 1203 de
388 1171 638 1212 Munquhanny,
653 1171 844 1212 percipienti
867 1170 1035 1205 annuatim
1051 1173 1121 1202 octo
1145 1180 1268 1201 marcas
1289 1169 1390 1200 annui

333 1221 477 1252 redditus
507 1224 590 1251 terre
621 1220 660 1252 de
687 1220 877 1261 Esthferny,
908 1220 947 1252 de
978 1230 1061 1251 anno
1092 1220 1235 1261 computi
1265 1223 1298 1251 et
1327 1220 1389 1251 sub

334 1270 446 1301 eodem
461 1269 611 1311 periculo,
626 1280 648 1300 v
663 1269 694 1306 fi„
711 1270 743 1311 vj
761 1274 784 1301 ἔ.
801 1270 857 1310 viij
875 1269 904 1306 d'ff
950 1270 993 1301 Et
1010 1270 1152 1311 Georgeo
1165 1269 1389 1310 Bannachtyn,

333 1330 391 1361 pro
417 1320 621 1361 reparacione
646 1323 679 1352 et
701 1320 939 1351 sustentacione
963 1330 1058 1361 parce
1090 1320 1128 1351 de
1155 1319 1325 1351 Faukland
1349 1319 1389 1350 de

335 1370 421 1400 dicto
452 1379 536 1400 anno
566 1373 599 1400 et
629 1370 688 1401 sub
719 1369 832 1403 eodem
861 1369 1013 1410 periculo,
1044 1369 1076 1399 xl
1108 1373 1132 1401 ἔ.
1177 1369 1221 1400 Et
1250 1368 1390 1400 Roberto

336 1420 495 1456 Huntare,
518 1419 669 1450 hostiario
686 1429 809 1451 camere
832 1419 955 1450 domini
978 1419 1069 1460 regis,
1085 1429 1142 1460 pro
1158 1419 1251 1450 feodo
1266 1429 1334 1456 suo,
1350 1419 1390 1449 de

337 1470 437 1500 firmis
455 1473 611 1500 terrarum
634 1470 673 1501 de
697 1469 859 1507 Balkeros,
884 1469 1090 1507 Cameroum,
1113 1473 1146 1500 et
1169 1468 1336 1506 Balnkirk‚
1352 1468 1392 1499 de

339 1529 423 1550 anno
439 1519 582 1559 computi
598 1522 630 1554 et
646 1519 705 1550 sub
722 1519 807 1550 dicto
823 1518 973 1559 periculo,
989 1519 1033 1560 xij
1051 1518 1083 1550 fi.
1129 1519 1172 1550 Et
1187 1518 1337 1550 Lansloto
1354 1518 1392 1549 de

341 1567 541 1608 Abernethy,
562 1578 619 1608 pro
645 1567 738 1599 feodo
765 1578 822 1598 suo
847 1567 886 1598 de
911 1578 995 1598 anno
1019 1568 1162 1608 computi
1184 1568 1224 1599 de
1246 1568 1338 1599 terris
1354 1567 1394 1598 de

341 1618 587 1655 Thomastoune,
602 1617 793 1658 percipienti
809 1617 977 1651 annuatim
990 1617 1099 1648 decem
1114 1618 1212 1648 libras
1227 1628 1285 1658 pro
1302 1617 1394 1648 feodo

342 1677 408 1704 suo,
423 1667 461 1698 de
478 1677 562 1697 anno
575 1661 718 1707 computi
733 1670 766 1698 et
778 1667 838 1698 sub
853 1667 994 1708 periculo
1010 1667 1236 1708 computantis,
1251 1677 1273 1697 x
1287 1667 1319 1697 fi.
1351 1667 1395 1697 Et

342 1717 476 1757 Lyoune
492 1716 558 1756 regi
581 1726 741 1750 armorum
759 1716 798 1747 de
814 1716 913 1747 firmis
939 1716 979 1747 de
995 1716 1129 1758 Oulessy
1155 1727 1212 1758 pro
1229 1717 1320 1748 feodo
1336 1726 1395 1748 suo

344 1815 445 1847 altare
461 1815 547 1846 beati
563 1815 733 1846 Laurencii
747 1816 782 1846 in
798 1815 931 1846 ecclesia
947 1815 986 1847 de
1003 1815 1135 1857 Culessy
1152 1827 1193 1847 ex
1205 1816 1397 1848 fundacione

343 1868 583 1896 antecessorum
614 1865 736 1897 domini
773 1865 865 1906 regis,
896 1865 935 1897 de
965 1876 1050 1897 anno
1088 1866 1231 1907 computi
1268 1870 1300 1898 et
1337 1866 1397 1897 sub

346 1914 489 1956 periculo
516 1915 740 1956 computantis,
765 1916 797 1956 vj
824 1915 856 1946 fi.
882 1915 939 1956 xiij
966 1920 989 1946 ἔ.
1021 1916 1067 1957 iiij
1092 1916 1121 1947 d.
1181 1917 1224 1947 Et
1254 1915 1398 1947 Johanni

347 1965 556 2006 Scrimgeour,
573 1965 740 2006 clavigero,
756 1975 812 2006 pro
829 1965 921 1996 feodo
944 1975 1001 1996 suo
1024 1965 1063 1996 de
1079 1966 1178 1996 firmis
1194 1966 1233 1997 de
1247 1965 1278 1997 16
1294 1965 1399 2007 Myris

347 2014 386 2045 de
404 2013 655 2055 Uchtermukty,
678 2014 868 2055 percipienti
890 2015 1059 2046 annuatim
1081 2015 1191 2046 decem
1213 2025 1344 2053 marcas,
1360 2015 1399 2047 de

348 2073 432 2094 anno
449 2064 593 2104 computi
609 2068 641 2094 et
657 2064 716 2095 sub
731 2064 874 2105 periculo
898 2064 1122 2105 computantis,
1138 2065 1214 2106 quia
1229 2064 1306 2096 licet
1321 2064 1399 2096 alias

347 2112 492 2153 percepit
515 2112 625 2143 decem
648 2112 756 2150 libras,
779 2113 839 2144 hoc
856 2117 964 2144 tamen
991 2116 1060 2144 erat
1084 2123 1125 2145 ex
1151 2114 1256 2155 gracia
1278 2113 1400 2145 domini

347 2161 429 2202 regis
454 2171 556 2201 usque
579 2165 698 2193 etatem
728 2172 819 2193 suam
844 2162 1028 2203 quindecim
1052 2173 1217 2200 annorum,
1234 2163 1291 2204 qui
1314 2173 1401 2194 nunc

348 2210 499 2251 completi
514 2214 600 2249 sunt,
615 2212 647 2252 vj
664 2211 696 2242 fi.
715 2212 771 2252 xiij
789 2216 812 2243 ἓ.
828 2212 876 2253 iiij
894 2212 922 2244 d.
958 2212 1001 2243 Et
1016 2212 1162 2244 ortulano
1172 2213 1211 2244 de
1223 2212 1401 2250 Faukland,

350 2259 540 2300 percipienti
585 2262 755 2292 annuatim
786 2265 925 2303 quatuor
962 2272 1083 2293 marcas
1117 2272 1174 2303 pro
1213 2262 1303 2294 feodo
1335 2272 1401 2299 suc,
