1551 2462
165 1627 283 1650 Citanrlus
294 1626 331 1648 est

163 1658 244 1680 Adam
256 1656 365 1679 Cosoure.

372 222 432 250 188
683 218 847 250 ROTULI
872 218 1107 250 SOACOARH
1330 221 1420 249 1463.

370 312 521 352 vigilibus
537 312 571 342 in
587 314 690 343 castro
707 312 745 343 de
763 312 937 353 Striveling
960 312 1126 343 conductis
1149 312 1184 342 in
1207 312 1288 343 festo
1312 311 1422 342 Sancti

370 361 506 392 Martini
521 362 659 402 proximi
675 362 761 392 infra
774 362 834 393 hoc
851 366 1035 402 compotum
1053 372 1154 402 usque
1171 362 1290 393 festum
1306 361 1422 392 Pente-

370 411 494 442 chostes
518 411 615 442 eciam
641 411 725 442 infra
750 411 809 442 hoc
840 414 1033 452 compotum,
1059 411 1203 452 quolibet
1226 411 1422 452 percipiente

371 461 480 492 decem
496 461 612 492 solidos
635 461 670 491 in
694 461 898 492 dimedietate
915 461 999 497 anni,
1016 472 1059 491 xx
1076 465 1098 492 ἔ.
1145 461 1187 496 Et
1202 461 1323 492 Jacobo
1339 460 1422 491 Wil-

370 520 436 547 son,
453 510 596 541 ortolano
620 510 658 541 de
683 510 864 551 Striveling‚
888 520 945 551 pro
969 510 1060 541 feodo
1077 520 1134 541 suo
1166 510 1205 541 de
1228 520 1311 540 anno
1336 520 1421 541 com-

369 560 447 600 poti,
463 560 523 591 sub
546 560 687 600 periculo
703 560 924 600 competentis,
941 571 985 590 xx
1001 564 1023 591 s.
1069 560 1112 590 Et
1131 559 1242 596 eidem,
1259 560 1298 590 de
1321 559 1421 590 firmis

370 613 527 640 terrarum
550 610 589 640 de
613 609 799 650 Bouchopil,
823 609 1036 640 existencium
1063 609 1097 640 in
1124 609 1273 642 manibus
1295 609 1421 640 heredis

371 658 533 699 quondam
571 659 702 690 Roberti
739 659 838 699 Nory,
869 659 908 690 de
945 659 1097 690 mandato
1140 659 1268 689 domine
1305 658 1422 699 regine,

372 708 503 739 custode
519 708 637 748 privati
653 708 750 749 sigilli
765 711 904 739 testante
916 708 1104 738 mandatum
1122 718 1217 748 super
1227 711 1421 748 compotum,

373 808 531 839 Johannis
561 808 600 839 de
626 808 775 838 Balfoure
803 818 842 838 ex
865 807 1067 838 concessione
1092 807 1219 838 domine
1243 807 1359 848 regine,
1384 807 1423 838 de

373 868 456 888 anno
473 858 619 898 compoti,
632 857 666 898 iij
684 857 716 888 li.
733 857 764 897 vj
782 861 804 888 S.
822 857 877 897 viij
895 856 923 887 d.
962 857 1005 888 Et
1021 857 1166 897 serjando
1183 857 1222 888 de
1238 856 1424 894 Tulicultre,

373 918 430 948 pro
446 907 538 938 feodo
555 917 612 938 suo
628 907 666 937 de
683 917 766 937 anno
779 906 919 947 compoti
931 909 963 937 et
975 907 1034 937 sub
1047 906 1189 947 periculo
1202 907 1424 947 compotantis,

374 968 418 990 xx
434 962 457 989 ἔ.
503 957 545 987 Et
560 967 617 997 per
633 956 827 987 solucionem
844 956 962 987 factam
978 966 1034 996 per
1049 956 1188 987 eundem
1204 966 1259 987 sex
1275 956 1424 996 pauperi-

375 1007 434 1037 bus
458 1006 728 1037 commorantibus
751 1015 849 1046 prope
873 1009 999 1046 portam
1024 1005 1120 1036 castri
1145 1005 1183 1036 de
1208 1005 1382 1045 Striveling
1405 1015 1423 1036 a

375 1057 478 1097 primo
494 1056 545 1087 die
561 1056 701 1096 Augusti
716 1056 749 1086 in
761 1065 844 1086 anno
856 1054 990 1085 Domini
1001 1062 1058 1085 etc.
1072 1055 1269 1096 sexagesimo
1285 1054 1424 1085 secundo

374 1116 476 1147 usque
492 1109 642 1137 octavum
661 1105 745 1136 diem
768 1105 888 1136 mensis
911 1105 1054 1145 Augusti
1070 1104 1105 1135 in
1121 1115 1205 1135 anno
1221 1104 1354 1135 Domini
1367 1107 1425 1136 etc.

375 1155 571 1196 sexagesimo
588 1155 697 1192 tercio,
707 1155 830 1188 scilicet
846 1154 933 1185 diem
945 1154 1041 1195 hujus
1053 1154 1202 1194 compoti,
1215 1154 1274 1185 sub
1286 1153 1427 1194 periculo

376 1204 597 1245 compotantis,
616 1204 760 1244 quolibet
782 1203 978 1244 percipiente
1003 1203 1037 1233 in
1062 1203 1113 1234 die
1136 1203 1314 1240 denarium,
1337 1203 1371 1233 ix
1391 1203 1423 1234 li.

375 1255 409 1295 iij
429 1258 452 1286 s.
497 1254 529 1294 vj
547 1253 575 1284 d.
622 1254 664 1284 Et
676 1264 732 1294 pro
746 1254 911 1294 sexaginta
929 1253 1071 1294 quinque
1088 1253 1236 1284 oneribus
1252 1253 1426 1283 carbonum

376 1305 460 1335 datis
491 1303 611 1335 eisdem
641 1303 835 1344 pauperibus
873 1313 929 1343 per
959 1303 1045 1334 idem
1075 1305 1211 1343 tempus,
1236 1302 1336 1333 eciam
1367 1302 1426 1333 sub

376 1353 517 1394 periculo
540 1352 762 1393 compOEantis,
779 1352 868 1392 xxxij
893 1356 915 1383 s.
939 1352 970 1392 vj
996 1351 1024 1382 d.
1071 1352 1113 1382 Et
1137 1352 1249 1386 eidem,
1272 1351 1311 1382 de
1327 1351 1427 1382 firmis

377 1406 534 1434 certarum
575 1405 734 1432 terrarum
773 1401 812 1432 de
853 1402 1058 1442 Strogartnay
1103 1401 1328 1441 deputatarum
1369 1411 1426 1441 per

377 1451 543 1482 dominum
573 1461 680 1491 regem
709 1461 766 1491 pro
798 1451 915 1481 foresta
945 1451 984 1481 de
1020 1450 1251 1492 Glenfinglask,
1274 1450 1313 1481 de
1343 1461 1427 1482 anno

377 1501 525 1541 compoti,
541 1500 586 1540 vij
603 1500 635 1530 Ε.
653 1510 673 1530 x
689 1504 711 1532 ἔ.
757 1500 800 1530 Et
815 1510 902 1532 maro
919 1500 958 1531 de
975 1500 1134 1537 Menteth,
1151 1500 1190 1531 dc
1207 1500 1299 1531 feodo
1315 1511 1372 1531 suo
1389 1501 1428 1531 de

379 1561 462 1583 anno
479 1550 628 1590 compoti,
637 1549 683 1589 liij
696 1553 718 1581 s.
729 1550 774 1590 iiij
793 1549 821 1580 d.
867 1550 910 1580 Et
922 1550 961 1580 de
973 1550 1072 1581 firmis
1082 1553 1239 1580 terrarum
1251 1550 1290 1580 de
1301 1550 1429 1581 Offeren

379 1600 418 1631 de
435 1599 681 1640 Scheregartaue
694 1609 767 1630 cum
784 1599 900 1640 quibus
913 1603 1100 1640 compotans
1113 1599 1258 1640 superius
1271 1603 1429 1636 oneratur,

379 1649 413 1680 in
439 1648 588 1680 manibus
619 1648 689 1681 Ade
721 1649 868 1685 Cosoure,
899 1659 956 1689 pro
988 1649 1105 1689 quibus
1136 1652 1185 1680 est
1215 1649 1363 1680 citandus
1396 1651 1429 1680 et

380 1698 619 1739 distringendus
646 1708 702 1738 pro
728 1708 784 1729 sex
810 1698 957 1729 terminis
984 1698 1109 1739 elapsis,
1133 1698 1172 1729 de
1195 1698 1312 1738 quibus
1328 1698 1429 1729 nichil

380 1748 470 1779 venit
486 1748 524 1778 ad
543 1757 637 1778 usum
654 1747 782 1778 domine
798 1747 914 1788 regine,
924 1748 958 1788 iij
976 1747 1007 1778 fi.
1024 1748 1056 1788 vj
1075 1751 1097 1778 Ξ.
1110 1747 1165 1789 viij
1183 1747 1211 1780 d.
1258 1748 1300 1778 Et
1316 1747 1427 1785 eidem,

381 1808 437 1839 per
453 1797 672 1829 remissionem
689 1796 816 1827 domine
839 1797 947 1837 regine
970 1797 1088 1827 factam
1112 1797 1240 1828 domino
1264 1797 1429 1828 Winelmo

382 1848 420 1878 de
438 1846 621 1887 Striveling,
636 1846 742 1883 militi,
759 1849 790 1876 et
806 1845 930 1877 duobus
949 1846 1103 1877 fratribus
1119 1847 1187 1886 ejus
1204 1847 1243 1877 de
1258 1847 1430 1886 gressumis

382 1907 438 1937 per
454 1906 506 1927 eos
523 1896 639 1927 debitis
655 1895 694 1927 de
709 1895 803 1926 certis
819 1895 911 1926 terris
927 1895 1012 1926 infra
1029 1896 1206 1927 dominium
1220 1896 1258 1927 de
1270 1896 1430 1934 Mentem,

382 1949 420 1976 ut
467 1948 557 1986 patet
605 1955 662 1986 per
710 1944 856 1976 cedulam
909 1944 1036 1976 domine
1081 1945 1189 1986 regine
1232 1955 1331 1976 manu
1373 1956 1431 1976 sna

383 1996 596 2036 subscriptam
637 1998 797 2026 ostensam
839 2004 933 2034 super
974 1999 1166 2035 compotum,
1203 2005 1224 2025 x
1263 1994 1295 2025 n.
1335 1995 1365 2035 vj
1405 1999 1428 2026 s.

383 2046 439 2085 viij
451 2045 479 2076 d.
520 2045 562 2075 Et
575 2055 629 2085 per
642 2044 837 2075 solucionem
850 2044 966 2075 factam
983 2044 1146 2075 willelmo
1157 2044 1267 2075 Haket
1277 2044 1310 2074 in
1321 2044 1431 2074 remis-

384 2095 472 2125 sione
488 2104 648 2135 gressume
659 2105 723 2131 sue,
739 2094 778 2125 de
790 2093 941 2125 mandato
957 2093 1041 2125 dicte
1054 2094 1181 2125 domine
1193 2097 1300 2124 nostre
1316 2093 1431 2134 regine,

386 2143 518 2174 custode
529 2143 646 2184 privati
659 2143 756 2184 sigilli
772 2145 911 2175 testante
927 2143 1116 2176 mandatum
1132 2153 1226 2184 super
1241 2146 1433 2184 compotum,

1542 1571 1548 1578 ο
1547 1506 1551 1541 ...
1542 1136 1551 1494 ,Δ-Δᾈ.ψ-
