1551 2462
165 300 255 328 1460.
475 297 637 329 REGUM
662 296 908 328 SCOTORUM.
1175 297 1213 326 39

163 391 247 432 apud
278 391 466 432 Edinburgh
490 401 547 432 per
571 391 769 422 Herbertum
800 390 838 421 dc
864 389 1091 430 Glendstanys,
1114 399 1216 419 unum

115 468 126 470 s
164 441 353 472 ballivorum
371 441 463 482 burgi
478 441 623 482 predicti,
639 441 775 481 septimo
792 441 842 471 die
858 440 977 471 mensis
994 439 1109 470 Marcii
1133 448 1216 469 anno

163 491 296 522 Domini
318 490 419 522 MIHIc
442 490 647 532 sexagesimo,
675 490 713 521 de
744 490 894 521 omnibus
924 490 1060 530 receptis
1091 489 1158 520 suis
1185 491 1217 519 et

164 541 311 582 expensis
335 551 391 582 per
421 541 527 572 firmas
551 543 583 571 et
610 540 715 571 exitus
743 539 820 571 dicti
848 539 940 581 burgi
963 550 982 570 a
1005 539 1055 570 die
1080 538 1217 579 septimo

165 591 282 622 mensis
295 591 317 622 J
319 591 378 621 ulii
389 591 466 621 anni
477 590 611 621 Domini
627 589 835 631 suprascripti
851 599 952 630 usque
969 589 1003 619 in
1019 588 1104 619 diem
1121 588 1217 628 hujus

165 641 312 681 compoti,
328 643 360 672 et
375 641 420 672 sic
436 640 475 671 de
491 651 554 671 uno
571 640 708 672 termino
723 639 808 670 infra
824 639 884 670 hoc
901 642 1091 680 compotum.

207 690 298 722 Idem
322 693 431 721 onerat
447 701 480 721 se
497 690 534 721 de
551 701 571 720 Χ
587 690 620 721 ii.
637 690 668 730 vj
686 689 725 727 (1.,
742 689 781 721 (18
804 689 906 720 firmis
929 689 1116 729 burgalibus
1139 687 1219 718 dicti

168 739 286 782 [burgi]
310 740 349 771 de
371 740 508 771 termino
532 739 679 780 compoti,
703 750 743 770 ex
767 739 970 770 assedacione
994 738 1117 769 domini
1137 738 1219 778 regis

167 789 252 821 facta
267 790 490 821 communitati
505 790 584 821 dicti
603 790 694 831 burgi
713 790 746 820 in
768 789 860 821 feodo
877 789 917 820 ab
934 789 1076 829 antiquo.
1122 788 1165 819 Et
1180 788 1220 819 de

167 839 214 881 iiij
246 844 268 871 s.
300 839 388 881 iiijd„
411 840 450 871 de
481 840 621 871 exitibus
651 839 747 870 unius
778 839 903 871 itineris
934 838 1106 870 camerarie
1136 837 1221 868 infra

169 889 292 920 dietum
320 890 458 930 burgum
484 890 567 920 tenti
597 900 681 920 anno
714 889 903 930 precedente
933 889 994 919 hoc
1025 890 1217 928 compotum.

170 939 302 970 Summa
317 939 413 979 hujus
430 939 542 975 oneris,
553 939 596 979 xij
610 938 642 969 fi.
660 938 715 978 xiij
734 945 757 969 ἔ.
775 948 796 969 x
812 938 841 969 d.

214 988 263 1019 De
279 988 405 1029 quibus,
427 988 562 1019 allocate
586 989 782 1029 compotanti
805 999 861 1029 per
883 987 1080 1019 solucionem
1103 987 1222 1018 factam

171 1038 336 1068 Fratribus
352 1038 534 1068 Minoribus
544 1037 583 1069 de
599 1038 777 1075 Drumfres,
793 1037 1042 1078 percipientibus
1053 1037 1223 1067 annuatim

172 1086 288 1126 viginti
302 1088 423 1122 marcas
447 1089 479 1117 et
495 1086 662 1118 duodecim
682 1087 828 1118 denarios
851 1087 890 1118 de
913 1087 1013 1117 firmis
1037 1086 1222 1127 burgalibus

173 1136 251 1167 dicti
273 1135 365 1176 burgi
390 1146 429 1166 ex
445 1136 611 1167 elimosina
634 1136 716 1177 regis
741 1136 874 1167 Roberti
896 1136 1001 1176 primi,
1017 1139 1054 1166 ut
1076 1139 1166 1176 patet
1188 1135 1223 1166 in

174 1185 286 1216 rotulis
310 1186 562 1226 precedentibus,
592 1186 689 1216 fratre
719 1186 858 1217 Roberto
891 1186 1067 1223 Fentoune,
1106 1185 1223 1216 vicario
1241 1204 1257 1218 s

174 1235 314 1276 generali
337 1235 414 1266 dicti
445 1235 573 1272 ordinis,
596 1235 718 1266 fatente
749 1238 914 1276 receptum
937 1245 993 1276 per
1018 1245 1092 1266 suas
1115 1235 1223 1266 literas

174 1294 269 1325 super
292 1287 474 1325 compotum
498 1284 537 1316 de
559 1285 696 1315 termino
722 1285 819 1326 hujus
843 1285 990 1326 compoti,
1019 1285 1050 1326 vj
1076 1285 1107 1315 li.
1126 1284 1181 1325 xiij
1200 1288 1224 1316 ἔ.

173 1333 220 1374 iiij
234 1333 263 1364 d.
308 1334 351 1364 Et
360 1344 416 1374 per
427 1334 622 1365 solucionem
635 1334 752 1365 factam
763 1334 1062 1375 magistroJohanni
1076 1334 1224 1374 Olyvere,

174 1384 325 1424 magistro
350 1383 468 1415 fabrice
494 1384 601 1424 pontis
625 1384 663 1415 de
686 1384 866 1421 Drumfrez,
891 1395 930 1415 ex
954 1384 1120 1415 elimosina
1143 1384 1224 1424 regis

174 1433 255 1464 bone
278 1433 438 1470 memorie,
462 1433 597 1464 durante
621 1433 788 1464 voluntate
812 1433 894 1474 regis
917 1433 1069 1470 moderni,
1094 1433 1225 1464 custode

174 1483 291 1524 privati
307 1482 403 1524 sigilli
419 1485 558 1514 testante
572 1483 762 1514 mandatum
781 1486 813 1514 et
835 1486 999 1524 receptum
1022 1493 1117 1524 super
1140 1493 1225 1514 com-

174 1535 294 1572 potum,
310 1535 342 1563 et
365 1532 424 1563 sub
446 1532 586 1572 periculo
610 1533 832 1573 compotantis,
855 1532 893 1564 de
917 1533 1053 1564 termino
1077 1532 1224 1573 compoti,
1239 1560 1286 1583 Res
1305 1559 1405 1583 ondebit

173 1581 208 1621 iij
225 1580 256 1612 ῘΪ.
274 1581 305 1622 vj
323 1585 345 1612 ἔ.
362 1581 419 1622 viij
436 1581 465 1613 d.
512 1581 571 1622 [To
586 1581 703 1612 Masteo·
723 1582 905 1613 Alemander
927 1582 1073 1622 Murray,
1089 1583 1144 1613 ,ΕΞ
1158 1582 1223 1613 133.
1239 1567 1347 1619 Μωξταγ.

173 1631 224 1669 403.
270 1631 355 1668 Sum,
372 1632 448 1662 2312
462 1631 526 1662 133.
542 1632 593 1669 bd.
639 1631 784 1669 Balcmce,
801 1632 866 1672 6²03]

217 1680 462 1711 Memorandum
493 1681 578 1721 quod
609 1684 730 1712 restant
761 1681 919 1712 allocandi
946 1681 1142 1722 compotanti
1167 1692 1224 1722 pro

174 1740 238 1761 uno
249 1730 442 1771 coopertorio
458 1724 533 1762 lecti
550 1734 582 1762 et
605 1741 668 1762 uno
684 1741 758 1772 pare
775 1731 1019 1762 linthiaminum
1035 1731 1225 1762 amissorum

175 1780 260 1821 apud
275 1780 496 1821 Lynclouding
510 1783 652 1821 tempore
667 1791 731 1821 quo
752 1781 882 1812 domina
897 1781 1006 1822 regina
1022 1784 1090 1812 erat
1104 1781 1224 1812 ibidem

175 1840 248 1861 cum
265 1829 374 1870 regina
388 1830 514 1871 Anglie,
538 1830 571 1861 in
587 1831 734 1871 proximo
757 1834 904 1871 compoto
928 1841 994 1867 suo,
1018 1830 1057 1861 de
1073 1830 1224 1861 mandato

175 1879 314 1910 custodis
344 1879 463 1920 privati
487 1879 585 1921 sigilli
614 1883 647 1911 et
673 1883 895 1921 compotorum
920 1880 1103 1911 rotulatoris
1131 1890 1225 1920 super

175 1932 366 1969 compotum,
382 1939 425 1960 xv
442 1933 465 1961 s.

219 2026 409 2068 Compotum
425 2027 616 2059 ballivorum
633 2028 725 2069 burgi
741 2028 779 2059 de
792 2028 950 2065 Renfrew,
963 2028 1123 2059 redditum
1140 2028 1225 2069 apud
1240 2028 1392 2060 Renfreu.

176 2076 363 2117 Edinburgh
386 2087 442 2117 per
465 2077 572 2108 David
602 2077 772 2115 Jacsoune,
795 2078 925 2108 nomine
949 2078 1107 2108 dictorum
1133 2077 1225 2108 balli-

175 2135 297 2163 vorum,
313 2126 348 2167 [7
363 2127 474 2157 March
489 2127 583 2164 1460,
591 2128 681 2167 from
697 2128 740 2158 5⁷25>
755 2127 836 2167 July
853 2127 940 2164 1458
950 2138 963 2164 ,·
988 2126 1032 2168 27³
1047 2138 1142 2167 years.

219 2175 348 2213 Fermes,
364 2177 400 2217 by
408 2177 613 2217 feu-chartam
629 2177 706 2208 5³13
721 2177 763 2209 65.
779 2178 842 2215 8d.,·
864 2177 948 2217 perid
959 2180 988 2208 to
1001 2177 1118 2208 Mastcr
1132 2177 1226 2208 Alea:-

178 2225 276 2256 ander
292 2225 449 2267 Murray]

1242 2211 1408 2241 Respondebit

1242 2242 1265 2264 M
1270 2248 1350 2270 urray.
