1551 2462
134 287 226 317 1464.
444 283 606 316 REGUM
631 283 880 316 SGOTORUM.
1123 286 1185 314 269

132 381 257 419 putum,
280 377 314 418 iij
338 377 370 408 Ε.
394 377 428 408 ix
451 381 474 409 s.
519 377 562 408 Et
599 377 711 414 eidem,
740 387 797 417 per
835 376 1030 407 solucionem
1068 377 1186 408 factam

133 427 283 468 magistro
300 427 408 458 David
426 427 559 464 Guthre,
574 427 781 464 thesaurario,
798 426 838 457 ad
853 437 1009 467 expensas
1032 426 1185 457 domicilii

133 476 256 507 domini
278 476 360 517 regis
390 476 526 507 intratas
554 476 589 507 in
618 476 710 507 libris
738 475 905 513 dictarum,
935 476 1005 516 ipso
1038 476 1187 516 magistro

134 526 242 557 David
258 526 380 557 fatente
395 528 559 567 receptum
575 536 670 566 super
685 529 881 566 computum,
897 525 1024 566 lxxxxij
1041 524 1074 556 n.
1091 525 1147 555 xix
1163 529 1185 556 s.

1202 520 1366 549 Respondebit

1201 550 1300 577 Guthre,
1311 550 1362 573 the-

137 575 193 616 viij
217 575 256 612 d„
283 585 340 616 pro
363 575 480 616 quibus
503 575 715 616 respondebit.
762 575 821 616 [1⁷0
843 575 915 606 said
939 575 1115 611 Treasurer,
1131 575 1188 615 sm=
1201 580 1329 603 sauram‘ns.

134 625 305 662 household,
327 625 404 656 2350
427 625 490 656 les.
516 624 580 666 δώ]
626 625 668 656 Et
691 624 803 663 eidem,
819 635 876 666 pro
899 624 1049 657 undecim
1072 624 1187 656 celdris

135 684 316 712 avenarum,
331 674 474 715 precium
497 668 601 707 celdre
616 674 828 718 quadraginta
851 678 921 706 octo
945 674 1047 712 solidi,
1071 674 1187 715 emptis

135 734 192 766 per
221 726 462 765 computantem
485 727 516 755 et
539 723 720 764 expenditis
751 734 846 765 super
869 734 967 765 equos
997 724 1079 764 regis
1102 723 1188 764 apud

134 773 316 805 Fauclande
346 783 403 814 per
433 773 555 804 dictum
586 776 723 814 tempus,
752 776 859 814 preter
889 784 1006 806 avenas
1044 773 1187 814 proprias

135 824 256 856 domini
267 824 359 865 regis,
372 824 448 864 xxvj
466 823 498 854 11⁴.
509 823 566 864 viij
583 828 606 855 s.
646 823 747 864 [Suom
757 824 853 854 ,4231
871 825 912 855 65.
930 823 1004 866 offici.
1042 824 1186 861 Balanea,

135 874 235 912 „3143
263 874 328 905 15³3.
358 872 447 915 &ssedj
493 873 544 905 De
575 874 700 918 quibus,
731 873 865 906 allocate
899 873 1100 914 computanti
1129 883 1186 914 pro

137 923 229 955 feodo
252 933 309 954 suo
333 923 416 956 circa
438 923 596 954 facturam
619 923 716 954 brasii
743 923 865 957 domini
891 923 973 963 regis
996 923 1035 954 de
1050 924 1187 956 termnio

136 973 280 1015 computi
298 976 330 1005 et
351 973 493 1017 quinque
504 973 652 1005 terminis
661 973 906 1014 precedentibus
916 973 975 1004 hoc
992 976 1189 1014 computum,

137 1034 177 1055 ex
201 1022 455 1054 consideracione
482 1022 665 1054 auditorum
688 1025 721 1053 et
744 1022 783 1053 de
806 1022 957 1055 mandato
987 1022 1189 1054 dominorum

137 1073 271 1110 consilii,
315 1072 466 1113 magistro
503 1072 610 1103 David
642 1071 767 1102 Guthre
805 1071 1012 1110 thesaurario,
1049 1075 1188 1104 testante

137 1132 233 1163 super
248 1125 444 1162 computum,
467 1121 546 1162 xviij
570 1121 603 1153 H.
660 1120 719 1162 [To
735 1121 806 1152 said
831 1121 1007 1159 Treasurer,
1029 1122 1106 1155 „5³25
1121 1122 1186 1153 135.

137 1172 211 1215 5²72&
271 1172 415 1209 Balanea,
431 1171 551 1213 9100]

184 1223 332 1263 Expense
362 1231 533 1262 granorum
571 1220 768 1251 oneracionis
805 1220 955 1263 predicte.
1000 1221 1041 1252 In
1070 1222 1182 1262 primis

1261 664 1308 689 Do.

1268 1148 1314 1171 Do.

1203 1229 1229 1259 F
1230 1238 1358 1260 rumen-

138 1271 275 1302 allocate
307 1270 508 1311 computanti
544 1280 601 1311 pro
646 1270 816 1301 tresdecim
845 1270 960 1303 oeldris
991 1275 1062 1302 octo
1093 1271 1186 1303 bollis
1202 1275 1283 1303 tum.

137 1320 292 1353 frumenti
313 1320 441 1354 intratis
463 1320 499 1350 in
521 1319 611 1351 libris
635 1319 788 1350 domicilii
812 1320 939 1351 domine
969 1321 1076 1361 regine
1107 1321 1189 1353 bone

138 1370 289 1403 memorie
305 1380 323 1401 a
339 1368 628 1402 vicesimosecundo
645 1368 839 1410 Septembris
855 1369 932 1400 anni
948 1372 1004 1401 etc.
1029 1371 1174 1412 quinqua

136 1420 250 1461 gesimi
271 1419 362 1453 tercii
385 1429 486 1460 usque
508 1418 543 1449 in
559 1418 732 1458 septimum
755 1418 841 1450 diem
858 1419 975 1450 mensis
998 1419 1186 1452 Decembris

137 1469 279 1510 ejusdem
303 1469 388 1506 anni,
402 1472 498 1510 prout
520 1470 610 1509 patet
625 1467 659 1498 in
675 1468 795 1509 eisdem
817 1468 1056 1509 particulariter
1078 1481 1186 1501 exam-

137 1519 233 1550 inatis
256 1528 351 1559 super
366 1521 562 1558 computum,
577 1517 646 1558 xiiij
671 1517 776 1549 celdre
792 1518 849 1559 viij
874 1518 965 1551 bolle.
1011 1519 1054 1550 Et
1076 1520 1190 1559 eidem,

136 1578 193 1609 pro
217 1567 457 1611 quatuordecim
474 1566 587 1599 celdris
610 1566 760 1598 undecim
776 1567 870 1598 bellis
886 1567 1040 1599 frumenti
1062 1569 1189 1601 intratis

137 1619 172 1649 in
194 1618 284 1649 libris
308 1617 462 1651 domicilii
484 1617 607 1649 domini
636 1616 718 1657 regis
741 1627 760 1648 a
780 1617 1047 1661 vicesimoquarto
1070 1620 1189 1651 mensis

137 1667 324 1700 Decembris
337 1667 479 1709 ejusdem
495 1666 572 1698 anni
581 1666 738 1698 inclusive
753 1677 856 1708 usque
868 1667 1056 1700 vicesimum
1067 1679 1189 1701 nonum

137 1717 256 1749 mensis
280 1716 362 1748 Maii
388 1717 465 1747 anni
491 1716 748 1757 quinquagesimi
771 1716 876 1756 quarti
899 1717 1000 1750 eciam
1023 1718 1189 1757 inclusive,

137 1770 233 1808 prout
248 1769 338 1807 patet
352 1766 386 1798 in
402 1766 522 1798 eisdem
538 1765 629 1796 libris
639 1765 740 1797 eciam
752 1765 988 1806 particulariter
997 1768 1188 1800 examinatis

138 1826 233 1857 super
262 1818 457 1857 computum,
484 1815 552 1856 xiiij
582 1814 686 1848 celdre
717 1815 748 1856 xj
782 1815 874 1847 holle.
921 1816 963 1846 Et
994 1817 1106 1855 eidem,
1132 1828 1190 1858 per

136 1865 364 1897 liberacionem
386 1865 513 1902 factam,
537 1868 570 1899 et
591 1864 710 1895 intrate
733 1864 768 1895 in
798 1865 889 1897 novis
919 1865 1010 1897 libris
1033 1866 1189 1898 domicilii

138 1915 347 1947 decimonono
359 1914 381 1945 J
383 1914 461 1951 unii,
473 1917 568 1954 prout
579 1917 668 1954 patet
683 1913 718 1944 in
730 1913 859 1951 eisdem,
866 1914 878 1955 j
893 1914 998 1947 celdra
1014 1916 1082 1956 xiiij
1096 1916 1188 1948 bolle.

138 1964 181 1995 Et
211 1964 323 2001 eidem,
349 1974 406 2004 per
430 1963 655 1996 liberacionem
681 1963 800 1996 factam
827 1963 866 1994 ad
883 1974 1039 2004 expensas
1066 1965 1188 1997 domini

138 2013 262 2045 abbatis
280 2013 396 2045 Sancte
417 2012 537 2049 Crucis,
556 2012 735 2045 Alexandri
750 2012 920 2053 Kennedy,
936 2014 1133 2046 vicecomitis
1150 2015 1189 2047 de

139 2063 220 2104 Fyff,
236 2066 269 2095 et
283 2063 305 2094 J
307 2061 441 2093 ohannis
457 2061 497 2093 de
513 2061 683 2099 Muncreif,
698 2062 732 2092 in
749 2061 924 2094 assedando
940 2066 1040 2097 terras
1056 2064 1190 2097 dominii

140 2111 178 2143 de
195 2112 275 2154 Fyff,
301 2112 386 2143 dicto
413 2111 527 2142 abbate
553 2121 609 2152 per
633 2121 706 2142 suas
731 2111 840 2143 literas
871 2115 1010 2144 testante
1035 2123 1191 2154 expensas

139 2171 235 2202 super
250 2164 445 2202 computum,
460 2160 494 2200 iij
512 2160 596 2192 bolle
609 2160 771 2192 frumenti.
816 2161 947 2192 Summa
970 2172 1192 2204 expensarum,

139 2211 217 2252 xxxj
235 2211 339 2243 celdre
365 2210 411 2252 iiij
429 2209 513 2242 holle
535 2209 698 2248 frumenti,
722 2213 754 2242 et
776 2210 822 2242 sic
847 2215 970 2243 restant
994 2212 1016 2254 ij
1041 2213 1124 2246 holle
1154 2214 1189 2255 iij
