1551 2462
122 259 210 289 1466.
429 256 589 289 REGUM
615 257 859 290 SCOTORUM.
1102 257 1164 286 423

117 349 160 379 Et
182 358 237 389 per
258 349 452 381 solucionem
475 350 592 382 factam
617 351 709 382 certis
728 350 937 381 familiaribus
955 351 985 380 et
1002 348 1163 380 servitori-

117 397 176 429 bus
191 398 312 429 domini
335 399 425 440 regis,
441 399 480 430 de
503 400 654 430 mandato
670 403 891 441 computorum
914 398 1106 434 rotulatoris‚
1130 398 1163 428 in
1324 437 1328 440 .

117 457 224 478 eorum
241 448 349 485 feodis,
365 449 432 489 ipso
446 449 566 479 fatente
581 459 637 490 per
652 449 761 480 literas
776 459 848 480 suas
865 449 1053 479 mandatum
1069 458 1164 488 super
1178 436 1343 494 ἓζῗξξξξιῖξή

117 500 310 538 computum,
333 498 399 538 xvij
424 497 455 528 li.
480 498 536 538 xiij
554 502 575 529 s.
600 498 646 538 iiij
668 498 706 535 d.,
729 508 786 539 pro
809 498 926 538 quibus
950 497 1161 538 respondebit.
1176 496 1302 518 rotulator.

116 546 159 576 Et
174 546 284 583 eidem,
300 547 339 578 de
354 550 501 578 custuina
520 547 615 578 unius
631 547 712 578 laste
735 547 831 578 unius
848 547 930 577 sacci
946 550 978 577 et
994 545 1162 577 duodecim

116 598 276 636 petrarum
291 596 364 627 lane
380 606 436 627 sex
460 596 613 627 lastarum
637 596 771 627 duarum
789 596 954 627 dacrarum
971 599 1003 626 et
1019 595 1162 636 quinque

116 645 285 676 corriorum
316 645 355 676 de
378 646 513 686 propriis
539 645 660 676 domini
691 645 782 686 regis,
805 648 1060 676 custumatorum
1077 644 1162 685 apud

115 696 250 737 burgum
265 697 443 737 predictum
460 700 492 728 et
507 697 709 728 venditorum
726 707 782 737 per
804 700 1027 737 computorum
1043 696 1162 727 rotula-

117 749 216 777 torem
228 746 347 786 absque
360 750 514 782 custuma,
530 750 562 777 et
578 746 615 777 de
632 746 749 786 quibus
761 746 845 776 idem
859 745 1014 776 rotulator
1024 745 1163 776 reddidit

114 798 307 835 computum,
324 796 401 836 xxxj
415 795 447 826 11.
460 796 516 836 xiij
534 800 557 827 s.
573 796 620 836 iiij
638 795 668 826 d.
714 796 757 826 Et
767 795 879 832 eidem,
891 805 946 835 pro
960 795 1060 825 xxxix
1076 795 1162 825 ulnis

113 843 152 874 de
167 844 267 881 tartir,
282 844 385 875 tribus
407 844 506 875 stekis
530 844 568 875 de
592 845 758 881 bukrame,
780 844 904 875 duobus
927 844 1020 875 libris
1036 844 1112 881 auri,
1129 847 1162 874 et

114 888 185 924 aliis
200 893 333 934 picturis
350 884 467 934 emptis
483 904 539 934 per
555 896 795 934 computantem
812 896 844 924 et
860 893 1001 924 liberatis
1019 893 1040 923 J
1043 892 1163 923 obanni

114 942 203 980 Rate,
214 943 337 983 pictori,
354 953 409 984 pro
432 942 462 973 le
485 953 609 973 mumre
625 942 706 983 regis
724 952 796 982 erga
812 942 938 978 Natale,
955 941 994 972 de
1010 941 1162 972 mandato

114 992 256 1032 ejusdem
267 992 440 1023 literatorio
453 992 512 1022 sub
524 992 655 1032 signeto,
665 995 702 1021 ut
713 994 802 1031 patet
811 1001 868 1031 per
879 991 964 1022 idem
974 991 1161 1022 mandatum

114 1045 146 1072 et
158 1042 312 1082 scriptum
325 1042 403 1072 dicti
416 1042 434 1072 J
439 1041 573 1072 ohannis
586 1041 625 1072 de
640 1045 767 1081 recepto
780 1042 881 1072 eciam
892 1045 1055 1072 ostensum
1068 1051 1163 1081 super

113 1095 310 1131 computum,
321 1101 386 1121 xxv
401 1090 433 1121 Ti.
446 1101 467 1120 v
483 1095 505 1121 s.
520 1101 540 1120 x
553 1090 581 1121 d.
621 1091 662 1121 Et
679 1090 791 1127 eidem,
801 1101 858 1131 pro
871 1090 965 1121 certis
975 1090 1162 1121 mercanciis

113 1141 230 1181 emptis
245 1150 301 1181 per
313 1143 552 1181 computantem
573 1142 604 1171 et
620 1139 764 1171 liberatis
781 1138 821 1170 ad
838 1143 1023 1170 ornamenta
1041 1139 1162 1170 domini

114 1189 214 1220 nostri
230 1189 312 1230 regis
328 1193 360 1220 et
375 1199 430 1219 sue
447 1189 571 1225 sororis,
587 1191 624 1219 ut
639 1192 728 1229 patet
746 1199 802 1229 per
817 1188 927 1219 literas
945 1188 1065 1219 domini
1081 1188 1163 1229 regis

113 1238 172 1270 sub
199 1239 322 1279 signeto
341 1238 539 1268 auditoribus
564 1238 712 1269 scaccarii
739 1238 874 1269 directas
902 1241 1043 1269 ostensas
1067 1248 1163 1278 super

113 1337 236 1368 cionem
248 1336 364 1367 factam
376 1336 525 1377 magistro
538 1336 712 1373 Willelmo,
724 1335 855 1373 medico,
868 1346 924 1376 pro
941 1336 1032 1366 feodo
1049 1346 1105 1367 suo
1123 1336 1161 1367 de

114 1386 251 1417 termino
282 1385 391 1416 Sancti
421 1385 557 1416 Martini
594 1386 679 1416 infra
713 1388 910 1426 computum,
941 1386 979 1416 de
1010 1386 1161 1417 mandato

76 1462 78 1464 ,
114 1435 234 1466 domini
260 1435 359 1466 nostri
381 1435 463 1476 regis
486 1435 660 1466 literatorio
684 1436 743 1466 sub
767 1436 890 1476 signeto
914 1439 1040 1466 ostenso
1065 1446 1099 1466 su
1105 1446 1161 1476 per

114 1488 306 1526 computum,
317 1485 401 1515 dicto
415 1484 564 1525 magistro
578 1485 742 1516 Willelmo
756 1485 876 1516 fatente
889 1488 1053 1525 receptum
1064 1495 1160 1525 super

21 1538 24 1542 ’
67 1556 72 1560 -
113 1538 306 1575 computum,
325 1544 388 1564 xxv
405 1533 436 1564 n'.
483 1534 525 1564 Et
547 1534 659 1571 eidem,
682 1544 739 1575 pro
763 1534 857 1565 certis
880 1535 995 1574 pannis
1011 1534 1110 1565 laneis
1127 1539 1160 1565 et

113 1583 205 1615 lineis
222 1584 301 1614 varii
323 1583 436 1614 coloris
459 1583 600 1614 liberatis
624 1584 645 1614 J
648 1584 767 1615 ohanni
790 1584 963 1620 Portativis
986 1594 1043 1625 pro
1066 1584 1159 1615 indu-

114 1634 228 1664 mentis
252 1633 379 1664 domine
405 1633 517 1670 Marie‚
543 1634 657 1664 sororis
685 1633 807 1664 domini
826 1634 918 1675 regis,
943 1634 981 1664 de
1008 1634 1160 1665 mandato

114 1683 254 1724 ejusdem
293 1683 467 1714 literatorie
509 1683 569 1713 sub
611 1683 735 1724 signeto
773 1687 899 1714 ostenso
941 1694 1037 1724 super
1074 1694 1158 1715 com-

85 1764 90 1766 ,
113 1737 226 1774 putum
242 1736 274 1764 et
290 1734 443 1774 scriptum
460 1733 537 1764 dicti
553 1734 575 1764 J
577 1734 667 1764 acobi
690 1734 729 1765 de
749 1734 980 1765 deliberacione
996 1738 1160 1765 ostensum

114 1791 207 1823 super
232 1785 426 1823 computum,
454 1783 543 1823 xxiiij
575 1782 606 1813 li.
635 1783 681 1823 iiij
712 1783 740 1814 d.
787 1783 829 1813 Et
855 1793 911 1824 per
935 1783 1160 1814 liberacionem

114 1831 229 1863 factam
245 1832 365 1873 Esplin,
380 1832 525 1863 servitori
549 1832 632 1863 dicte
656 1833 784 1863 domine
805 1833 918 1869 Marie,
936 1833 975 1863 ad
991 1833 1159 1864 indumen-

113 1884 183 1912 tum
198 1881 318 1913 domini
334 1881 433 1912 nostri
456 1881 547 1922 regis,
571 1882 610 1912 de
634 1882 785 1913 mandato
809 1882 931 1913 domini
954 1882 1055 1912 nostri
1078 1883 1159 1923 regis

114 1929 284 1962 literatorio
310 1931 369 1962 sub
392 1931 523 1972 signeto,
546 1931 578 1961 in
606 1931 730 1961 duabus
754 1931 839 1961 ulnis
864 1934 895 1961 et
916 1931 1020 1962 tribus
1037 1932 1159 1971 quartis

114 1980 212 2020 panni
246 1981 335 2022 nigri,
372 1984 409 2012 ut
445 1984 534 2022 patet
565 1980 665 2011 eciam
696 1981 730 2011 in
760 1981 842 2011 libro
874 1981 1090 2021 computantis
1121 1981 1160 2012 de

115 2029 342 2062 deliberacione
371 2034 497 2062 ostenso
536 2041 630 2071 super
668 2034 864 2071 computum,
902 2031 1045 2070 precium
1083 2031 1160 2062 ulne

115 2079 244 2120 triginta
256 2084 391 2121 quatuor
403 2080 506 2118 solidi,
520 2080 668 2111 tridecim
682 2080 767 2110 ulnis
780 2090 852 2110 cum
864 2079 997 2110 dimidia
1011 2079 1075 2111 late
1088 2080 1161 2117 tele,

115 2129 279 2160 duodecim
295 2129 382 2161 ulnis
397 2130 460 2161 tele
477 2130 560 2161 dicte
577 2130 731 2171 plesance,
748 2133 780 2160 et
797 2130 911 2170 viginti
928 2134 1064 2170 quatuor
1075 2130 1160 2161 ulnis

116 2181 147 2208 et
163 2178 232 2210 aliis
248 2179 378 2210 minutis
401 2179 544 2210 liberatis
560 2180 600 2210 ad
625 2190 718 2210 usum
735 2179 820 2210 dicte
844 2179 972 2211 domine
995 2180 1107 2216 Marie,
1124 2183 1160 2211 ut
