1551 2462
139 1222 303 1252 Respondebit

138 1253 155 1275 J
158 1253 262 1275 ohannes

139 1282 326 1305 Halkerstoune.

141 1640 306 1670 Respondebit

140 1671 158 1694 J
159 1671 247 1693 acobus
258 1669 318 1692 Wil-

140 1707 197 1722 sone
208 1707 251 1728 pro
264 1699 328 1722 calce

141 1731 166 1752 et
176 1729 267 1752 sabolo.

144 2040 307 2069 Respondebit

144 2070 248 2098 Guthry,
261 2077 322 2092 com-

162 2102 259 2122 utorum
270 2102 334 2122 rotu-

154 2131 212 2152 ator.

350 334 388 362 45
395 334 411 362 2
661 331 826 363 ROTULI
850 330 1085 363 SCACOARH
1309 331 1400 361 1467.

350 424 477 465 scripta,
490 423 583 465 j⁶xxv
598 424 631 457 fi.
647 424 681 455 ix
697 429 720 456 s.
737 435 759 456 x
775 424 804 456 d.
849 424 899 456 De
916 424 1042 465 quibus,
1058 423 1237 455 allocantur
1255 425 1400 463 comput-

350 474 419 504 anti
441 484 498 515 per
520 474 744 506 liberacionem
768 474 886 506 factam
910 475 1069 506 Cristiane
1092 473 1269 511 Rothvene,
1291 473 1402 505 relicte

349 524 429 555 dicti
452 524 586 565 Georgei
611 524 760 566 Douglas,
784 535 824 555 ex
847 525 1019 565 conjuncta
1041 524 1261 555 infeodacione
1284 522 1401 564 viginti

348 578 486 615 quatuor
519 578 732 606 marcatarum
762 578 918 606 terrarum
949 574 988 605 de
1018 574 1156 605 baroniis
1188 573 1227 604 de
1265 572 1403 604 Leswalt

349 628 382 654 et
419 623 588 665 Menebrig
625 624 841 665 predictarum
882 624 976 661 facta,
1014 626 1051 654 ut
1088 625 1178 664 patet
1214 623 1250 654 in
1287 621 1401 653 rotulis

349 673 594 713 precedentibus
639 674 678 705 de
720 684 805 709 anno
851 674 1002 714 computi,
1040 673 1095 714 xvj
1127 673 1158 703 n.
1213 673 1256 703 Et-
1293 672 1404 704 eedem

351 722 517 759 Cristiane,
548 732 604 763 pro
642 723 742 754 tercia
780 723 842 754 sibi
873 724 981 754 debita
1012 723 1050 754 de
1089 722 1214 754 residuo
1246 722 1404 753 dictarum

351 771 554 803 baroniarum
570 773 609 803 de
626 783 709 803 anno
732 773 884 814 computi,
901 773 979 814 xviij
997 773 1028 804 fi.
1047 783 1067 803 x
1084 772 1113 803 d.
1159 773 1202 803 Et
1218 772 1331 809 eidem,
1346 781 1402 812 per

350 821 578 853 liberacionem
613 822 732 853 factam
769 822 898 853 domino
929 822 1049 853 Thome
1080 822 1101 853 J
1105 822 1214 863 offray,
1252 821 1404 862 magistro

350 871 469 902 fabrice
493 872 532 903 de
555 872 702 909 Newerk,
719 872 759 903 ad
782 872 902 903 dictam
926 872 1089 908 fabricam,
1112 871 1182 912 ipso
1205 882 1262 913 per
1277 871 1404 902 literam

350 931 449 951 manu
472 931 530 951 sua
553 921 705 962 scriptam
722 922 843 953 fatente
865 924 1031 963 receptum
1054 932 1150 962 snper
1168 923 1356 962 computum
1372 923 1404 951 et

351 971 390 1001 de
406 970 523 1010 quibus
539 970 679 1001 reddidit
701 975 897 1011 computum,
914 981 958 1002 xx
973 971 1004 1002 ri.
1050 971 1093 1002 Et
1109 971 1222 1008 eidem,
1238 980 1295 1011 per
1309 969 1405 1001 liber-

352 1021 495 1051 acionem
521 1020 639 1051 factam
665 1020 810 1051 Johanni
836 1020 1084 1058 Halkerstoune,
1111 1020 1262 1061 magistro
1286 1019 1406 1050 fabrice

352 1071 477 1113 collegii
488 1072 603 1103 Sancte
613 1072 778 1103 Trinitatis
791 1072 1082 1113 propeEdinburgh
1093 1072 1131 1103 de
1137 1072 1237 1103 firmis
1249 1074 1406 1102 terrarum

352 1122 391 1153 de
422 1122 626 1159 Kirkandris‚
652 1122 691 1153 de
720 1122 871 1153 mandato
895 1122 1017 1153 domini
1039 1122 1121 1163 regis
1148 1122 1322 1153 literatorio
1347 1121 1406 1152 sub

353 1172 476 1213 signeto
500 1172 698 1203 auditoribus
714 1173 863 1203 scaccarii
879 1172 1007 1210 directo,
1023 1172 1155 1203 custode
1175 1171 1294 1213 privati
1309 1171 1408 1212 sigilli

354 1234 394 1254 ex
410 1227 499 1264 parte
515 1224 593 1255 dicti
608 1224 630 1255 J
633 1224 768 1255 ohannis
784 1224 906 1256 fatente
922 1227 1086 1265 receptum
1099 1234 1195 1265 super
1211 1227 1406 1264 computum,

355 1284 399 1304 xx
414 1273 456 1310 n,
479 1283 535 1314 pro
559 1273 676 1314 quibus
701 1273 805 1305 dictus
828 1274 995 1305 Johannes
1017 1273 1228 1314 respondebit.
1276 1273 1408 1303 Summa

355 1374 482 1414 quibus,
513 1373 647 1405 allocate
682 1375 885 1414 computanti
911 1385 968 1415 pro
999 1374 1131 1415 triginta
1161 1373 1275 1405 celdris
1313 1373 1408 1404 calcis

357 1423 524 1464 sexaginta
569 1423 684 1454 celdris
737 1424 839 1455 saboli
887 1427 919 1455 et
971 1424 1163 1465 octingentis
1215 1423 1408 1464 ponderibus

356 1483 511 1513 equorum
526 1473 560 1504 in
577 1473 737 1514 lapidibus
754 1474 812 1514 qui
835 1474 981 1505 demoliti
1003 1475 1136 1505 fuerunt
1151 1474 1190 1505 de
1206 1483 1297 1504 muro
1313 1472 1409 1503 castri

357 1523 396 1553 de
413 1522 566 1553 Strivelin
590 1526 622 1553 et
638 1523 754 1554 iterum
777 1524 960 1561 introducti,
983 1534 1108 1554 necnon
1131 1523 1290 1564 stipendio
1306 1522 1408 1553 labor-

357 1572 485 1603 ancium
497 1572 531 1602 in
544 1572 685 1603 mixtura
698 1573 793 1604 calcis
805 1577 836 1604 et
852 1573 960 1610 saboli,
974 1583 1011 1603 ac
1027 1573 1118 1603 feodo
1134 1573 1248 1604 Jacobi
1263 1572 1408 1603 Wilsone

357 1621 532 1652 laborantis
573 1621 693 1652 ibidem
723 1632 780 1662 per
817 1622 1028 1663 quadraginta
1066 1622 1143 1658 dies,
1180 1622 1249 1662 ipso
1286 1621 1408 1652 fatente

357 1674 520 1712 receptum
545 1674 577 1702 et
599 1681 656 1712 pro
680 1672 796 1712 quibus
820 1671 924 1703 dictus
947 1672 1088 1703 Jacobus
1112 1671 1256 1702 KVilsone
1279 1681 1407 1712 respon-

357 1721 453 1758 debit,
478 1721 556 1761 xxiij
583 1720 615 1752 Ῐί.
640 1721 718 1761 xviij
745 1726 767 1752 s.
793 1721 839 1761 iiij
858 1721 885 1752 d.
932 1721 975 1752 Et
1001 1720 1113 1758 eidem,
1140 1731 1196 1762 pro
1219 1725 1290 1752 octo
1313 1720 1408 1752 bollis

358 1780 531 1801 avenarum
571 1770 609 1801 de
646 1770 844 1808 Kindeleith‚
892 1770 1035 1802 liberatis
1070 1780 1127 1811 per
1168 1773 1408 1812 computantem

357 1820 509 1860 magistro
533 1819 637 1850 averie
661 1819 783 1851 domini
805 1820 897 1861 regis,
920 1830 983 1860 que
999 1820 1160 1850 intrantur
1182 1820 1216 1850 in
1232 1819 1322 1851 libris
1339 1820 1408 1851 sine

358 1869 464 1910 precio
488 1873 520 1900 et
542 1869 805 1910 expendebantur
828 1870 862 1900 in
885 1869 1011 1901 stabulo
1035 1870 1125 1910 regis,
1149 1870 1225 1910 xxvj
1250 1873 1274 1901 ἓ.
1297 1870 1353 1910 viij
1378 1869 1407 1900 d.

357 1920 400 1950 Et
416 1919 527 1956 eidem,
543 1929 599 1959 pro
612 1919 760 1959 expensis
776 1919 869 1950 factis
882 1930 938 1960 per
950 1923 1189 1960 computantem
1205 1930 1301 1961 super
1316 1920 1410 1951 certis

358 1969 562 2000 incarceratis
585 1969 619 1999 in
641 1971 745 1999 castro
761 1969 800 2000 de
818 1969 1044 2001 Dundolnalde
1067 1980 1124 2010 pro
1146 1969 1212 2001 suis
1235 1973 1408 2010 transgres-

359 2019 510 2055 sionibus,
526 2018 565 2048 de
588 2017 740 2048 mandato
764 2018 886 2049 domini
908 2019 989 2059 regis
1012 2018 1187 2050 literatorio
1211 2019 1271 2049 sub
1286 2018 1409 2059 signeto

359 2072 485 2099 ostenso
502 2078 596 2108 super
620 2071 814 2108 computum,
839 2078 878 2098 ex
895 2068 1150 2099 consideracione
1171 2068 1352 2099 auditorum
1369 2068 1409 2099 ad

358 2127 496 2159 presens,
519 2117 553 2157 iij
571 2116 601 2147 n
649 2117 708 2157 [To
736 2118 942 2158 Comptroller,
957 2118 1012 2148 ,432
1034 2119 1098 2149 173.
1121 2118 1187 2158 Μ]
1232 2118 1274 2148 Et
1297 2117 1410 2154 eidem,

359 2167 398 2198 de
423 2166 522 2197 firmis
538 2169 695 2197 terrarum
720 2166 758 2197 de
775 2166 941 2208 Turnbery
966 2167 1004 2198 de
1029 2167 1166 2198 termino
1183 2166 1410 2198 Penthecostes

360 2216 483 2253 ultimo,
499 2226 539 2247 ex
562 2226 598 2246 eo
615 2215 700 2256 quod
723 2215 807 2246 dicte
828 2219 909 2247 terre
931 2216 1149 2247 conceduntur
1172 2226 1228 2257 per
1243 2216 1409 2248 dominum

359 2275 465 2306 regem
486 2268 560 2296 ante
583 2264 706 2296 dictum
733 2265 907 2296 terminum
934 2265 1121 2297 hereditarie
1146 2275 1202 2307 per
1230 2269 1351 2297 cartam
1378 2269 1410 2296 et

1539 706 1542 707 ¹
1537 493 1551 690 *manassae-s„
1538 442 1551 479 ῃ(-
1550 414 1551 419 „
1548 393 1551 401 Α.
1542 355 1551 382 κ..
1544 272 1551 335 .-Αᾼ
1543 225 1551 246 .-

1534 756 1551 846 ali-ss
