1551 2462
147 239 236 268 1461.
455 239 617 270 REGUM
641 239 886 270 SCOTORUM.
1151 242 1190 270 55

144 333 165 353 v
181 323 212 354 11.
231 325 262 365 vj
287 329 310 356 ἔ.
335 325 389 366 viij
413 325 442 357 d.
467 329 623 356 terrarum
646 326 685 357 de
709 326 815 357 Lecco.
862 326 904 356 Et
927 325 966 357 de
983 325 1038 366 viij
1055 325 1087 357 11.
1104 325 1189 356 (1616

144 373 227 405 Kers
250 377 283 405 et
306 375 520 407 Casteltoune.
565 376 607 406 Et
629 376 668 407 de
694 375 723 406 Χ]
745 380 768 407 ἕ,
785 375 824 406 (16
847 375 877 406 16
901 375 984 406 Kers
1007 376 1046 406 (16
1070 376 1189 405 Drum-

143 422 218 463 fyne
241 434 315 455 cum
331 425 514 456 molendino
530 427 562 456 et
585 428 683 466 prato.
729 425 772 456 Et
794 425 833 456 de
856 425 912 465 viij
930 425 961 455 fi.
978 427 1133 455 terrarum
1150 424 1189 455 de

141 471 171 503 16
188 472 284 505 Gask.
328 474 371 504 Et
386 474 449 505 de'
442 474 474 514 iij
492 474 523 504 fi
541 477 695 505 terrarum
712 474 750 505 (16
767 474 946 515 Carroglen.
992 474 1035 504 Et
1051 474 1089 504 de
1105 474 1137 514 vj
1155 473 1186 504 H.

140 572 311 604 marklane.
356 573 399 604 Et
426 573 464 605 (16
487 584 507 603 v
531 549 562 604 fi.
588 577 745 604 terrarum
770 573 808 604 (16
832 573 1035 614 Inneryelye
1078 573 1120 603 Et
1147 573 1186 604 (16

139 630 160 650 v
183 621 214 652 11¹.
241 624 395 653 terrarum
420 623 459 654 (16
485 623 675 664 Fyntelych.
721 623 764 654 Et
788 623 827 654 de
852 633 872 653 v
899 622 930 653 11.
959 623 990 663 vJ'
1019 633 1042 653 s.
1070 622 1126 663 viij
1155 622 1185 654 (ἶ.

111 669 118 671 ’
140 674 294 702 terrarum
327 672 366 703 de
402 673 572 713 Kingarth.
617 673 660 703 Et
684 669 788 713 (1611]
823 672 855 703 11.
890 676 1047 703 terrarum
1081 672 1121 703 de
1155 672 1185 704 le

140 718 233 761 Lurg.
279 721 321 753 Et
343 722 383 753 de
406 722 453 763 liij
478 726 500 754 ἓ.
525 722 570 763 iiij
596 722 624 753 d.
648 726 805 753 terrarum
829 722 868 753 de
890 722 922 753 16
945 722 1034 753 Ross.
1079 722 1122 752 Et
1145 722 1184 753 de

137 769 192 810 viij
210 770 241 801 fi.
255 774 411 803 terrarum
421 771 460 803 de
476 772 754 812 Tulybanquhare.
788 773 830 803 Et
843 772 881 803 de
898 772 963 812 xxij
981 771 1014 803 h'.
1027 775 1184 802 terrarum

136 818 175 850 de
191 820 419 854 Dunnedurne.
466 821 508 852 Et
530 821 569 852 de
585 822 660 862 iijl
636 821 667 852 ῘΪ.
692 822 722 862 vj
748 826 771 852 ἔ.
795 822 851 862 viij
869 821 898 852 d
922 824 1080 852 terrarum
1096 821 1135 852 de
1152 821 1182 852 16

135 869 211 900 Port
227 870 265 901 de
281 870 450 902 Locherne.
496 871 538 901 Et
561 871 600 902 de
623 871 656 901 xl
680 882 702 902 s.
727 875 884 902 terrarum
907 871 946 901 de
968 870 1093 901 Morell
1139 871 1182 902 Et

135 918 174 950 dc
197 920 229 960 vj
257 920 372 975 11.2fiiJ
399 931 421 951 s.
445 920 491 961 iiij
520 920 550 954 d.
577 926 734 952 terrarum
760 921 799 951 de
823 920 1032 951 Glentarkan.
1077 920 1120 950 Et
1142 920 1181 952 de

134 969 188 1009 xvj
214 969 246 1000 n.
275 969 331 1010 xiij
361 980 384 1002 s.
411 970 457 1010 iiij
486 970 515 1000 d.
541 974 698 1001 terrarum
723 970 762 1001 dc
790 970 983 1010 Glenbethy,
1005 969 1181 1007 Ardbethe,

135 1017 258 1060 Glenog,
251 1019 305 1056 riu,
331 1022 362 1050 et
389 1019 564 1060 Achinray,
591 1020 646 1050 sed.
669 1020 753 1050 dicte
780 1023 864 1050 terre
895 1019 1100 1059 reperiuntur
1123 1030 1181 1060 per

132 1067 378 1108 inquisicionem
401 1069 506 1101 valere
530 1069 646 1110 viginti
668 1069 774 1100 libras.
820 1069 863 1099 Et
886 1069 925 1100 (16
948 1068 998 1109 liij
1023 1079 1046 1099 s.
1072 1069 1118 1109 iiij
1149 1069 1178 1100 d.

132 1167 233 1198 Toftis
250 1167 288 1198 de
305 1167 477 1208 Drumfyn.
523 1169 564 1199 Et
581 1168 621 1200 (16
643 1179 665 1199 v
687 1168 718 1199 11'.
743 1169 775 1209 vJ'
801 1173 825 1200 ἒ.
840 1168 895 1209 viij
921 1168 950 1199 d.
967 1171 1122 1199 terrarum
1139 1169 1177 1200 de

133 1216 303 1254 Strowane‚
331 1218 386 1251 sed
410 1217 495 1249 dicte
519 1221 602 1249 terre
628 1218 667 1249 de
698 1219 862 1249 Strowane
889 1228 962 1248 cum
992 1218 1177 1259 prescriptis

131 1266 222 1297 terris
235 1267 273 1297 (16
286 1267 534 1298 Westirlochlan
550 1268 779 1298 assedabantur
793 1267 826 1298 in
844 1267 976 1308 antiquo
991 1267 1108 1298 rentali
1120 1278 1176 1309 pro

129 1315 239 1347 decem
269 1316 359 1348 libris
390 1317 556 1350 tresdecim
590 1317 699 1348 solidis
731 1321 869 1358 quatuor
894 1317 1041 1353 denariis,
1068 1321 1101 1348 et
1131 1318 1176 1348 sic

129 1366 310 1398 decidencie
335 1367 498 1399 firmarum
530 1368 702 1398 earundem
733 1371 810 1398 sunt
836 1367 1046 1408 quadraginta
1073 1368 1174 1399 solidi.

128 1417 171 1447 Et
186 1417 225 1448 de
248 1417 294 1457 iiij
318 1417 351 1448 n.
374 1420 529 1448 terrarum
554 1417 593 1448 de
615 1417 903 1461 Westirdowallyc.
950 1417 992 1448 Et
1016 1417 1055 1448 de
1080 1417 1126 1458 liij
1151 1422 1173 1448 ἒ.

127 1466 173 1507 iiij
205 1466 234 1499 d.
268 1470 424 1498 terrarum
455 1466 494 1498 de
525 1464 733 1497 Estirdowne.
779 1467 822 1497 Et
852 1467 891 1497 de
921 1467 977 1507 xiij
1011 1471 1034 1498 ἓ.
1065 1467 1112 1508 iiij
1144 1467 1262 1499 (111018.

77 1545 81 1549 .
127 1519 283 1548 terrarum
320 1517 359 1548 de
397 1517 596 1548 Thomknok.
643 1517 684 1547 Et
714 1517 753 1548 de
791 1527 812 1547 x
846 1521 869 1548 ἒ.
900 1517 1000 1547 annui
1030 1517 1174 1548 redditus

127 1569 280 1597 terrarum
304 1566 342 1598 de
367 1566 511 1607 Dufglas.
558 1567 600 1597 Et
623 1566 662 1597 (16
689 1567 779 1607 xxxij
803 1566 835 1598 fi.
860 1570 1018 1597 terrarum
1045 1567 1083 1598 de
1110 1571 1175 1598 twa

127 1615 308 1656 Kynkellis.
354 1616 396 1646 Et
423 1616 461 1647 de
491 1616 523 1646 xl
549 1620 572 1647 ἔ.
600 1620 755 1647 terrarum
783 1616 821 1647 de
852 1616 1020 1657 Petlandy.
1066 1617 1108 1647 Et
1135 1616 1174 1648 de

127 1665 195 1705 xiiij
212 1664 243 1695 fi.
261 1665 316 1706 xiij
334 1669 357 1696 ἔ.
381 1665 427 1706 iiij
452 1665 481 1697 d.
506 1670 660 1696 terrarum
685 1665 723 1697 (16
740 1669 804 1696 twa
826 1665 1023 1696 Estircreffis.
1070 1666 1112 1696 Et
1135 1666 1174 1697 de

127 1725 148 1745 x
164 1714 196 1746 11.
212 1715 251 1746 (16
267 1715 366 1746 firmis
389 1715 565 1746 molendini
591 1715 630 1746 (16
653 1715 799 1756 Mylnap.
847 1715 889 1745 Et
912 1714 951 1745 de
975 1725 995 1745 x
1018 1714 1050 1747 fi.
1075 1716 1131 1756 xiij
1149 1720 1173 1746 ἓ.

129 1763 172 1804 iiij
201 1764 229 1795 d.
254 1769 410 1795 terrarum
433 1764 472 1795 de
498 1764 676 1805 Uthirtyre.
722 1765 765 1795 Et
789 1764 829 1795 (16
856 1775 876 1795 ν
897 1764 929 1795 fi.
954 1767 1111 1795 terrarum
1134 1765 1173 1796 (16

125 1813 286 1855 Drummy
310 1813 504 1854 Fauqualye.
550 1814 592 1844 Et
610 1814 649 1845 de
672 1814 707 1854 iij
725 1814 756 1845 11¹.
781 1814 812 1854 vj
838 1818 860 1845 ἒ.
884 1814 940 1854 viij
962 1814 993 1844 d.
1017 1817 1173 1844 terrarum

125 1863 164 1894 de
184 1862 473 1904 Lettorbannochy.
519 1864 562 1894 Et
578 1863 616 1894 de
638 1874 658 1894 v
680 1863 712 1894 ti
729 1864 761 1904 vj
786 1868 808 1894 ἑ.
827 1863 883 1904 viij
908 1863 936 1894 d.
961 1866 1116 1894 terrarum
1133 1864 1172 1894 de

125 1912 261 1954 Bothny.
307 1913 350 1944 Et
365 1913 404 1944 de
420 1923 441 1942 v
456 1912 489 1944 11.
506 1913 544 1944 (16
561 1913 660 1943 firmis
684 1912 860 1943 molendini
877 1912 915 1942 de
931 1911 1172 1943 Abbirlednach

123 1961 162 1993 de
192 1962 337 1993 terminis
368 1962 514 2003 compoti.
560 1963 602 1993 Et
625 1962 663 1993 de
684 1962 715 2003 xj
740 1962 851 1992 martis
875 1961 969 1992 dictis
992 1961 1172 1993 martfoden

123 2007 257 2053 rcceptis
288 2022 307 2043 a
337 2012 431 2043 certis
461 2012 637 2043 husbandis
675 2012 754 2043 dicti
784 2012 954 2043 comitatus
993 2021 1049 2051 per
1086 2011 1172 2042 idem

123 2064 257 2102 tempus.
304 2062 435 2092 Summa
459 2062 562 2092 oneris
578 2061 713 2103 pecunie
736 2061 906 2092 comitatus
922 2060 961 2091 de
979 2060 1172 2097 Stratherne,

122 2109 275 2151 iij⁰lxxiiij
303 2110 334 2141 11.
367 2111 399 2151 iij
433 2115 455 2142 Ξ.
483 2111 528 2151 iiij
556 2111 585 2142 d.
631 2111 763 2142 Summa
789 2113 973 2147 martarum,
1001 2110 1033 2150 xj
1062 2113 1171 2142 marte.

123 2161 254 2192 Summa
271 2161 367 2192 brasii
383 2161 525 2202 ejusdem
542 2161 722 2198 comitatus,
739 2160 793 2201 viij
812 2160 904 2191 bolle.
