1551 2462
361 234 401 262 34
674 230 838 261 norum
863 228 1098 261 svooARu
1321 202 1412 259 1460.

358 334 415 355 suo
439 323 478 354 de
501 322 638 354 termino
662 322 759 364 hujus
783 322 931 363 compoti,
954 322 994 353 de
1017 320 1169 352 mandato
1192 320 1313 352 domini
1329 320 1412 361 regis

357 373 532 405 literatorio
555 373 615 404 sub
638 373 771 414 signeto,
794 373 863 413 ipso
887 372 1009 403 fatente
1025 381 1082 412 per
1104 381 1178 402 suas
1192 370 1302 402 literas
1318 380 1414 411 super

357 426 551 464 compotum,
567 423 610 464 vij
628 422 660 454 fi.
706 423 749 453 Et
764 423 790 453 F
792 422 878 453 inlao
902 422 1035 452 Bowax‘e
1058 431 1115 462 pro
1131 420 1256 451 factura
1272 430 1413 458 arcuum,

356 472 396 503 de
419 472 570 503 mandato
594 471 717 502 domini
739 471 821 512 regis
844 471 1021 502 literatorio
1052 474 1179 501 ostenso
1202 479 1298 510 super
1327 479 1413 500 oom-

355 525 468 563 potum
487 522 545 553 sub
562 521 693 562 signeto,
711 532 730 552 x
748 525 771 552 s.
815 521 858 552 Et
874 531 931 561 per
942 520 1140 552 solucionem
1157 520 1273 551 factam
1291 519 1412 550 Thome

355 570 444 608 Hall,
460 570 586 602 seissori
601 570 724 601 domini
740 570 831 611 regis,
846 580 902 610 pro
919 569 1011 601 feodo
1027 580 1084 600 suo
1100 572 1133 600 et
1148 569 1282 600 artifieio
1298 579 1355 600 suo
1372 569 1411 600 de

355 620 493 652 termino
510 620 658 661 compoti,
677 620 716 651 de
740 619 891 650 mandato
915 619 1038 650 domini
1060 619 1142 660 regis
1157 618 1333 650 literatorio
1350 618 1410 649 sub

354 670 479 711 signeto
496 673 623 701 ostenso
633 680 728 711 super
741 673 933 710 compotum,
944 669 987 710 vij
1005 669 1039 701 11.
1084 669 1127 700 Et
1142 669 1266 710 Ligiero
1277 668 1411 706 Gallico,

353 719 467 751 factori
478 720 733 761 briggandarum,
743 730 800 760 pro
814 719 906 751 feodo
917 729 973 750 suo
984 719 1023 750 de
1036 719 1121 750 dioto
1133 719 1278 756 termino,
1290 721 1322 749 et
1332 718 1410 749 duo-

353 769 413 800 bus
429 769 560 810 paribus
577 768 826 810 briggandarum
849 769 966 809 emptis
983 771 1015 800 et
1030 768 1167 809 receptis
1183 768 1222 799 ab
1239 768 1358 805 eodem,
1370 767 1409 799 de

352 819 504 850 mandato
522 819 650 850 domine
666 820 774 860 regine
790 822 822 850 et
837 819 1041 850 dominorum
1058 818 1095 849 de
1111 817 1252 855 consilio,
1268 821 1305 848 ut
1319 820 1410 858 patet

351 879 408 910 per
424 869 514 900 binas
530 868 639 900 literas
657 869 800 909 ejusdem
816 871 959 899 ostensas
975 878 1070 909 super
1085 871 1278 908 compotum,
1301 867 1357 908 xiij
1374 867 1408 898 fi.

351 918 409 959 xiij
427 922 449 949 ἓ.
467 918 512 959 iiij
531 918 560 949 d.
606 919 649 949 Et
673 918 784 955 eidem,
807 929 863 959 per
886 917 1082 949 solucionem
1107 917 1227 948 factam
1243 917 1409 958 Serapioni

351 968 483 1005 medico,
514 968 553 999 de
586 968 737 999 mandato
768 968 890 999 domini
920 968 1002 1008 regis
1034 967 1086 1008 pio
1117 967 1269 999 memorie
1294 967 1408 998 ultimo

351 1018 505 1055 defuncti,
521 1029 542 1049 x
557 1018 600 1055 Ji„
617 1021 649 1049 et
671 1017 844 1048 mandatur
866 1017 1063 1058 compotanti
1084 1016 1170 1057 quod
1188 1016 1326 1057 amplius
1343 1027 1407 1047 non

350 1067 455 1098 solvat
470 1067 534 1098 nisi
550 1067 667 1098 habeat
683 1077 804 1098 novum
827 1066 1023 1097 mandatum.
1069 1066 1112 1097 Et
1122 1066 1233 1103 eidem,
1249 1077 1306 1107 per
1321 1066 1407 1098 solu-

351 1117 474 1148 cionem
492 1117 610 1148 faotam
625 1117 791 1148 Willelmo
807 1116 845 1148 de
863 1116 1033 1153 Aehinlek,
1050 1116 1184 1153 soissori,
1201 1116 1239 1147 de
1255 1116 1406 1147 mandato

350 1166 473 1197 domini
489 1167 570 1207 regis
586 1166 739 1204 moderni,
755 1176 813 1207 pro
828 1166 972 1197 vestibus
995 1166 1088 1197 factis
1112 1166 1177 1207 regi
1193 1166 1353 1203 defuneto,
1369 1169 1406 1197 ut

348 1219 438 1257 patet
461 1227 518 1257 per
540 1216 649 1247 literas
674 1216 795 1247 domini
817 1215 899 1256 regis
923 1215 982 1246 sub
1006 1215 1129 1257 signeto
1153 1218 1294 1247 ostensas
1310 1225 1405 1256 super

349 1269 544 1307 compotum,
554 1266 623 1306 xliij
642 1270 666 1297 S.
704 1266 747 1296 Et
763 1265 876 1303 eidem,
886 1276 942 1306 per
954 1265 1151 1297 soluoionem
1166 1265 1284 1297 factam
1300 1265 1404 1296 Eliza-

349 1316 426 1347 beth
442 1315 481 1347 de
497 1316 641 1352 Dunbar,
658 1315 696 1346 de
719 1315 872 1346 mandato
895 1314 1018 1346 domini
1040 1315 1122 1356 regis
1145 1315 1320 1346 literatorio
1343 1315 1403 1346 sub

348 1365 470 1407 signeto
494 1368 620 1396 ostenso
644 1375 739 1405 super
762 1367 955 1405 compotum,
979 1364 1037 1404 xiij
1061 1364 1093 1396 fi.
1110 1364 1141 1405 vj
1167 1368 1189 1396 s.
1213 1364 1268 1405 viij
1286 1365 1314 1396 d.
1360 1365 1404 1396 Et

347 1424 404 1456 per
419 1414 616 1445 solucionem
634 1413 750 1444 factam
768 1413 918 1454 magistro
934 1413 957 1444 J
959 1414 1056 1444 aoobo
1067 1414 1246 1455 Lyndesay,
1262 1414 1301 1445 de
1318 1414 1403 1446 dioto

347 1464 499 1495 mandato
520 1463 696 1494 literatorie
719 1463 779 1493 sub
802 1463 925 1503 signeto
949 1466 1075 1494 ostenso
1091 1474 1186 1504 super
1207 1467 1402 1505 compotum,

347 1514 407 1545 sub
435 1513 578 1554 periculo
602 1513 823 1553 compotantis,
848 1523 868 1543 v
892 1512 924 1543 ti.
979 1513 1021 1544 Et
1048 1513 1133 1545 dioto
1157 1514 1316 1551 Dedirico‚
1344 1524 1402 1555 pro

347 1563 439 1595 feodo
455 1573 512 1594 suo
529 1563 568 1594 de
584 1562 720 1594 termino
744 1563 892 1603 compoti,
908 1563 946 1594 de
969 1563 1121 1594 mandato
1137 1563 1279 1605 predicto
1294 1564 1401 1595 litera-

346 1613 435 1650 torio,
452 1623 488 1644 eo
501 1612 587 1653 quod
602 1611 773 1642 mandatur
796 1612 919 1643 solvere
935 1612 997 1643 sibi
1020 1613 1129 1644 decem
1152 1613 1258 1650 libras,
1275 1617 1307 1644 et
1323 1613 1401 1645 allo-

346 1666 460 1695 cantur
476 1663 537 1694 sibi
553 1662 750 1703 compotanti
766 1662 828 1692 nisi
851 1662 960 1693 decem
983 1673 1088 1694 marce
1103 1663 1138 1693 in
1158 1663 1299 1704 presenti
1315 1674 1401 1694 oom-

345 1716 430 1754 poto,
446 1712 480 1752 iij
496 1711 528 1742 fi.
545 1711 576 1752 vj
595 1715 617 1742 ἔ.
635 1711 692 1750 viij
709 1710 738 1741 d.
784 1711 826 1741 Et
842 1711 954 1748 eidem,
970 1722 1027 1752 pro
1043 1713 1191 1753 expensis
1207 1713 1300 1744 factis
1316 1713 1400 1745 circa

346 1762 545 1803 sepulturam
567 1760 689 1791 domini
711 1760 793 1801 regis
817 1761 868 1801 pie
891 1761 1051 1799 memorie,
1071 1762 1222 1794 videlieet
1245 1762 1310 1793 tela
1325 1763 1400 1799 lata,

346 1822 425 1848 cera,
442 1813 474 1842 et
489 1810 560 1841 aliis
576 1809 718 1847 minutis,
729 1813 766 1839 ut
777 1813 867 1850 patet
882 1810 916 1840 in
931 1810 1013 1841 libro
1029 1813 1242 1852 computantis
1257 1812 1399 1853 particu-

345 1860 455 1892 lariter
477 1859 659 1891 examinato
676 1868 770 1899 super
787 1861 979 1899 compotum,
995 1860 1028 1900 xj
1052 1860 1084 1890 fi.
1102 1861 1133 1901 xj
1158 1865 1180 1892 ἔ.
1226 1862 1269 1892 Et
1285 1861 1398 1899 eidem,

346 1922 403 1952 pro
419 1910 567 1952 expensis
580 1909 673 1940 factis
685 1919 742 1950 per
754 1912 1000 1949 compotantem‚
1016 1909 1166 1941 videlicet
1181 1911 1285 1942 tribus
1301 1911 1399 1952 piliis,

346 1972 402 1993 sex
426 1961 511 1991 ulnis
535 1959 659 1997 fustini,
686 1959 752 1990 lata
781 1958 855 1996 tela,
879 1958 1002 1990 duabus
1033 1959 1123 1990 libris
1151 1960 1189 1992 de
1220 1964 1342 1999 cotone,
1365 1964 1398 1992 et

346 2011 479 2042 diversis
502 2009 574 2041 aliis
597 2008 739 2046 minutis,
762 2008 905 2039 liberatis
935 2008 976 2039 ad
1006 2009 1169 2041 Andream
1200 2010 1333 2042 Balfour
1355 2011 1396 2042 ad

345 2070 501 2101 expensas
518 2059 639 2090 domini
654 2058 736 2099 regis
758 2068 815 2099 pro
838 2058 904 2089 suis
920 2058 1049 2089 verletis
1065 2062 1207 2100 tempore
1223 2070 1287 2100 quo
1303 2060 1395 2101 equi-

345 2110 428 2141 tavit
443 2109 483 2140 ad
500 2119 591 2140 suam
607 2107 855 2144 coronacionem,
871 2118 960 2138 xxxv
984 2111 1007 2139 ἔ.
1032 2118 1053 2139 x
1076 2107 1104 2139 d.
1151 2109 1193 2139 Et
1209 2109 1322 2147 eidem,
1337 2119 1394 2150 pro

344 2159 492 2201 expensis
508 2158 601 2190 factis
617 2158 651 2189 in
668 2160 810 2189 extremo
826 2157 962 2198 suplicio
978 2157 1112 2189 Henrioi
1129 2158 1233 2196 Were,
1249 2159 1287 2191 de
1304 2169 1394 2191 man·
