1551 2462
149 257 238 287 1460.
460 254 622 286 REGUM
645 254 892 286 SCOTORUM.
1158 258 1196 286 35

146 348 221 379 dato
259 347 459 379 dominorum
497 348 536 379 de
573 348 714 385 consilio,
759 351 979 389 compotorum
1023 348 1197 379 rotulatore

146 400 284 430 testante
307 397 495 428 mandatum
519 408 614 438 super
636 401 828 438 compotum,
852 398 908 437 xiij
941 401 963 428 s.
995 397 1051 438 viij
1080 397 1108 428 d.
1155 398 1198 428 Et

145 447 256 485 eidem,
272 457 328 488 pro
344 457 408 478 uno
430 458 506 488 pare
529 447 568 479 de
591 447 717 489 bulyeis
731 447 867 479 liberato
883 446 1048 478 Willelmo
1063 447 1197 477 Hakket

145 507 202 538 pro
217 497 302 528 vasis
325 498 483 538 argenteis
499 497 688 535 deferendis,
712 497 750 529 de
766 497 918 528 mandato
935 497 1063 528 domine
1080 497 1196 538 regine,

146 547 297 588 magistro
326 546 512 578 Alexandro
542 548 676 588 Murray
706 550 844 578 testante
882 546 1071 577 mandatum
1102 556 1197 587 super

147 599 338 637 compotum,
361 607 406 627 xx
437 601 460 628 ἕ.
508 596 797 639 [Overexpanditure
820 597 857 627 'm
879 597 939 627 last
962 599 1097 633 account,
1120 596 1197 626 AZW

146 647 188 677 83.
215 645 288 688 Oygd.
334 646 421 683 Sum,
437 648 536 685 ⁴340&
551 648 614 677 Les.
638 646 712 688 572⁶&
759 646 902 683 Balawzce,
927 646 1025 677 „3276
1041 646 1105 677 183.
1122 644 1194 686 772³&
1211 668 1375 697 Respondebit

148 695 193 736 Of
211 696 310 726 which,
340 699 369 726 to
395 696 512 727 Master
535 696 715 727 Alemander
738 696 885 736 M'nrrccy,
915 695 1013 726 „260316
1039 696 1081 726 223.
1108 693 1196 737 Vlixi]
1211 699 1318 727 Murray.

146 745 189 775 Et
204 745 332 782 eisdem,
347 756 404 786 pro
420 756 538 783 mensa,
553 745 707 776 sedilibus
723 745 756 776 in
773 745 866 776 domo
888 745 1045 782 scaccarii,
1062 749 1199 785 quatuor

147 794 233 825 ulnis
263 795 363 835 panni
393 795 510 826 veridis
541 795 582 826 ad
612 795 857 836 cooperiendum
888 794 1006 825 dictam
1044 804 1198 832 mensam,

148 843 246 874 clavis
262 846 294 875 et
309 844 410 875 corrio
426 845 466 875 ad
482 844 624 883 eandem,
639 844 875 885 particulariter
896 844 1087 875 examinatis
1104 854 1199 884 super

148 896 340 934 compotum,
366 894 478 934 xxxvij
507 899 529 925 ἔ.
551 895 583 935 vj
611 894 640 925 d.
686 895 728 925 Et
749 905 805 935 pro
831 894 924 925 firma
950 893 1063 924 domus
1090 897 1197 924 custu-

148 943 329 981 mariorum,
344 943 379 974 xl
395 948 418 975 s.
463 944 506 974 Et
522 944 633 981 eidem,
649 954 705 984 per
725 944 922 975 solucionem
935 943 1053 974 factam
1070 943 1198 974 domino

150 991 171 1022 J
173 992 269 1023 acobo
286 993 422 1024 Stewart
443 1003 500 1034 pro
517 993 609 1024 feodo
625 1004 691 1030 suo,
708 993 745 1024 de
767 993 917 1023 mandato
939 992 1066 1023 domine
1082 993 1199 1033 regine,

149 1042 279 1073 custode
294 1042 412 1083 privati
428 1043 525 1084 sigilli
540 1046 679 1074 testante
695 1043 882 1074 mandatum
895 1053 990 1083 super
1006 1046 1198 1083 compotum,

150 1101 192 1121 xx
224 1091 256 1122 fi.
316 1092 359 1123 Et
389 1092 501 1129 eidem,
531 1103 588 1133 per
618 1093 814 1124 solucionem
845 1093 962 1124 factam
990 1092 1133 1123 Johanni
1159 1093 1199 1123 de

149 1140 325 1181 Dalrimpil
340 1151 396 1181 pro
413 1142 506 1173 certis
527 1142 692 1182 speciebus
711 1142 827 1182 emptis
850 1141 889 1172 ab
906 1142 1016 1172 eodem
1033 1145 1065 1172 et
1081 1152 1198 1182 expen-

150 1190 226 1221 ditis
242 1190 276 1221 in
291 1190 452 1222 domicilio
468 1191 589 1222 domini
605 1192 685 1232 regis
710 1191 791 1222 bone
811 1191 962 1222 memorie
978 1195 1120 1232 tempore
1136 1202 1199 1233 quo

149 1239 314 1272 Johannes
346 1241 519 1272 Lermonth
549 1242 745 1272 ministravit
774 1242 809 1272 in
846 1241 948 1272 officio
979 1245 1199 1282 compotorum

149 1289 340 1327 rotulatoris,
357 1293 388 1321 et
403 1291 529 1322 intratis
551 1291 670 1332 absque
693 1291 799 1332 precio
822 1291 857 1321 in
879 1291 968 1323 libris
985 1291 1150 1328 dietarum,
1168 1295 1200 1322 et

150 1339 339 1379 appreciatis
355 1350 450 1381 super
466 1344 658 1382 compotum,
673 1352 713 1371 ex
729 1340 984 1371 consideracione
1007 1340 1199 1377 auditorum,

145 1389 239 1429 j⁰xxx
269 1389 300 1421 fi.
325 1390 369 1430 vij
395 1394 418 1421 ἒ.
442 1390 463 1431 ij
490 1390 519 1421 d.
564 1391 607 1421 Et
637 1390 749 1427 eidem,
776 1400 832 1430 per
858 1390 1053 1421 solucionem
1081 1390 1199 1421 factam

149 1437 278 1469 domino
300 1439 485 1470 Alexandro
512 1439 649 1480 Napare,
673 1443 893 1480 compotorum
924 1440 1100 1476 rotulatori,
1130 1440 1198 1480 ipso

150 1487 271 1520 fatente
300 1493 464 1530 receptum
494 1499 589 1530 super
620 1492 812 1530 compotum,
835 1490 913 1530 xxvj
945 1493 978 1525 s„
1001 1500 1058 1530 pro
1081 1489 1197 1530 quibus
1213 1489 1377 1541 gesponrlebitt

148 1538 358 1578 respondebit.
404 1539 446 1569 Et
477 1539 588 1576 eidem,
611 1549 667 1579 pro
701 1539 795 1570 certis
826 1539 974 1579 expensis
997 1539 1092 1569 factis
1115 1526 1356 1571 circaiaigr‘im'm
1370 1525 1396 1541 u-

149 1587 329 1629 sepulcrum
360 1588 482 1619 domini
512 1589 593 1630 regis
623 1589 675 1629 pie
705 1588 865 1626 memorie,
891 1588 1042 1620 videlicet
1074 1588 1197 1620 duabus

149 1637 235 1669 ulnis
265 1648 337 1669 cum
367 1638 506 1669 dimedio
543 1638 643 1679 panni
673 1638 756 1679 nigri
792 1648 849 1678 pro
887 1637 1082 1678 coopertorio
1120 1637 1198 1668 dicti

151 1687 296 1728 sepulcri,
325 1698 450 1719 necnon
480 1698 537 1728 pro
571 1688 740 1728 stipendiis
771 1687 962 1728 carpentarii
999 1690 1032 1718 et
1067 1687 1198 1727 pictoris

149 1737 367 1769 laboranoium
383 1738 465 1769 circa
480 1738 602 1769 dictum
621 1737 813 1778 sepulcrum,
829 1737 863 1777 iij
881 1736 913 1768 fi.
958 1737 1001 1767 Et
1017 1736 1128 1773 eidem,
1140 1747 1197 1777 pro

150 1790 286 1828 quatuor
301 1787 387 1818 ulnis
403 1797 477 1819 cum
493 1790 605 1828 quarta
622 1787 722 1828 panni
737 1786 830 1818 serici
843 1787 921 1817 dicti
936 1786 1040 1817 vellus
1049 1787 1196 1827 purpurii

150 1836 270 1874 coloris,
286 1837 402 1877 emptis
426 1837 465 1868 ab
482 1837 592 1868 eodem
616 1837 655 1868 ad
679 1836 848 1868 clamidem
872 1836 993 1867 domini
1013 1836 1095 1877 regis
1116 1836 1197 1867 bone

150 1886 300 1917 memorie
316 1886 443 1927 quando
459 1887 618 1927 equitavit
640 1886 679 1918 ad
696 1886 872 1918 exercitum
887 1895 997 1917 versus
1013 1885 1198 1926 Roxburgb,

151 1936 293 1977 precium
308 1936 384 1968 ulne
400 1939 464 1968 tres
479 1936 559 1967 libre
575 1936 685 1967 decem
701 1935 804 1974 solidi,
827 1936 866 1967 de
878 1945 942 1976 qua
954 1944 1079 1966 summa
1095 1934 1198 1965 solute

151 1989 227 2017 sunt
242 1986 303 2017 sibi
317 1996 374 2027 per
389 1986 411 2017 J
413 1985 572 2017 ohannem
588 1985 771 2022 Lermonth,
781 1985 859 2016 alias
876 1987 1095 2025 compotorum
1111 1987 1197 2014 rotu-

152 2035 292 2072 latorem,
313 2035 474 2067 sexdecim
489 2045 602 2072 marce,
625 2045 647 2066 v
669 2035 701 2067 li.
725 2035 771 2075 iiij
797 2038 819 2065 ἕ.
844 2034 865 2074 ij
890 2033 920 2066 d.
965 2033 1008 2063 Et
1030 2032 1142 2070 eidem,
1159 2032 1197 2064 de

151 2084 251 2116 firmis
266 2084 432 2115 domorum
448 2084 569 2115 domini
581 2083 757 2116 Alexandri
772 2084 919 2114 Forestar
934 2082 972 2113 de
990 2081 1197 2122 Gorstorphin

151 2134 185 2165 in
207 2133 297 2171 Leth,
313 2136 539 2175 occupatarum
562 2144 636 2165 cum
651 2133 846 2164 victualibus
870 2132 991 2163 domini
1012 2131 1094 2172 regis
1117 2134 1198 2162 tem-

149 2193 225 2224 pore
240 2193 303 2224 quo
318 2184 340 2214 J
343 2183 482 2214 ohannes
505 2183 680 2215 Lermonth
703 2186 771 2214 erat
793 2186 1012 2223 compotorum
1035 2180 1199 2218 rotulator,
