1551 2462
97 1144 212 1175 Grana.

318 262 376 290 132
629 259 792 291 ROTULI
817 259 1051 291 SCACCARII
1276 262 1289 289 1
1297 261 1366 289 462.

314 352 398 383 infra
429 352 570 384 dominia
592 353 688 384 ballie
712 353 933 394 compotantis.
989 354 1032 384 Et
1054 353 1093 384 de
1116 352 1162 394 lxj
1191 354 1322 383 mutone
1350 352 1363 392 j

315 405 429 443 quarta
444 403 585 434 mutonis
600 413 657 444 per
677 403 832 444 arrei-agia
855 403 963 433 ultimi
987 402 1125 443 compoti
1148 402 1208 439 sui,
1223 404 1260 432 ut
1275 404 1365 442 patet

314 452 349 482 in
379 452 459 492 pede
497 452 648 493 ejusdem.
708 453 751 483 Et
795 453 834 483 de
879 453 934 493 viij
974 452 1162 483 mutonibus
1192 451 1363 483 comitatus

314 501 459 533 Moravie
474 503 559 533 infra
581 503 840 533 vicecomitatum
863 502 902 533 de
927 502 1031 543 Elgyn
1055 512 1111 542 per
1126 501 1212 533 idem
1227 504 1364 541 tempus.

314 552 357 582 Et
372 552 411 583 de
427 552 458 592 vj
477 553 662 583 mutonibus
678 552 756 583 dicti
773 552 943 583 comitatus
959 552 1043 582 infra
1053 551 1313 582 vicecomitatum
1325 550 1365 581 de

314 601 409 633 Fores
425 602 464 633 de
487 602 599 633 eodem
621 602 765 633 termino.
811 602 854 633 Et
877 601 915 633 de
936 602 948 642 j
973 605 1105 634 mutone
1128 601 1167 633 de
1191 601 1307 632 foresta
1326 601 1365 631 de

314 651 470 692 Tarnway
499 652 539 683 de
572 652 656 683 dicto
687 652 831 683 termino.
878 652 921 683 Et
951 652 990 683 de
1020 652 1065 692 xij
1104 651 1291 682 mutonibus
1327 650 1362 691 iij

314 701 436 741 quartis
467 701 601 732 dominii
631 702 670 733 de
700 701 930 732 Ardmaunaoh
961 701 1000 732 de
1037 701 1181 742 predicto
1218 699 1362 731 termino.

314 750 445 782 Summa
468 751 576 782 totalis
601 751 797 782 oneracionis
822 761 895 782 cum
918 751 1092 792 arreragiis,
1115 750 1194 791 xlvj'
1208 753 1309 781 marte
1325 749 1360 790 iij

313 804 424 841 quarte
439 804 541 831 marte
557 800 673 831 lxxxix
689 805 845 831 mutones.

355 850 504 890 Expense
530 853 705 882 marterum
727 853 759 881 et
781 853 959 881 mutonum.
1005 850 1046 880 In
1073 849 1194 890 primis,
1218 849 1362 890 pendent

312 909 407 939 super
422 899 545 930 dictum
569 899 717 930 comit-em
741 899 852 930 Rossie
875 899 914 930 de
930 899 1081 930 dominiis
1104 901 1136 930 et
1159 899 1299 929 baroniis
1322 898 1361 929 de

311 949 409 989 Petty
434 952 466 979 et
491 948 661 989 Brachlyn,
684 948 923 985 Ardmannach,
947 951 979 979 et
1003 948 1144 985 Lcffaris,
1168 948 1274 979 levate
1303 958 1361 989 per

311 998 458 1035 eundem,
488 998 556 1038 xxij
581 1001 682 1029 marte
713 998 746 1038 iij
776 1001 888 1038 quarte
919 998 963 1038 xij
995 1002 1143 1029 mutones
1173 998 1207 1038 iij
1240 1002 1360 1038 quarte.

312 1047 444 1078 Summa
474 1047 571 1087 hujus
602 1047 777 1087 pendencie
808 1050 905 1088 patet.
967 1047 1010 1077 Et
1040 1047 1086 1078 sic
1116 1050 1238 1078 restant
1268 1047 1361 1088 xxiiij

311 1100 412 1127 marte
428 1096 519 1137 lxxvj
537 1099 684 1127 mutones
698 1097 710 1137 j
729 1100 853 1137 quarta.

354 1147 448 1185 Item,
466 1146 552 1177 idem
577 1149 687 1177 onerat
710 1157 742 1178 se
768 1147 807 1177 de
830 1146 864 1186 iij
890 1145 1005 1177 celdris
1028 1146 1060 1187 vj
1085 1146 1179 1177 bollis
1201 1146 1236 1186 iij
1260 1146 1365 1186 peecis

311 1196 466 1227 frumenti
496 1206 552 1237 per
582 1196 737 1237 arreragia
775 1195 883 1226 ultimi
920 1195 1060 1236 compoti
1098 1196 1149 1226 sui
1185 1205 1364 1236 granorum,

310 1245 461 1276 videlicet
484 1245 602 1276 redditi
625 1245 880 1286 vicesimoprimo
897 1245 1037 1287 Augusti
1052 1256 1136 1276 anno
1162 1249 1219 1276 etc.
1236 1256 1364 1286 sexage-

311 1295 400 1332 simo,
410 1299 447 1326 ut
456 1299 545 1336 patet
557 1295 590 1326 in
607 1295 687 1336 pede
703 1295 855 1335 ejusdem,
867 1295 986 1335 quiain
997 1298 1144 1335 compoto
1154 1295 1363 1335 pecuniarum

310 1346 434 1377 reddito
450 1346 485 1376 in
501 1356 610 1377 mense
634 1345 750 1376 Marcii
766 1345 909 1386 ejusdem
933 1345 1010 1376 anni
1032 1344 1157 1376 nullum
1183 1345 1260 1376 fecit
1276 1355 1361 1375 com-

310 1399 423 1436 potum
438 1405 617 1436 granorum.
663 1395 795 1426 Summa
805 1395 901 1434 hujus
918 1394 1021 1425 oneris
1032 1397 1127 1434 patet.
1175 1394 1268 1430 Item,
1279 1393 1364 1424 idem

311 1449 421 1476 onerat
444 1455 477 1476 se
500 1445 540 1475 de
562 1444 676 1485 xxxiiij
701 1444 815 1475 celdris
839 1443 993 1474 frumenti
1017 1443 1187 1474 comitatus
1211 1443 1365 1480 Moravie,

311 1495 442 1535 dempta
461 1494 560 1525 tercia
583 1494 691 1525 debita
713 1504 828 1534 sponse
852 1493 974 1524 domini
990 1493 1149 1524 Johanm‘s
1174 1493 1301 1534 Ogilby‚
1324 1493 1364 1524 de

311 1543 435 1574 duobus
467 1537 611 1574 terminis
649 1543 758 1574 Sancti
789 1543 925 1574 Martini
963 1543 1047 1575 infra
1084 1542 1144 1574 hoc
1175 1546 1360 1584 compotum

310 1603 488 1634 granorum.
535 1593 667 1623 Summa
690 1592 795 1624 oneris
818 1596 915 1634 patet.
962 1593 1095 1623 Summa
1118 1593 1228 1624 totalis
1252 1603 1363 1624 onera-

311 1642 411 1673 cionis
428 1642 582 1673 frumenti
604 1652 676 1673 cum
701 1643 876 1683 arreragiis,
899 1643 1010 1684 xxxvij
1036 1643 1140 1675 celdre
1164 1643 1196 1684 vj
1221 1642 1306 1674 bolle
1327 1643 1361 1684 iij

311 1702 414 1732 pecce.

356 1741 504 1782 Expense
527 1740 670 1781 ejusdem
692 1741 852 1772 frumenti.
900 1742 940 1772 In
967 1742 1089 1783 primis,
1114 1742 1248 1773 allocate
1279 1752 1363 1774 com-

312 1791 438 1831 potanti
454 1801 509 1831 pro
525 1790 710 1831 quindecim
734 1791 847 1822 celdris
872 1792 1026 1823 frumenti
1049 1792 1190 1823 venditis
1206 1802 1263 1833 per
1279 1803 1364 1824 com-

312 1844 487 1881 potantem,
513 1843 546 1871 et
573 1840 612 1871 de
635 1840 752 1881 quibus
779 1840 918 1871 reddidit
944 1845 1127 1881 compotum
1155 1842 1190 1872 in
1217 1845 1364 1883 compoto

313 1890 521 1930 pecuniarum
537 1890 682 1930 superius
706 1889 873 1930 descripto,
896 1900 940 1920 xv
963 1890 1066 1922 celdre
1091 1891 1253 1923 frumenti.
1321 1891 1364 1923 Et

314 1939 478 1970 Fratribus
488 1939 744 1971 Predieatoribus
756 1939 795 1970 de
811 1939 925 1980 Elgyn‚
936 1940 1185 1980 percipientibus
1196 1941 1363 1972 annuatim

314 1990 392 2020 duas
409 1989 529 2020 eeldras
540 1989 701 2025 frumenti,
717 1989 846 2029 dempta
862 1989 961 2020 tercia
973 1989 1011 2020 de
1028 1989 1127 2020 firmis
1139 1989 1362 2030 thanagiorum

313 2039 465 2076 Moravie,
493 2049 532 2070 ex
555 2038 722 2070 elimosina
748 2039 829 2079 regis
854 2039 995 2079 antiqua,
1019 2042 1056 2069 ut
1081 2042 1170 2080 patet
1193 2039 1228 2070 in
1250 2039 1363 2070 rotulis

313 2088 565 2128 precedentibus,
591 2088 626 2119 in
648 2088 776 2129 plenam
803 2088 997 2120 solucionem
1024 2089 1108 2120 dicte
1135 2089 1297 2130 pensionis
1324 2089 1363 2120 de

312 2137 457 2168 terminis
474 2137 621 2178 compoti,
644 2137 690 2178 iiij
709 2137 819 2168 ceidre.
866 2138 908 2168 Et
931 2138 1043 2175 eidem,
1066 2148 1122 2179 per
1145 2138 1362 2170 decidenciam

314 2197 470 2224 mensure,
486 2197 547 2227 que
564 2187 667 2218 minor
683 2190 740 2224 est,
757 2197 830 2218 cum
846 2197 908 2229 qua
925 2187 1123 2219 frumentum
1139 2191 1172 2219 et
1187 2188 1250 2219 alia
1265 2198 1362 2229 grana
