1551 2462
155 1945 270 1976 Grana.

156 2044 308 2075 Frumen-

155 2091 235 2119 tum.

367 224 428 254 570
679 221 843 253 ROTULI
868 220 1102 253 SCACCARII
1319 223 1410 251 1468.

364 325 421 356 pro
443 317 567 346 tectura
590 318 622 346 et
651 314 853 355 repar-acione
883 314 983 345 trium
1016 313 1213 345 stabulorum
1236 316 1268 344 et
1297 312 1411 343 domus

366 364 479 401 avarie,
516 369 554 395 ut
600 367 690 405 patet
727 365 761 395 in
799 364 886 394 libro·
918 363 1132 404 computantis
1177 362 1412 403 particulariter
1463 360 1481 407 ⁷,

366 414 547 445 examinato
578 424 672 455 super
709 416 904 454 computum,
934 417 972 443 ut
1002 412 1115 443 asserit
1152 415 1340 453 computans
1377 411 1412 441 in

366 474 423 495 suo
442 464 635 504 juramento,
659 474 679 494 v
702 463 733 493 Π.
757 463 814 503 viij
840 467 862 494 s.
908 463 951 493 Et
973 462 1086 499 eidem,
1108 472 1165 502 per
1186 461 1412 492 liberacionem

367 514 484 545 factam
501 514 651 554 Marjorie
674 513 758 554 Baty
774 513 809 543 in
831 512 980 543 undecim
1004 511 1098 543 bollis
1115 511 1232 542 farrine
1248 510 1412 542 avenatice

365 566 398 594 et
428 563 551 594 duabus
580 563 695 593 marcis
726 562 860 603 pecunie
890 561 951 592 sibi
978 560 1094 592 debitis
1124 570 1182 600 pro
1212 559 1412 601 reparacione

365 612 538 648 fovearum,
551 611 696 648 nemoris,
708 614 741 642 et
756 610 869 647 warde,
885 620 922 641 ac
937 609 1151 640 mundacione
1166 612 1351 649 stagnorum
1373 608 1412 639 de

366 661 542 698 Fauklaud,
552 661 590 692 de
601 661 751 692 mandato
764 660 884 691 domini
895 659 995 690 nostri
1006 659 1097 699 regis,
1107 662 1144 689 ut
1156 662 1245 699 patet
1255 668 1312 699 per
1321 658 1412 689 binas
1462 675 1467 678 ·

365 710 474 741 literas
490 710 684 750 subscriptas
708 720 805 740 manu
828 709 909 750 regis
934 713 1076 740 ostensas
1100 717 1194 748 super
1216 711 1412 748 computum,

366 808 487 839 domini
517 809 598 849 regis
622 818 680 849 per
709 807 874 848 sexaginta
897 807 973 844 dies,
995 817 1063 837 xxx
1089 810 1111 837 s.
1157 806 1200 846 Et
1222 806 1334 844 eidem,
1357 817 1413 847 pro

366 862 437 888 octo
460 857 575 889 celdris
598 861 736 898 quatuor
751 856 844 888 bollis
864 857 876 896 j
894 866 990 897 pecca
1005 866 1178 887 avenarum
1202 856 1241 887 de
1263 866 1413 897 superex-

367 907 474 947 pensis
490 906 632 947 computi
648 915 821 936 avenarum
837 905 1062 945 computantis,
1074 905 1190 945 emptis
1206 914 1263 945 per
1277 905 1414 936 eundem

367 956 407 986 ad
423 966 519 997 equos
535 956 656 987 domini
671 955 753 996 regis
765 958 797 986 et
812 954 995 986 deliberatis
1009 954 1113 985 Alano
1123 955 1280 992 avenario,
1292 955 1413 996 percip-

366 1005 446 1036 ienti
461 1015 518 1046 pro
531 1005 636 1037 celdra
652 1005 795 1046 quinque
808 1014 938 1040 marcas,
951 1003 990 1034 de
1002 1013 1086 1034 anno
1098 1004 1249 1044 computi,
1266 1004 1366 1045 xxviij
1376 1003 1412 1036 Ti.

366 1055 531 1097 Et‘eidem,
543 1065 599 1095 pro
613 1055 704 1085 feodo
716 1064 773 1085 suo
785 1063 842 1094 pro
855 1053 999 1085 custodia
1008 1053 1143 1084 manerii
1155 1053 1194 1084 de
1205 1053 1370 1084 Fauclaud
1382 1057 1415 1084 et

365 1115 422 1145 pro
438 1104 540 1135 officio
556 1104 782 1135 senescallatus
805 1106 838 1134 et
853 1103 1078 1134 camerariatus
1101 1102 1140 1133 de
1163 1103 1253 1143 Fyffe
1277 1102 1315 1133 de
1331 1112 1416 1134 anno
1461 1105 1477 1142 ”,

367 1154 517 1195 computi,
533 1154 624 1194 xxiiij
638 1154 670 1186 fi.
715 1154 758 1184 Et
774 1153 885 1190 eidem,
897 1163 954 1194 pro
965 1153 1088 1183 factura
1097 1152 1306 1193 quadraginta
1316 1152 1415 1183 trium
1460 1183 1462 1187 ,

367 1203 544 1234 celdrarum
559 1203 656 1234 brasii
672 1203 767 1234 unius
784 1202 867 1233 bolle
883 1205 915 1233 et
931 1201 1065 1232 duarum
1082 1201 1267 1232 ferlotarum
1280 1200 1426 1232 deliber-

367 1257 491 1283 atarum
507 1252 547 1283 ad
562 1261 716 1293 expensas
732 1251 886 1282 domicilii
902 1251 992 1292 regis,
1003 1251 1192 1291 percipienti
1205 1261 1261 1291 pro
1271 1250 1416 1291 qualibet

366 1302 471 1333 celdra
486 1302 565 1332 duos
581 1301 707 1338 solidos,
733 1301 780 1341 iiij
806 1300 837 1331 li.
863 1300 895 1340 vj
923 1304 945 1331 s.
991 1300 1033 1331 Et
1059 1299 1172 1337 eidem,
1194 1310 1251 1340 pro
1267 1299 1415 1340 expensis

365 1351 458 1382 factis
474 1361 569 1391 super
584 1360 648 1381 uno
671 1350 824 1381 servitore
846 1349 980 1380 diversis
1002 1349 1126 1380 vicibus
1149 1352 1246 1380 eunte
1262 1348 1302 1379 ad
1317 1349 1415 1380 Edin'-

365 1401 476 1441 burgh,
504 1400 686 1440 Striveling,
721 1402 754 1430 et
780 1399 903 1430 diversa
942 1398 1004 1430 alia
1034 1398 1111 1435 loca,
1141 1408 1215 1429 cum
1245 1398 1415 1436 frumento,
1452 1395 1464 1433 J

366 1450 479 1486 brasio,
495 1449 677 1490 caponibus,
693 1452 726 1479 et
741 1448 813 1479 aliis
828 1447 1012 1479 necessariis
1035 1447 1076 1478 ad
1091 1457 1246 1488 expensas
1262 1447 1416 1479 domicilii
1476 1478 1477 1482 ,

366 1499 456 1540 regis,
486 1509 525 1530 ex
556 1497 810 1529 consideracione
843 1496 1026 1528 auditorum
1057 1496 1097 1527 ad
1134 1506 1272 1537 presens,
1309 1507 1353 1528 xx
1390 1501 1414 1529 ἓ.
1459 1510 1462 1512 ’

368 1548 500 1579 Summa
517 1547 631 1578 harum
656 1555 875 1587 expensarum,
897 1545 1066 1586 v⁰lxxxxvj
1083 1545 1114 1576 15.
1138 1545 1185 1586 iiij
1202 1550 1224 1577 s.
1249 1546 1280 1587 xj
1298 1546 1327 1577 d.
1373 1546 1416 1578 Et

367 1598 412 1628 sic
427 1600 550 1637 restant
564 1597 577 1627 l
593 1601 615 1628 s.
632 1596 664 1637 xj
681 1596 711 1627 d.
730 1595 775 1626 ob.

410 1646 655 1678 Memorandum
682 1645 767 1686 quod
805 1647 994 1686 computa-us
1022 1644 1145 1676 nullam
1175 1644 1272 1677 habet
1302 1645 1416 1677 alloca-

369 1697 491 1729 cionem
517 1696 556 1728 de
580 1696 678 1727 firmis
704 1699 859 1726 terrarum
884 1694 922 1725 de
943 1694 1114 1731 Bernturk,
1130 1694 1205 1725 licet
1227 1698 1415 1735 computans

368 1750 515 1778 oneretur
531 1755 605 1777 cum
620 1745 739 1777 eisdem
755 1744 814 1775 hoc
830 1753 914 1774 anno
937 1746 970 1774 et
985 1746 1123 1784 quatuor
1138 1743 1230 1774 annis
1246 1743 1414 1784 preceden-

369 1797 454 1827 tibus
470 1796 530 1827 hoc
553 1798 747 1836 computum,
770 1794 846 1825 licet
861 1793 973 1824 asserit
995 1802 1029 1824 se
1044 1793 1159 1824 exinde
1177 1792 1300 1824 nullam
1315 1793 1414 1835 perci-
1463 1790 1469 1801 ⁷

369 1846 452 1887 pisse
468 1846 593 1876 firmam
609 1844 743 1886 pecunie
759 1853 863 1884 neque
878 1852 1054 1884 granorum.

412 1945 608 1985 Computum
642 1953 812 1984 granorum
842 1942 920 1974 dicti
957 1941 1135 1979 comitatus,
1165 1941 1324 1973 redditum
1359 1951 1415 1983 per
1461 1944 1469 1964 ·'

369 1994 492 2025 dictum
507 1994 662 2025 Thomam
678 1993 833 2033 Symsone
849 2001 933 2023 anno
949 1991 1000 2022 die
1016 1994 1049 2022 et
1063 2001 1172 2022 mense
1186 1991 1377 2032 prescriptis.

414 2044 453 2074 In
470 2043 588 2084 primis,
604 2045 794 2083 computans
809 2044 919 2073 onerat
934 2051 967 2072 se
983 2041 1022 2072 de
1045 2051 1065 2071 x
1082 2041 1176 2072 bollis
1193 2040 1345 2072 frumenti
1360 2050 1416 2082 per
1460 2051 1463 2053 ·

369 2092 526 2133 arreragia
552 2092 658 2123 ultimi
683 2091 826 2132 computi
853 2091 912 2128 sui,
928 2093 965 2121 ut
991 2094 1080 2131 patet
1104 2090 1138 2121 in
1161 2090 1241 2131 pede
1264 2090 1412 2131 ejusdem.

370 2143 502 2174 Summa
528 2141 675 2182 arreragii
700 2144 797 2182 patet.
844 2141 936 2177 Item,
960 2140 1045 2171 idem
1069 2143 1180 2171 onerat
1208 2149 1242 2172 se
1268 2139 1306 2171 de
1336 2139 1413 2180 xxxj
