<?xml version="1.0" encoding="UTF-8"?>
<!DOCTYPE html PUBLIC "-//W3C//DTD XHTML 1.0 Transitional//EN"
    "http://www.w3.org/TR/xhtml1/DTD/xhtml1-transitional.dtd">
<html xmlns="http://www.w3.org/1999/xhtml" xml:lang="en" lang="en">
 <head>
  <title>
</title>
<meta http-equiv="Content-Type" content="text/html;charset=utf-8" />
  <meta name='ocr-system' content='tesseract 3.04.00' />
  <meta name='ocr-capabilities' content='ocr_page ocr_carea ocr_par ocr_line ocrx_word'/>
</head>
<body>
  <div class='ocr_page' id='page_1' title='image "./rotuliscaccariir07scot_0567.png"; bbox 0 0 1551 2462; ppageno 0'>
   <div class='ocr_carea' id='block_1_1' title="bbox 97 893 1346 935">
    <p class='ocr_par' dir='ltr' id='par_1_1' title="bbox 97 893 1346 935">
     <span class='ocr_line' id='line_1_1' title="bbox 97 893 1346 935; baseline -0.003 -10"><span class='ocrx_word' id='word_1_1' title='bbox 97 904 160 925; x_wconf 84' lang='lat' dir='ltr'>-xx</span> <span class='ocrx_word' id='word_1_2' title='bbox 174 893 205 925; x_wconf 73' lang='lat' dir='ltr'>fi.</span> <span class='ocrx_word' id='word_1_3' title='bbox 223 893 261 926; x_wconf 87' lang='lat' dir='ltr'>de</span> <span class='ocrx_word' id='word_1_4' title='bbox 276 894 413 925; x_wconf 83' lang='lat' dir='ltr'>termino</span> <span class='ocrx_word' id='word_1_5' title='bbox 437 894 664 925; x_wconf 78' lang='lat' dir='ltr'>Pentheoostes</span> <span class='ocrx_word' id='word_1_6' title='bbox 681 894 805 931; x_wconf 77' lang='lat' dir='ltr'>ultimo,</span> <span class='ocrx_word' id='word_1_7' title='bbox 830 894 869 925; x_wconf 84' lang='lat' dir='ltr'>de</span> <span class='ocrx_word' id='word_1_8' title='bbox 893 894 1010 934; x_wconf 79' lang='lat' dir='ltr'>quibus</span> <span class='ocrx_word' id='word_1_9' title='bbox 1034 904 1164 935; x_wconf 81' lang='lat' dir='ltr'>respon·</span> <span class='ocrx_word' id='word_1_10' title='bbox 1181 899 1346 927; x_wconf 75' lang='lat' dir='ltr'>Respondebit</span> 
     </span>
    </p>
   </div>
   <div class='ocr_carea' id='block_1_2' title="bbox 117 928 1340 987">
    <p class='ocr_par' dir='ltr' id='par_1_2' title="bbox 117 928 1340 987">
     <span class='ocr_line' id='line_1_2' title="bbox 117 928 1340 987; baseline 0 -12"><span class='ocrx_word' id='word_1_11' title='bbox 117 943 211 976; x_wconf 85' lang='lat' dir='ltr'>debit.</span> <span class='ocrx_word' id='word_1_12' title='bbox 257 943 389 975; x_wconf 82' lang='lat' dir='ltr'>Summa</span> <span class='ocrx_word' id='word_1_13' title='bbox 405 944 519 975; x_wconf 79' lang='lat' dir='ltr'>harum</span> <span class='ocrx_word' id='word_1_14' title='bbox 535 955 756 985; x_wconf 74' lang='lat' dir='ltr'>expensarum,</span> <span class='ocrx_word' id='word_1_15' title='bbox 772 944 853 975; x_wconf 80' lang='lat' dir='ltr'>lxxx</span> <span class='ocrx_word' id='word_1_16' title='bbox 868 944 901 976; x_wconf 71' lang='lat' dir='ltr'>H.</span> <span class='ocrx_word' id='word_1_17' title='bbox 917 944 960 984; x_wconf 81' lang='lat' dir='ltr'>vij</span> <span class='ocrx_word' id='word_1_18' title='bbox 979 948 1002 975; x_wconf 70' lang='grc' dir='ltr'>ἓ.</span> <span class='ocrx_word' id='word_1_19' title='bbox 1016 945 1029 985; x_wconf 86' lang='lat' dir='ltr'>j</span> <span class='ocrx_word' id='word_1_20' title='bbox 1049 943 1077 975; x_wconf 77' lang='lat' dir='ltr'>d.</span> <span class='ocrx_word' id='word_1_21' title='bbox 1124 944 1166 975; x_wconf 88' lang='lat' dir='ltr'>Et</span> <span class='ocrx_word' id='word_1_22' title='bbox 1180 928 1340 987; x_wconf 47' lang='lat' dir='ltr'>gffffitffit</span> 
     </span>
    </p>
   </div>
   <div class='ocr_carea' id='block_1_3' title="bbox 118 303 1164 338">
    <p class='ocr_par' dir='ltr' id='par_1_3' title="bbox 118 303 1164 338">
     <span class='ocr_line' id='line_1_3' title="bbox 118 303 1164 338; baseline 0.002 -2"><span class='ocrx_word' id='word_1_23' title='bbox 118 306 208 337; x_wconf 81' lang='lat'>1467.</span> <span class='ocrx_word' id='word_1_24' title='bbox 425 303 587 336; x_wconf 80' lang='lat' dir='ltr'>REGUM</span> <span class='ocrx_word' id='word_1_25' title='bbox 611 303 856 337; x_wconf 80' lang='lat' dir='ltr'>SCOTORUM.</span> <span class='ocrx_word' id='word_1_26' title='bbox 1104 310 1164 338; x_wconf 79' lang='grc'>489</span> 
     </span>
    </p>
   </div>
   <div class='ocr_carea' id='block_1_4' title="bbox 115 397 1169 886">
    <p class='ocr_par' dir='ltr' id='par_1_4' title="bbox 115 397 1169 886">
     <span class='ocr_line' id='line_1_4' title="bbox 116 397 1166 439; baseline 0.001 -10"><span class='ocrx_word' id='word_1_27' title='bbox 116 398 199 429; x_wconf 83' lang='lat' dir='ltr'>dicte</span> <span class='ocrx_word' id='word_1_28' title='bbox 229 401 311 429; x_wconf 85' lang='lat' dir='ltr'>terre</span> <span class='ocrx_word' id='word_1_29' title='bbox 335 397 523 429; x_wconf 73' lang='lat' dir='ltr'>assedantur</span> <span class='ocrx_word' id='word_1_30' title='bbox 546 407 603 438; x_wconf 86' lang='lat' dir='ltr'>per</span> <span class='ocrx_word' id='word_1_31' title='bbox 633 399 754 429; x_wconf 80' lang='lat' dir='ltr'>cartam</span> <span class='ocrx_word' id='word_1_32' title='bbox 778 398 859 439; x_wconf 77' lang='lat' dir='ltr'>regis</span> <span class='ocrx_word' id='word_1_33' title='bbox 887 398 927 430; x_wconf 86' lang='lat' dir='ltr'>ad</span> <span class='ocrx_word' id='word_1_34' title='bbox 956 399 1166 430; x_wconf 81' lang='lat' dir='ltr'>feodifirmam</span> 
     </span>
     <span class='ocr_line' id='line_1_5' title="bbox 115 445 1166 489; baseline 0.002 -11"><span class='ocrx_word' id='word_1_35' title='bbox 115 447 275 479; x_wconf 80' lang='lat' dir='ltr'>Maloomo</span> <span class='ocrx_word' id='word_1_36' title='bbox 326 445 511 484; x_wconf 70' lang='lat' dir='ltr'>M⁰Clerieh‚</span> <span class='ocrx_word' id='word_1_37' title='bbox 549 457 623 478; x_wconf 83' lang='lat' dir='ltr'>oum</span> <span class='ocrx_word' id='word_1_38' title='bbox 660 457 724 488; x_wconf 85' lang='lat' dir='ltr'>qua</span> <span class='ocrx_word' id='word_1_39' title='bbox 761 457 925 488; x_wconf 73' lang='lat' dir='ltr'>gressuma</span> <span class='ocrx_word' id='word_1_40' title='bbox 977 452 1166 489; x_wconf 76' lang='lat' dir='ltr'>computans</span> 
     </span>
     <span class='ocr_line' id='line_1_6' title="bbox 116 496 1169 538; baseline -0.001 -9"><span class='ocrx_word' id='word_1_41' title='bbox 116 497 440 538; x_wconf 67' lang='lat' dir='ltr'>superiusoneratur,</span> <span class='ocrx_word' id='word_1_42' title='bbox 456 496 490 537; x_wconf 74' lang='lat' dir='ltr'>iij</span> <span class='ocrx_word' id='word_1_43' title='bbox 508 496 540 527; x_wconf 68' lang='lat' dir='ltr'>ti.</span> <span class='ocrx_word' id='word_1_44' title='bbox 585 496 628 527; x_wconf 89' lang='lat' dir='ltr'>Et</span> <span class='ocrx_word' id='word_1_45' title='bbox 650 506 707 537; x_wconf 83' lang='lat' dir='ltr'>per</span> <span class='ocrx_word' id='word_1_46' title='bbox 728 497 948 528; x_wconf 81' lang='lat' dir='ltr'>remissionem</span> <span class='ocrx_word' id='word_1_47' title='bbox 971 497 1089 528; x_wconf 79' lang='lat' dir='ltr'>factam</span> <span class='ocrx_word' id='word_1_48' title='bbox 1112 508 1169 538; x_wconf 85' lang='lat' dir='ltr'>per</span> 
     </span>
     <span class='ocr_line' id='line_1_7' title="bbox 117 546 1169 588; baseline 0 -10"><span class='ocrx_word' id='word_1_49' title='bbox 117 546 280 578; x_wconf 86' lang='lat' dir='ltr'>dominum</span> <span class='ocrx_word' id='word_1_50' title='bbox 303 556 407 588; x_wconf 82' lang='lat' dir='ltr'>regem</span> <span class='ocrx_word' id='word_1_51' title='bbox 424 546 566 578; x_wconf 83' lang='lat' dir='ltr'>Waltero</span> <span class='ocrx_word' id='word_1_52' title='bbox 583 546 663 587; x_wconf 83' lang='lat' dir='ltr'>Dog,</span> <span class='ocrx_word' id='word_1_53' title='bbox 680 556 736 587; x_wconf 86' lang='lat' dir='ltr'>pro</span> <span class='ocrx_word' id='word_1_54' title='bbox 752 546 818 577; x_wconf 82' lang='lat' dir='ltr'>suis</span> <span class='ocrx_word' id='word_1_55' title='bbox 834 547 996 578; x_wconf 81' lang='lat' dir='ltr'>laboribus</span> <span class='ocrx_word' id='word_1_56' title='bbox 1017 547 1110 578; x_wconf 78' lang='lat' dir='ltr'>factis</span> <span class='ocrx_word' id='word_1_57' title='bbox 1134 548 1169 578; x_wconf 81' lang='lat' dir='ltr'>in</span> 
     </span>
     <span class='ocr_line' id='line_1_8' title="bbox 116 595 1168 637; baseline -0.001 -9"><span class='ocrx_word' id='word_1_58' title='bbox 116 596 351 633; x_wconf 80' lang='lat' dir='ltr'>venacionibus,</span> <span class='ocrx_word' id='word_1_59' title='bbox 367 596 406 633; x_wconf 86' lang='lat' dir='ltr'>de</span> <span class='ocrx_word' id='word_1_60' title='bbox 422 606 585 637; x_wconf 82' lang='lat' dir='ltr'>gressuma</span> <span class='ocrx_word' id='word_1_61' title='bbox 602 606 660 627; x_wconf 85' lang='lat' dir='ltr'>sua</span> <span class='ocrx_word' id='word_1_62' title='bbox 672 596 711 627; x_wconf 88' lang='lat' dir='ltr'>de</span> <span class='ocrx_word' id='word_1_63' title='bbox 727 595 867 633; x_wconf 78' lang='lat' dir='ltr'>Collaoh‚</span> <span class='ocrx_word' id='word_1_64' title='bbox 884 596 917 627; x_wconf 76' lang='lat' dir='ltr'>xl</span> <span class='ocrx_word' id='word_1_65' title='bbox 934 601 956 627; x_wconf 69' lang='grc' dir='ltr'>Ξ.</span> <span class='ocrx_word' id='word_1_66' title='bbox 995 597 1038 628; x_wconf 85' lang='lat' dir='ltr'>Et</span> <span class='ocrx_word' id='word_1_67' title='bbox 1054 597 1168 634; x_wconf 83' lang='lat' dir='ltr'>eidem,</span> 
     </span>
     <span class='ocr_line' id='line_1_9' title="bbox 117 646 1166 688; baseline 0 -11"><span class='ocrx_word' id='word_1_68' title='bbox 117 646 183 688; x_wconf 86' lang='lat' dir='ltr'>[de]</span> <span class='ocrx_word' id='word_1_69' title='bbox 199 646 298 678; x_wconf 82' lang='lat' dir='ltr'>firmis</span> <span class='ocrx_word' id='word_1_70' title='bbox 314 650 470 677; x_wconf 78' lang='lat' dir='ltr'>terrarum</span> <span class='ocrx_word' id='word_1_71' title='bbox 482 646 520 677; x_wconf 86' lang='lat' dir='ltr'>de</span> <span class='ocrx_word' id='word_1_72' title='bbox 537 646 760 677; x_wconf 84' lang='lat' dir='ltr'>Drummonde</span> <span class='ocrx_word' id='word_1_73' title='bbox 771 657 828 687; x_wconf 84' lang='lat' dir='ltr'>per</span> <span class='ocrx_word' id='word_1_74' title='bbox 839 646 1035 678; x_wconf 79' lang='lat' dir='ltr'>solucionem</span> <span class='ocrx_word' id='word_1_75' title='bbox 1048 647 1166 678; x_wconf 81' lang='lat' dir='ltr'>factam</span> 
     </span>
     <span class='ocr_line' id='line_1_10' title="bbox 117 695 1166 737; baseline -0.001 -10"><span class='ocrx_word' id='word_1_76' title='bbox 117 696 265 737; x_wconf 85' lang='lat' dir='ltr'>magistro</span> <span class='ocrx_word' id='word_1_77' title='bbox 288 696 396 727; x_wconf 84' lang='lat' dir='ltr'><strong>David</strong></span> <span class='ocrx_word' id='word_1_78' title='bbox 430 695 565 733; x_wconf 71' lang='lat' dir='ltr'>Gufflne,</span> <span class='ocrx_word' id='word_1_79' title='bbox 595 699 819 736; x_wconf 74' lang='lat' dir='ltr'>computorum</span> <span class='ocrx_word' id='word_1_80' title='bbox 848 696 1024 733; x_wconf 75' lang='lat' dir='ltr'>rotu1atori,</span> <span class='ocrx_word' id='word_1_81' title='bbox 1051 696 1166 727; x_wconf 77' lang='lat' dir='ltr'>fatenti</span> 
     </span>
     <span class='ocr_line' id='line_1_11' title="bbox 117 745 1166 787; baseline 0 -11"><span class='ocrx_word' id='word_1_82' title='bbox 117 748 278 787; x_wconf 83' lang='lat' dir='ltr'>receptum</span> <span class='ocrx_word' id='word_1_83' title='bbox 294 755 388 787; x_wconf 87' lang='lat' dir='ltr'>super</span> <span class='ocrx_word' id='word_1_84' title='bbox 404 748 593 786; x_wconf 83' lang='lat' dir='ltr'>computum</span> <span class='ocrx_word' id='word_1_85' title='bbox 603 756 659 786; x_wconf 85' lang='lat' dir='ltr'>per</span> <span class='ocrx_word' id='word_1_86' title='bbox 668 745 894 777; x_wconf 82' lang='lat' dir='ltr'>liberaeionem</span> <span class='ocrx_word' id='word_1_87' title='bbox 904 745 1027 776; x_wconf 84' lang='lat' dir='ltr'>domini</span> <span class='ocrx_word' id='word_1_88' title='bbox 1036 745 1166 777; x_wconf 85' lang='lat' dir='ltr'>Andree</span> 
     </span>
     <span class='ocr_line' id='line_1_12' title="bbox 118 795 1167 836; baseline 0 -10"><span class='ocrx_word' id='word_1_89' title='bbox 118 795 252 827; x_wconf 80' lang='lat' dir='ltr'>Stewart</span> <span class='ocrx_word' id='word_1_90' title='bbox 276 795 398 826; x_wconf 80' lang='lat' dir='ltr'>domini</span> <span class='ocrx_word' id='word_1_91' title='bbox 436 795 613 833; x_wconf 79' lang='lat' dir='ltr'>Avandale,</span> <span class='ocrx_word' id='word_1_92' title='bbox 649 795 830 826; x_wconf 78' lang='lat' dir='ltr'>cancellarii</span> <span class='ocrx_word' id='word_1_93' title='bbox 862 795 969 826; x_wconf 81' lang='lat' dir='ltr'>Seoeie</span> <span class='ocrx_word' id='word_1_94' title='bbox 1000 798 1068 833; x_wconf 66' lang='lat' dir='ltr'>eto„</span> <span class='ocrx_word' id='word_1_95' title='bbox 1097 795 1167 836; x_wconf 83' lang='lat' dir='ltr'>ipso</span> 
     </span>
     <span class='ocr_line' id='line_1_13' title="bbox 117 845 1167 886; baseline -0.001 -10"><span class='ocrx_word' id='word_1_96' title='bbox 117 845 236 876; x_wconf 81' lang='lat' dir='ltr'>fatente</span> <span class='ocrx_word' id='word_1_97' title='bbox 247 848 409 886; x_wconf 79' lang='lat' dir='ltr'>receptum</span> <span class='ocrx_word' id='word_1_98' title='bbox 425 855 520 885; x_wconf 84' lang='lat' dir='ltr'>super</span> <span class='ocrx_word' id='word_1_99' title='bbox 531 848 718 886; x_wconf 80' lang='lat' dir='ltr'>computum</span> <span class='ocrx_word' id='word_1_100' title='bbox 731 848 762 876; x_wconf 76' lang='lat' dir='ltr'>et</span> <span class='ocrx_word' id='word_1_101' title='bbox 777 848 850 886; x_wconf 85' lang='lat' dir='ltr'>post</span> <span class='ocrx_word' id='word_1_102' title='bbox 861 855 956 876; x_wconf 82' lang='lat' dir='ltr'>suum</span> <span class='ocrx_word' id='word_1_103' title='bbox 969 848 1167 885; x_wconf 80' lang='lat' dir='ltr'>computum,</span> 
     </span>
    </p>
   </div>
   <div class='ocr_carea' id='block_1_5' title="bbox 116 993 1168 1582">
    <p class='ocr_par' dir='ltr' id='par_1_5' title="bbox 116 993 1168 1582">
     <span class='ocr_line' id='line_1_14' title="bbox 119 993 1166 1035; baseline 0 -10"><span class='ocrx_word' id='word_1_104' title='bbox 119 993 164 1025; x_wconf 86' lang='lat' dir='ltr'>sic</span> <span class='ocrx_word' id='word_1_105' title='bbox 178 997 299 1025; x_wconf 83' lang='lat' dir='ltr'>restant</span> <span class='ocrx_word' id='word_1_106' title='bbox 318 993 438 1034; x_wconf 73' lang='lat' dir='ltr'>j⁵xxxij</span> <span class='ocrx_word' id='word_1_107' title='bbox 455 994 487 1025; x_wconf 70' lang='lat' dir='ltr'>H.</span> <span class='ocrx_word' id='word_1_108' title='bbox 505 1005 527 1024; x_wconf 81' lang='lat' dir='ltr'><strong>x</strong></span> <span class='ocrx_word' id='word_1_109' title='bbox 543 998 567 1026; x_wconf 71' lang='grc' dir='ltr'>Ξ.</span> <span class='ocrx_word' id='word_1_110' title='bbox 582 995 613 1035; x_wconf 74' lang='lat' dir='ltr'>xj</span> <span class='ocrx_word' id='word_1_111' title='bbox 632 994 661 1025; x_wconf 77' lang='lat' dir='ltr'>d.</span> <span class='ocrx_word' id='word_1_112' title='bbox 706 995 756 1025; x_wconf 90' lang='lat' dir='ltr'>De</span> <span class='ocrx_word' id='word_1_113' title='bbox 780 995 905 1035; x_wconf 75' lang='lat' dir='ltr'>quibus,</span> <span class='ocrx_word' id='word_1_114' title='bbox 922 994 1057 1025; x_wconf 83' lang='lat' dir='ltr'>allocate</span> <span class='ocrx_word' id='word_1_115' title='bbox 1080 1004 1166 1025; x_wconf 79' lang='lat' dir='ltr'>oom-</span> 
     </span>
     <span class='ocr_line' id='line_1_15' title="bbox 118 1043 1167 1085; baseline 0.001 -11"><span class='ocrx_word' id='word_1_116' title='bbox 118 1043 244 1085; x_wconf 81' lang='lat' dir='ltr'>putanti</span> <span class='ocrx_word' id='word_1_117' title='bbox 259 1043 298 1075; x_wconf 87' lang='lat' dir='ltr'>de</span> <span class='ocrx_word' id='word_1_118' title='bbox 323 1044 421 1074; x_wconf 85' lang='lat' dir='ltr'><strong>firmis</strong></span> <span class='ocrx_word' id='word_1_119' title='bbox 437 1047 593 1075; x_wconf 84' lang='lat' dir='ltr'>terrarum</span> <span class='ocrx_word' id='word_1_120' title='bbox 610 1044 649 1075; x_wconf 91' lang='lat' dir='ltr'>de</span> <span class='ocrx_word' id='word_1_121' title='bbox 672 1043 930 1085; x_wconf 79' lang='lat' dir='ltr'>Munquhashill,</span> <span class='ocrx_word' id='word_1_122' title='bbox 957 1044 1110 1081; x_wconf 81' lang='lat' dir='ltr'>Dulleter,</span> <span class='ocrx_word' id='word_1_123' title='bbox 1133 1048 1167 1075; x_wconf 86' lang='lat' dir='ltr'>et</span> 
     </span>
     <span class='ocr_line' id='line_1_16' title="bbox 119 1093 1167 1131; baseline 0.001 -7"><span class='ocrx_word' id='word_1_124' title='bbox 119 1093 328 1131; x_wconf 81' lang='lat' dir='ltr'>Portnellane,</span> <span class='ocrx_word' id='word_1_125' title='bbox 344 1093 562 1125; x_wconf 80' lang='lat' dir='ltr'>assedatarum</span> <span class='ocrx_word' id='word_1_126' title='bbox 578 1094 709 1125; x_wconf 74' lang='lat' dir='ltr'>Andree</span> <span class='ocrx_word' id='word_1_127' title='bbox 725 1094 876 1125; x_wconf 78' lang='lat' dir='ltr'>Balfoure</span> <span class='ocrx_word' id='word_1_128' title='bbox 893 1094 932 1125; x_wconf 83' lang='lat' dir='ltr'>ad</span> <span class='ocrx_word' id='word_1_129' title='bbox 956 1094 1167 1125; x_wconf 78' lang='lat' dir='ltr'>feodifirmam</span> 
     </span>
     <span class='ocr_line' id='line_1_17' title="bbox 117 1143 1168 1185; baseline 0.001 -11"><span class='ocrx_word' id='word_1_130' title='bbox 117 1153 172 1185; x_wconf 85' lang='lat' dir='ltr'>pro</span> <span class='ocrx_word' id='word_1_131' title='bbox 195 1143 303 1175; x_wconf 83' lang='lat' dir='ltr'>decem</span> <span class='ocrx_word' id='word_1_132' title='bbox 326 1143 426 1181; x_wconf 85' lang='lat' dir='ltr'>libris,</span> <span class='ocrx_word' id='word_1_133' title='bbox 442 1143 519 1175; x_wconf 81' lang='lat' dir='ltr'>licet</span> <span class='ocrx_word' id='word_1_134' title='bbox 542 1147 733 1184; x_wconf 69' lang='lat' dir='ltr'>computans</span> <span class='ocrx_word' id='word_1_135' title='bbox 756 1148 905 1175; x_wconf 78' lang='lat' dir='ltr'>oneretur</span> <span class='ocrx_word' id='word_1_136' title='bbox 921 1154 994 1175; x_wconf 84' lang='lat' dir='ltr'>eum</span> <span class='ocrx_word' id='word_1_137' title='bbox 1017 1144 1168 1175; x_wconf 78' lang='lat' dir='ltr'>undecim</span> 
     </span>
     <span class='ocr_line' id='line_1_18' title="bbox 116 1193 1168 1235; baseline -0.001 -10"><span class='ocrx_word' id='word_1_138' title='bbox 116 1193 204 1225; x_wconf 82' lang='lat' dir='ltr'><strong>libris</strong></span> <span class='ocrx_word' id='word_1_139' title='bbox 228 1204 284 1225; x_wconf 84' lang='lat' dir='ltr'>sex</span> <span class='ocrx_word' id='word_1_140' title='bbox 314 1193 425 1225; x_wconf 86' lang='lat' dir='ltr'>solidis</span> <span class='ocrx_word' id='word_1_141' title='bbox 452 1197 485 1225; x_wconf 83' lang='lat' dir='ltr'>et</span> <span class='ocrx_word' id='word_1_142' title='bbox 510 1197 581 1225; x_wconf 81' lang='lat' dir='ltr'>octo</span> <span class='ocrx_word' id='word_1_143' title='bbox 607 1193 754 1232; x_wconf 71' lang='lat' dir='ltr'>denariis,</span> <span class='ocrx_word' id='word_1_144' title='bbox 785 1198 880 1235; x_wconf 82' lang='lat' dir='ltr'>prout</span> <span class='ocrx_word' id='word_1_145' title='bbox 904 1197 993 1234; x_wconf 78' lang='lat' dir='ltr'>patet</span> <span class='ocrx_word' id='word_1_146' title='bbox 1008 1194 1043 1224; x_wconf 80' lang='lat' dir='ltr'>in</span> <span class='ocrx_word' id='word_1_147' title='bbox 1066 1194 1168 1225; x_wconf 83' lang='lat' dir='ltr'>literis</span> 
     </span>
     <span class='ocr_line' id='line_1_19' title="bbox 117 1243 1167 1285; baseline 0 -11"><span class='ocrx_word' id='word_1_148' title='bbox 117 1243 237 1274; x_wconf 86' lang='lat' dir='ltr'>domini</span> <span class='ocrx_word' id='word_1_149' title='bbox 251 1244 333 1285; x_wconf 82' lang='lat' dir='ltr'>regis</span> <span class='ocrx_word' id='word_1_150' title='bbox 358 1243 436 1274; x_wconf 68' lang='lat' dir='ltr'>alias</span> <span class='ocrx_word' id='word_1_151' title='bbox 462 1243 599 1274; x_wconf 76' lang='lat' dir='ltr'>ostensis</span> <span class='ocrx_word' id='word_1_152' title='bbox 625 1253 721 1284; x_wconf 81' lang='lat' dir='ltr'>super</span> <span class='ocrx_word' id='word_1_153' title='bbox 740 1246 937 1284; x_wconf 78' lang='lat' dir='ltr'>computum,</span> <span class='ocrx_word' id='word_1_154' title='bbox 961 1243 999 1274; x_wconf 89' lang='lat' dir='ltr'>de</span> <span class='ocrx_word' id='word_1_155' title='bbox 1021 1243 1167 1274; x_wconf 71' lang='lat' dir='ltr'>terminis</span> 
     </span>
     <span class='ocr_line' id='line_1_20' title="bbox 118 1291 1167 1334; baseline 0.001 -11"><span class='ocrx_word' id='word_1_156' title='bbox 118 1291 213 1333; x_wconf 81' lang='lat' dir='ltr'>hujus</span> <span class='ocrx_word' id='word_1_157' title='bbox 239 1293 389 1334; x_wconf 79' lang='lat' dir='ltr'>computi,</span> <span class='ocrx_word' id='word_1_158' title='bbox 414 1293 461 1334; x_wconf 82' lang='lat' dir='ltr'>iiij</span> <span class='ocrx_word' id='word_1_159' title='bbox 478 1292 510 1324; x_wconf 66' lang='lat' dir='ltr'>fi„</span> <span class='ocrx_word' id='word_1_160' title='bbox 528 1292 584 1333; x_wconf 84' lang='lat' dir='ltr'><strong>xiij</strong></span> <span class='ocrx_word' id='word_1_161' title='bbox 603 1297 625 1324; x_wconf 68' lang='grc' dir='ltr'>ἕ.</span> <span class='ocrx_word' id='word_1_162' title='bbox 643 1293 690 1333; x_wconf 75' lang='lat' dir='ltr'>ifij</span> <span class='ocrx_word' id='word_1_163' title='bbox 715 1292 743 1323; x_wconf 76' lang='lat' dir='ltr'>d.</span> <span class='ocrx_word' id='word_1_164' title='bbox 790 1294 833 1324; x_wconf 84' lang='lat' dir='ltr'>Et</span> <span class='ocrx_word' id='word_1_165' title='bbox 863 1293 976 1330; x_wconf 85' lang='lat' dir='ltr'>eidem,</span> <span class='ocrx_word' id='word_1_166' title='bbox 1003 1293 1042 1324; x_wconf 87' lang='lat' dir='ltr'>de</span> <span class='ocrx_word' id='word_1_167' title='bbox 1067 1293 1167 1324; x_wconf 71' lang='lat' dir='ltr'><strong>firmis</strong></span> 
     </span>
     <span class='ocr_line' id='line_1_21' title="bbox 118 1342 1167 1374; baseline -0.001 0"><span class='ocrx_word' id='word_1_168' title='bbox 118 1342 274 1374; x_wconf 78' lang='lat' dir='ltr'>dictarum</span> <span class='ocrx_word' id='word_1_169' title='bbox 296 1346 451 1374; x_wconf 83' lang='lat' dir='ltr'>terrarum</span> <span class='ocrx_word' id='word_1_170' title='bbox 477 1353 699 1374; x_wconf 82' lang='lat' dir='ltr'>concessarum</span> <span class='ocrx_word' id='word_1_171' title='bbox 726 1343 830 1373; x_wconf 81' lang='lat' dir='ltr'>eidem</span> <span class='ocrx_word' id='word_1_172' title='bbox 853 1343 982 1374; x_wconf 86' lang='lat' dir='ltr'>Andree</span> <span class='ocrx_word' id='word_1_173' title='bbox 1010 1343 1050 1373; x_wconf 84' lang='lat' dir='ltr'>ad</span> <span class='ocrx_word' id='word_1_174' title='bbox 1067 1343 1167 1374; x_wconf 80' lang='lat' dir='ltr'>vitam</span> 
     </span>
     <span class='ocr_line' id='line_1_22' title="bbox 118 1392 1167 1434; baseline 0.001 -11"><span class='ocrx_word' id='word_1_175' title='bbox 118 1392 273 1424; x_wconf 79' lang='lat' dir='ltr'>duntaxat</span> <span class='ocrx_word' id='word_1_176' title='bbox 287 1403 344 1434; x_wconf 86' lang='lat' dir='ltr'>pro</span> <span class='ocrx_word' id='word_1_177' title='bbox 360 1396 431 1424; x_wconf 83' lang='lat' dir='ltr'>octo</span> <span class='ocrx_word' id='word_1_178' title='bbox 445 1392 536 1424; x_wconf 80' lang='lat' dir='ltr'>libris</span> <span class='ocrx_word' id='word_1_179' title='bbox 552 1393 585 1423; x_wconf 87' lang='lat' dir='ltr'>in</span> <span class='ocrx_word' id='word_1_180' title='bbox 603 1402 695 1429; x_wconf 85' lang='lat' dir='ltr'>anuo,</span> <span class='ocrx_word' id='word_1_181' title='bbox 712 1396 808 1433; x_wconf 82' lang='lat' dir='ltr'>prout</span> <span class='ocrx_word' id='word_1_182' title='bbox 822 1395 911 1433; x_wconf 79' lang='lat' dir='ltr'>patet</span> <span class='ocrx_word' id='word_1_183' title='bbox 927 1393 961 1423; x_wconf 88' lang='lat' dir='ltr'>iu</span> <span class='ocrx_word' id='word_1_184' title='bbox 978 1392 1050 1423; x_wconf 78' lang='lat' dir='ltr'>aliis</span> <span class='ocrx_word' id='word_1_185' title='bbox 1065 1393 1167 1424; x_wconf 73' lang='lat' dir='ltr'>literis</span> 
     </span>
     <span class='ocr_line' id='line_1_23' title="bbox 118 1441 1168 1483; baseline 0 -10"><span class='ocrx_word' id='word_1_186' title='bbox 118 1441 239 1473; x_wconf 82' lang='lat' dir='ltr'>domini</span> <span class='ocrx_word' id='word_1_187' title='bbox 260 1442 341 1482; x_wconf 72' lang='lat' dir='ltr'>regis</span> <span class='ocrx_word' id='word_1_188' title='bbox 365 1445 396 1474; x_wconf 82' lang='lat' dir='ltr'>et</span> <span class='ocrx_word' id='word_1_189' title='bbox 420 1442 460 1474; x_wconf 89' lang='lat' dir='ltr'>de</span> <span class='ocrx_word' id='word_1_190' title='bbox 483 1442 614 1483; x_wconf 81' lang='lat' dir='ltr'>speciali</span> <span class='ocrx_word' id='word_1_191' title='bbox 637 1443 787 1473; x_wconf 82' lang='lat' dir='ltr'>mandato</span> <span class='ocrx_word' id='word_1_192' title='bbox 815 1442 854 1474; x_wconf 86' lang='lat' dir='ltr'>de</span> <span class='ocrx_word' id='word_1_193' title='bbox 877 1442 998 1473; x_wconf 85' lang='lat' dir='ltr'>eisdem</span> <span class='ocrx_word' id='word_1_194' title='bbox 1014 1442 1168 1482; x_wconf 76' lang='lat' dir='ltr'>terminis,</span> 
     </span>
     <span class='ocr_line' id='line_1_24' title="bbox 118 1491 1166 1532; baseline 0 -10"><span class='ocrx_word' id='word_1_195' title='bbox 118 1491 160 1532; x_wconf 87' lang='lat' dir='ltr'>vij</span> <span class='ocrx_word' id='word_1_196' title='bbox 177 1491 209 1523; x_wconf 75' lang='lat' dir='ltr'>fi.</span> <span class='ocrx_word' id='word_1_197' title='bbox 255 1491 387 1523; x_wconf 81' lang='lat' dir='ltr'>Summa</span> <span class='ocrx_word' id='word_1_198' title='bbox 409 1492 505 1532; x_wconf 86' lang='lat' dir='ltr'>hujus</span> <span class='ocrx_word' id='word_1_199' title='bbox 529 1501 678 1532; x_wconf 78' lang='lat' dir='ltr'>expense,</span> <span class='ocrx_word' id='word_1_200' title='bbox 702 1492 734 1532; x_wconf 81' lang='lat' dir='ltr'>xj</span> <span class='ocrx_word' id='word_1_201' title='bbox 751 1491 782 1522; x_wconf 71' lang='lat' dir='ltr'>fi.</span> <span class='ocrx_word' id='word_1_202' title='bbox 801 1491 857 1532; x_wconf 80' lang='lat' dir='ltr'>xiij</span> <span class='ocrx_word' id='word_1_203' title='bbox 875 1495 898 1523; x_wconf 72' lang='grc' dir='ltr'>ἔ.</span> <span class='ocrx_word' id='word_1_204' title='bbox 923 1492 969 1532; x_wconf 85' lang='lat' dir='ltr'>iiij</span> <span class='ocrx_word' id='word_1_205' title='bbox 987 1492 1017 1523; x_wconf 73' lang='lat' dir='ltr'>d.</span> <span class='ocrx_word' id='word_1_206' title='bbox 1063 1492 1106 1523; x_wconf 81' lang='lat' dir='ltr'>Et</span> <span class='ocrx_word' id='word_1_207' title='bbox 1121 1492 1166 1523; x_wconf 80' lang='lat' dir='ltr'>sie</span> 
     </span>
     <span class='ocr_line' id='line_1_25' title="bbox 118 1539 600 1582; baseline -0.002 -10"><span class='ocrx_word' id='word_1_208' title='bbox 118 1543 236 1572; x_wconf 80' lang='lat' dir='ltr'>restant</span> <span class='ocrx_word' id='word_1_209' title='bbox 249 1539 321 1582; x_wconf 64' lang='lat' dir='ltr'><strong>jcxx</strong></span> <span class='ocrx_word' id='word_1_210' title='bbox 336 1541 369 1573; x_wconf 71' lang='lat' dir='ltr'>fi.</span> <span class='ocrx_word' id='word_1_211' title='bbox 385 1542 452 1582; x_wconf 87' lang='lat' dir='ltr'><strong>xvij</strong></span> <span class='ocrx_word' id='word_1_212' title='bbox 470 1545 492 1573; x_wconf 68' lang='grc' dir='ltr'>ἒ.</span> <span class='ocrx_word' id='word_1_213' title='bbox 510 1541 553 1582; x_wconf 82' lang='lat' dir='ltr'>vij</span> <span class='ocrx_word' id='word_1_214' title='bbox 572 1540 600 1572; x_wconf 77' lang='lat' dir='ltr'>d.</span> 
     </span>
    </p>
   </div>
   <div class='ocr_carea' id='block_1_6' title="bbox 161 1637 1314 1720">
    <p class='ocr_par' dir='ltr' id='par_1_6' title="bbox 161 1637 1314 1720">
     <span class='ocr_line' id='line_1_26' title="bbox 161 1637 1314 1718; baseline 0.003 -47"><span class='ocrx_word' id='word_1_215' title='bbox 161 1639 355 1681; x_wconf 84' lang='lat' dir='ltr'>Computum</span> <span class='ocrx_word' id='word_1_216' title='bbox 377 1640 521 1682; x_wconf 82' lang='lat' dir='ltr'>Fergusii</span> <span class='ocrx_word' id='word_1_217' title='bbox 545 1640 605 1671; x_wconf 85' lang='lat' dir='ltr'>filii</span> <span class='ocrx_word' id='word_1_218' title='bbox 628 1640 759 1682; x_wconf 81' lang='lat' dir='ltr'>Nigelli,</span> <span class='ocrx_word' id='word_1_219' title='bbox 782 1641 946 1672; x_wconf 79' lang='lat' dir='ltr'>camerarii</span> <span class='ocrx_word' id='word_1_220' title='bbox 970 1637 1008 1672; x_wconf 86' lang='lat' dir='ltr'>de</span> <span class='ocrx_word' id='word_1_221' title='bbox 1032 1641 1115 1673; x_wconf 88' lang='lat' dir='ltr'>Bute</span> <span class='ocrx_word' id='word_1_222' title='bbox 1133 1644 1165 1672; x_wconf 81' lang='lat' dir='ltr'>et</span> <span class='ocrx_word' id='word_1_223' title='bbox 1182 1644 1266 1718; x_wconf 56' lang='lat' dir='ltr'>{ute</span> <span class='ocrx_word' id='word_1_224' title='bbox 1281 1646 1314 1675; x_wconf 90' lang='lat' dir='ltr'>et</span> 
     </span>
     <span class='ocr_line' id='line_1_27' title="bbox 1214 1698 1299 1720; baseline 0.024 -2"><span class='ocrx_word' id='word_1_225' title='bbox 1214 1698 1299 1720; x_wconf 81' lang='lat' dir='ltr'>rane.</span> 
     </span>
    </p>
   </div>
   <div class='ocr_carea' id='block_1_7' title="bbox 118 1688 1167 2068">
    <p class='ocr_par' dir='ltr' id='par_1_7' title="bbox 118 1688 961 1731">
     <span class='ocr_line' id='line_1_28' title="bbox 118 1688 961 1731; baseline 0.004 -11"><span class='ocrx_word' id='word_1_226' title='bbox 118 1688 222 1722; x_wconf 81' lang='lat' dir='ltr'>Arane</span> <span class='ocrx_word' id='word_1_227' title='bbox 239 1691 356 1731; x_wconf 56' lang='lat' dir='ltr'>[loeo-th,</span> <span class='ocrx_word' id='word_1_228' title='bbox 373 1692 393 1721; x_wconf 88' lang='grc'><em>6</em></span> <span class='ocrx_word' id='word_1_229' title='bbox 408 1690 488 1731; x_wconf 73' lang='lat' dir='ltr'>July</span> <span class='ocrx_word' id='word_1_230' title='bbox 503 1691 694 1731; x_wconf 49' lang='lat' dir='ltr'><em>1467,fr01m</em></span> <span class='ocrx_word' id='word_1_231' title='bbox 709 1692 753 1722; x_wconf 84' lang='lat'>15</span> <span class='ocrx_word' id='word_1_232' title='bbox 767 1691 851 1722; x_wconf 71' lang='lat' dir='ltr'>June</span> <span class='ocrx_word' id='word_1_233' title='bbox 866 1692 961 1729; x_wconf 69' lang='lat'><strong><em>1466.</em></strong></span> 
     </span>
    </p>

    <p class='ocr_par' dir='ltr' id='par_1_8' title="bbox 163 1739 730 1781">
     <span class='ocr_line' id='line_1_29' title="bbox 163 1739 730 1781; baseline 0.002 -11"><span class='ocrx_word' id='word_1_234' title='bbox 163 1739 286 1780; x_wconf 70' lang='lat' dir='ltr'>Charye.</span> <span class='ocrx_word' id='word_1_235' title='bbox 330 1740 476 1777; x_wconf 74' lang='lat' dir='ltr'>Arrears,</span> <span class='ocrx_word' id='word_1_236' title='bbox 492 1740 590 1778; x_wconf 60' lang='grc'><em>,8144</em></span> <span class='ocrx_word' id='word_1_237' title='bbox 604 1741 646 1771; x_wconf 75' lang='grc'>38.</span> <span class='ocrx_word' id='word_1_238' title='bbox 665 1741 730 1781; x_wconf 60' lang='lat' dir='ltr'>M]</span> 
     </span>
    </p>

    <p class='ocr_par' dir='ltr' id='par_1_9' title="bbox 119 1789 1167 2068">
     <span class='ocr_line' id='line_1_30' title="bbox 162 1789 1163 1831; baseline 0 -11"><span class='ocrx_word' id='word_1_239' title='bbox 162 1789 253 1827; x_wconf 86' lang='lat' dir='ltr'>Item,</span> <span class='ocrx_word' id='word_1_240' title='bbox 268 1789 354 1821; x_wconf 85' lang='lat' dir='ltr'>idem</span> <span class='ocrx_word' id='word_1_241' title='bbox 369 1793 479 1821; x_wconf 79' lang='lat' dir='ltr'>onerat</span> <span class='ocrx_word' id='word_1_242' title='bbox 494 1800 527 1821; x_wconf 87' lang='lat' dir='ltr'>se</span> <span class='ocrx_word' id='word_1_243' title='bbox 543 1790 583 1821; x_wconf 87' lang='lat' dir='ltr'>de</span> <span class='ocrx_word' id='word_1_244' title='bbox 594 1789 667 1831; x_wconf 77' lang='lat' dir='ltr'><strong>j⁰xlj</strong></span> <span class='ocrx_word' id='word_1_245' title='bbox 684 1789 716 1821; x_wconf 74' lang='lat' dir='ltr'>fi.</span> <span class='ocrx_word' id='word_1_246' title='bbox 732 1790 811 1831; x_wconf 80' lang='lat' dir='ltr'>xviij</span> <span class='ocrx_word' id='word_1_247' title='bbox 829 1794 851 1821; x_wconf 70' lang='grc' dir='ltr'>ἕ.</span> <span class='ocrx_word' id='word_1_248' title='bbox 869 1789 899 1830; x_wconf 86' lang='lat' dir='ltr'>vj</span> <span class='ocrx_word' id='word_1_249' title='bbox 914 1789 943 1821; x_wconf 74' lang='lat' dir='ltr'>d.</span> <span class='ocrx_word' id='word_1_250' title='bbox 953 1800 1010 1830; x_wconf 84' lang='lat' dir='ltr'>per</span> <span class='ocrx_word' id='word_1_251' title='bbox 1025 1790 1163 1831; x_wconf 74' lang='lat' dir='ltr'>integrae</span> 
     </span>
     <span class='ocr_line' id='line_1_31' title="bbox 119 1838 1166 1871; baseline 0 -2"><span class='ocrx_word' id='word_1_252' title='bbox 119 1838 223 1870; x_wconf 82' lang='lat' dir='ltr'><strong>firmas</strong></span> <span class='ocrx_word' id='word_1_253' title='bbox 238 1839 340 1871; x_wconf 76' lang='lat' dir='ltr'>tocius</span> <span class='ocrx_word' id='word_1_254' title='bbox 355 1839 459 1870; x_wconf 81' lang='lat' dir='ltr'>insule</span> <span class='ocrx_word' id='word_1_255' title='bbox 475 1839 514 1870; x_wconf 87' lang='lat' dir='ltr'>de</span> <span class='ocrx_word' id='word_1_256' title='bbox 530 1839 614 1870; x_wconf 85' lang='lat' dir='ltr'>Bute</span> <span class='ocrx_word' id='word_1_257' title='bbox 636 1839 674 1870; x_wconf 89' lang='lat' dir='ltr'>de</span> <span class='ocrx_word' id='word_1_258' title='bbox 690 1839 815 1870; x_wconf 84' lang='lat' dir='ltr'>duobus</span> <span class='ocrx_word' id='word_1_259' title='bbox 838 1839 983 1870; x_wconf 80' lang='lat' dir='ltr'>terminis</span> <span class='ocrx_word' id='word_1_260' title='bbox 1006 1839 1090 1870; x_wconf 72' lang='lat' dir='ltr'>infra</span> <span class='ocrx_word' id='word_1_261' title='bbox 1106 1839 1166 1870; x_wconf 85' lang='lat' dir='ltr'>hoc</span> 
     </span>
     <span class='ocr_line' id='line_1_32' title="bbox 119 1888 1164 1930; baseline 0 -12"><span class='ocrx_word' id='word_1_262' title='bbox 119 1891 311 1929; x_wconf 84' lang='lat' dir='ltr'>computum,</span> <span class='ocrx_word' id='word_1_263' title='bbox 327 1891 431 1930; x_wconf 83' lang='lat' dir='ltr'>preter</span> <span class='ocrx_word' id='word_1_264' title='bbox 453 1899 550 1929; x_wconf 73' lang='lat' dir='ltr'>gTaua</span> <span class='ocrx_word' id='word_1_265' title='bbox 573 1892 606 1919; x_wconf 87' lang='lat' dir='ltr'>et</span> <span class='ocrx_word' id='word_1_266' title='bbox 628 1892 755 1919; x_wconf 79' lang='lat' dir='ltr'>martas.</span> <span class='ocrx_word' id='word_1_267' title='bbox 800 1888 842 1918; x_wconf 82' lang='lat' dir='ltr'>Et</span> <span class='ocrx_word' id='word_1_268' title='bbox 865 1888 904 1919; x_wconf 86' lang='lat' dir='ltr'>de</span> <span class='ocrx_word' id='word_1_269' title='bbox 921 1888 1021 1928; x_wconf 78' lang='lat' dir='ltr'>xxviij</span> <span class='ocrx_word' id='word_1_270' title='bbox 1043 1888 1074 1918; x_wconf 73' lang='lat' dir='ltr'>H.</span> <span class='ocrx_word' id='word_1_271' title='bbox 1091 1888 1125 1918; x_wconf 79' lang='lat' dir='ltr'>ix</span> <span class='ocrx_word' id='word_1_272' title='bbox 1141 1892 1164 1919; x_wconf 68' lang='lat' dir='ltr'>S.</span> 
     </span>
     <span class='ocr_line' id='line_1_33' title="bbox 119 1936 1166 1979; baseline 0 -11"><span class='ocrx_word' id='word_1_273' title='bbox 119 1936 164 1978; x_wconf 88' lang='lat' dir='ltr'><strong>iiij</strong></span> <span class='ocrx_word' id='word_1_274' title='bbox 182 1937 210 1969; x_wconf 81' lang='lat' dir='ltr'>d.</span> <span class='ocrx_word' id='word_1_275' title='bbox 227 1938 266 1969; x_wconf 86' lang='lat' dir='ltr'>de</span> <span class='ocrx_word' id='word_1_276' title='bbox 281 1938 381 1969; x_wconf 83' lang='lat' dir='ltr'>firmis</span> <span class='ocrx_word' id='word_1_277' title='bbox 397 1938 500 1979; x_wconf 60' lang='lat' dir='ltr'>tociue</span> <span class='ocrx_word' id='word_1_278' title='bbox 523 1938 628 1969; x_wconf 82' lang='lat' dir='ltr'>insule</span> <span class='ocrx_word' id='word_1_279' title='bbox 644 1938 684 1969; x_wconf 88' lang='lat' dir='ltr'>de</span> <span class='ocrx_word' id='word_1_280' title='bbox 710 1938 817 1969; x_wconf 82' lang='lat' dir='ltr'>Arane</span> <span class='ocrx_word' id='word_1_281' title='bbox 841 1938 879 1968; x_wconf 86' lang='lat' dir='ltr'>de</span> <span class='ocrx_word' id='word_1_282' title='bbox 902 1938 1039 1969; x_wconf 81' lang='lat' dir='ltr'>termino</span> <span class='ocrx_word' id='word_1_283' title='bbox 1056 1937 1166 1970; x_wconf 80' lang='lat' dir='ltr'>Sancti</span> 
     </span>
     <span class='ocr_line' id='line_1_34' title="bbox 119 1985 1167 2028; baseline 0 -10"><span class='ocrx_word' id='word_1_284' title='bbox 119 1985 251 2018; x_wconf 82' lang='lat' dir='ltr'>Martini</span> <span class='ocrx_word' id='word_1_285' title='bbox 266 1988 350 2019; x_wconf 77' lang='lat' dir='ltr'>infra</span> <span class='ocrx_word' id='word_1_286' title='bbox 366 1987 425 2018; x_wconf 85' lang='lat' dir='ltr'>hoe</span> <span class='ocrx_word' id='word_1_287' title='bbox 448 1990 642 2028; x_wconf 84' lang='lat' dir='ltr'>computum,</span> <span class='ocrx_word' id='word_1_288' title='bbox 659 1990 763 2028; x_wconf 77' lang='lat' dir='ltr'>preter</span> <span class='ocrx_word' id='word_1_289' title='bbox 785 1990 903 2017; x_wconf 80' lang='lat' dir='ltr'>martas</span> <span class='ocrx_word' id='word_1_290' title='bbox 926 1990 958 2017; x_wconf 88' lang='lat' dir='ltr'>et</span> <span class='ocrx_word' id='word_1_291' title='bbox 974 1997 1078 2027; x_wconf 79' lang='lat' dir='ltr'>grana.</span> <span class='ocrx_word' id='word_1_292' title='bbox 1124 1987 1167 2018; x_wconf 85' lang='lat' dir='ltr'>Et</span> 
     </span>
     <span class='ocr_line' id='line_1_35' title="bbox 119 2035 1166 2068; baseline 0.002 -2"><span class='ocrx_word' id='word_1_293' title='bbox 119 2035 217 2067; x_wconf 83' lang='lat' dir='ltr'>nichil</span> <span class='ocrx_word' id='word_1_294' title='bbox 232 2037 284 2068; x_wconf 82' lang='lat' dir='ltr'>hic</span> <span class='ocrx_word' id='word_1_295' title='bbox 299 2037 338 2068; x_wconf 90' lang='lat' dir='ltr'>de</span> <span class='ocrx_word' id='word_1_296' title='bbox 362 2037 461 2068; x_wconf 82' lang='lat' dir='ltr'>firmis</span> <span class='ocrx_word' id='word_1_297' title='bbox 484 2037 568 2068; x_wconf 81' lang='lat' dir='ltr'>dicte</span> <span class='ocrx_word' id='word_1_298' title='bbox 591 2037 695 2067; x_wconf 78' lang='lat' dir='ltr'>insule</span> <span class='ocrx_word' id='word_1_299' title='bbox 717 2036 756 2067; x_wconf 89' lang='lat' dir='ltr'>de</span> <span class='ocrx_word' id='word_1_300' title='bbox 779 2036 915 2067; x_wconf 84' lang='lat' dir='ltr'>termino</span> <span class='ocrx_word' id='word_1_301' title='bbox 940 2036 1166 2068; x_wconf 79' lang='lat' dir='ltr'>Penthecostes</span> 
     </span>
    </p>
   </div>
   <div class='ocr_carea' id='block_1_8' title="bbox 58 2084 1164 2128">
    <p class='ocr_par' dir='ltr' id='par_1_10' title="bbox 58 2084 1164 2128">
     <span class='ocr_line' id='line_1_36' title="bbox 58 2084 1164 2128; baseline 0 -12"><span class='ocrx_word' id='word_1_302' title='bbox 58 2098 61 2100; x_wconf 86' lang='lat'>·</span> <span class='ocrx_word' id='word_1_303' title='bbox 119 2084 213 2126; x_wconf 87' lang='lat' dir='ltr'>hujus</span> <span class='ocrx_word' id='word_1_304' title='bbox 235 2087 385 2128; x_wconf 82' lang='lat' dir='ltr'>computi,</span> <span class='ocrx_word' id='word_1_305' title='bbox 409 2087 484 2128; x_wconf 81' lang='lat' dir='ltr'>quia</span> <span class='ocrx_word' id='word_1_306' title='bbox 506 2086 724 2118; x_wconf 81' lang='lat' dir='ltr'>conceduntur</span> <span class='ocrx_word' id='word_1_307' title='bbox 750 2085 939 2117; x_wconf 84' lang='lat' dir='ltr'>hereditarie</span> <span class='ocrx_word' id='word_1_308' title='bbox 966 2096 1022 2126; x_wconf 80' lang='lat' dir='ltr'>per</span> <span class='ocrx_word' id='word_1_309' title='bbox 1044 2089 1164 2116; x_wconf 78' lang='lat' dir='ltr'>cartam</span> 
     </span>
    </p>
   </div>
   <div class='ocr_carea' id='block_1_9' title="bbox 119 2135 1164 2225">
    <p class='ocr_par' dir='ltr' id='par_1_11' title="bbox 119 2135 1164 2225">
     <span class='ocr_line' id='line_1_37' title="bbox 119 2135 1162 2175; baseline 0 -10"><span class='ocrx_word' id='word_1_310' title='bbox 119 2135 198 2175; x_wconf 84' lang='lat' dir='ltr'>regis</span> <span class='ocrx_word' id='word_1_311' title='bbox 221 2136 339 2167; x_wconf 86' lang='lat' dir='ltr'>Thome</span> <span class='ocrx_word' id='word_1_312' title='bbox 363 2136 471 2167; x_wconf 76' lang='lat' dir='ltr'>comiti</span> <span class='ocrx_word' id='word_1_313' title='bbox 495 2136 533 2167; x_wconf 87' lang='lat' dir='ltr'>de</span> <span class='ocrx_word' id='word_1_314' title='bbox 556 2136 663 2167; x_wconf 81' lang='lat' dir='ltr'>Arane</span> <span class='ocrx_word' id='word_1_315' title='bbox 688 2138 761 2166; x_wconf 81' lang='lat' dir='ltr'>ante</span> <span class='ocrx_word' id='word_1_316' title='bbox 784 2135 906 2165; x_wconf 77' lang='lat' dir='ltr'>dictum</span> <span class='ocrx_word' id='word_1_317' title='bbox 930 2135 1104 2166; x_wconf 83' lang='lat' dir='ltr'>terminum</span> <span class='ocrx_word' id='word_1_318' title='bbox 1129 2136 1162 2166; x_wconf 85' lang='lat' dir='ltr'>in</span> 
     </span>
     <span class='ocr_line' id='line_1_38' title="bbox 119 2182 1164 2225; baseline 0.001 -11"><span class='ocrx_word' id='word_1_319' title='bbox 119 2182 224 2215; x_wconf 87' lang='lat' dir='ltr'>dotem</span> <span class='ocrx_word' id='word_1_320' title='bbox 234 2195 306 2216; x_wconf 86' lang='lat' dir='ltr'>cum</span> <span class='ocrx_word' id='word_1_321' title='bbox 317 2185 444 2217; x_wconf 80' lang='lat' dir='ltr'>domina</span> <span class='ocrx_word' id='word_1_322' title='bbox 454 2185 567 2222; x_wconf 81' lang='lat' dir='ltr'>Maria,</span> <span class='ocrx_word' id='word_1_323' title='bbox 578 2195 681 2216; x_wconf 82' lang='lat' dir='ltr'>sorore</span> <span class='ocrx_word' id='word_1_324' title='bbox 692 2184 769 2216; x_wconf 83' lang='lat' dir='ltr'>dieti</span> <span class='ocrx_word' id='word_1_325' title='bbox 780 2184 900 2215; x_wconf 84' lang='lat' dir='ltr'>domini</span> <span class='ocrx_word' id='word_1_326' title='bbox 911 2184 1000 2225; x_wconf 82' lang='lat' dir='ltr'>regis.</span> <span class='ocrx_word' id='word_1_327' title='bbox 1033 2185 1164 2216; x_wconf 78' lang='lat' dir='ltr'>Summa</span> 
     </span>
    </p>
   </div>
  </div>
 </body>
</html>
