1551 2462
211 627 320 650 Pendent
329 629 353 650 et

210 657 370 680 consulendus

211 688 248 709 est
258 693 308 709 rex.

212 895 378 923 Respondebit

212 925 300 952 VVales,

213 954 341 981 rotfflator,
353 960 397 982 pro

212 984 294 1013 xxxm'j
306 983 327 1006 fi
338 991 370 1006 xx
380 983 404 1006 d.

213 1032 333 1064 Avene.

218 1691 383 1720 Respondebit

218 1722 292 1743 Vnus.

219 1772 332 1803 Marte.

427 248 487 276 642
737 243 902 275 ROTULI
925 241 1162 274 SCACCARII
1383 243 1442 272 146
1449 243 1474 272 9.

425 349 482 379 per
496 337 721 369 liberacionem
738 336 855 368 factam
880 335 964 366 dieto
988 335 1009 366 J
1012 333 1131 366 ohanni
1154 333 1284 365 domino
1299 333 1420 365 Dernle
1435 333 1475 364 de

425 388 536 419 eodem
552 387 712 424 mandato,
728 389 765 417 ut
780 389 871 427 patet
886 395 942 426 per
957 384 1086 416 easdem
1101 383 1211 415 literas
1227 387 1369 415 ostensas
1381 393 1477 424 super

425 441 621 478 computum,
645 436 666 477 ij
692 435 796 467 ceidre
819 435 875 475 viij
901 434 994 465 bolle.
1038 434 1088 474 Et,
1104 433 1217 471 eidem,
1240 443 1296 474 pro
1320 433 1351 464 le
1373 432 1475 463 inlaik

425 487 514 518 ordei
529 490 562 517 et
581 486 684 517 farine
707 484 872 516 avenatiee
895 483 935 514 de
958 482 1053 514 dietis
1077 482 1200 514 duobus
1223 482 1316 513 annis
1339 492 1379 513 ex
1402 492 1476 513 con-

426 536 620 567 sideracione
636 535 818 566 auditorum
834 533 874 564 ad
891 542 1030 574 presens,
1043 532 1055 573 j
1082 531 1189 563 celdra
1203 531 1299 563 ordei.
1345 531 1478 563 Summa

426 595 648 626 expensarum,
663 584 709 625 iiij
727 583 831 615 oeldre
855 593 898 613 xv
919 582 1003 613 boile
1027 581 1120 612 ordei.
1167 581 1211 612 Et
1233 581 1278 612 sic
1294 584 1415 626 restant.
1430 580 1477 611 lix

425 635 530 666 eeldre
545 635 579 675 iij
597 634 681 665 bolle
697 634 718 674 ij
737 643 839 674 peeee.
884 632 934 663 De
957 632 1083 673 quibus,
1099 631 1240 672 pendent
1262 641 1356 671 super
1372 630 1477 662 Celes-

426 685 532 716 tinum
557 684 596 715 de
622 683 743 714 Insuljs
771 683 810 714 de
841 682 941 713 firmis
971 681 1102 713 baronie
1134 680 1173 712 de
1202 680 1408 712 Ardmanoch
1438 680 1478 711 de

427 734 551 765 duobus
566 733 691 764 ultimis
707 732 833 773 croppis
854 731 932 772 xlvij
958 730 1062 762 eeldre
1085 730 1172 761 ordei
1195 733 1227 761 et
1250 730 1366 761 farrine
1382 740 1478 761 aven-

428 784 517 815 atice.
563 783 606 813 Et
621 783 666 813 sio
682 784 805 812 restant
828 781 872 821 xij
891 780 996 812 eeldre
1018 780 1052 821 iij
1077 780 1162 811 bolle
1178 780 1200 820 ij
1225 790 1326 821 peece.
1373 780 1478 817 Quam

427 836 544 864 restam
574 831 681 863 Adam
711 831 822 862 Wales
852 830 891 862 de
927 830 1036 871 Crago,
1067 833 1289 871 computorum
1325 829 1481 861 rotulator

427 882 574 913 vendidit
598 880 799 921 eomputanti
819 890 876 920 pro
899 879 1031 920 triginta
1053 882 1175 920 septem
1198 879 1289 910 libris
1312 882 1344 910 et
1363 879 1478 920 viginti

428 931 575 968 denariis,
590 941 646 971 pro
663 941 727 971 qua.
750 939 875 961 summa
896 929 982 961 idem
1004 929 1160 960 rotulator
1181 928 1392 970 respondebit.
1437 929 1481 960 Et

428 981 472 1013 sie
489 991 573 1022 eque
590 980 695 1021 quoad
711 980 851 1011 ordeum.

472 1031 565 1067 Item,
582 1030 667 1061 idem
683 1033 794 1060 onerat
810 1039 843 1060 se
860 1028 898 1060 de
913 1029 970 1069 xiij
995 1028 1110 1060 celdris
1133 1028 1177 1069 vij
1195 1028 1290 1060 bonis
1306 1038 1479 1063 avenarum

428 1091 485 1122 per
500 1080 656 1121 arrei-agia
671 1079 779 1110 ultimi
794 1079 938 1120 computi
953 1078 1011 1116 sui,
1027 1081 1064 1109 ut
1079 1081 1169 1119 patet
1185 1078 1220 1108 in
1230 1077 1311 1118 pede
1327 1077 1478 1118 ejusdem.
1505 1072 1512 1076 ⁶

430 1131 563 1162 Summa
578 1129 728 1170 arreragii
743 1131 840 1169 patet.

473 1180 566 1217 Item,
582 1179 668 1210 idem
683 1181 794 1210 onerat
809 1188 843 1209 se
859 1178 890 1218 vj
909 1177 1023 1209 celdris
1040 1177 1071 1218 xj
1097 1177 1190 1208 bouis
1206 1176 1228 1218 ij
1246 1176 1368 1208 ferIotis
1384 1187 1480 1208 aven-

429 1240 528 1266 arum,
545 1229 675 1270 dempta
691 1229 799 1264 tercia,
815 1228 855 1259 de
870 1227 970 1258 firmis
986 1227 1270 1258 vicecomitatuum
1286 1226 1324 1257 de
1336 1226 1431 1267 Elgin
1447 1229 1480 1258 et

429 1281 525 1311 Fores
542 1283 574 1310 et
590 1279 691 1310 veteri
707 1281 810 1309 castro
827 1277 866 1308 de
882 1277 1044 1308 Invernes.
1092 1277 1225 1308 Summa
1240 1276 1349 1307 totalis
1370 1286 1480 1307 onera·
1520 1283 1523 1286 ⁴

430 1329 530 1361 aionis
543 1339 616 1360 cum
630 1328 804 1368 arreragiis,
821 1338 864 1357 xx
880 1327 985 1358 eeldre
1000 1326 1022 1367 ij
1040 1326 1124 1358 boile
1137 1326 1159 1367 ij
1173 1324 1286 1357 ferlote
1298 1336 1482 1358 avenarum.

473 1379 524 1410 De
540 1378 666 1419 quibus,
682 1377 816 1408 auocate
832 1377 1032 1417 computanti
1047 1376 1086 1407 de
1102 1375 1201 1407 firmis
1213 1376 1343 1407 baronie
1354 1375 1393 1406 de
1409 1375 1481 1406 Kil-

431 1429 623 1465 malemnok,
638 1428 814 1468 Petgovny,
831 1431 863 1458 et
886 1426 1106 1467 Drumkynty,
1121 1435 1269 1457 concesse
1285 1425 1307 1456 J
1308 1425 1428 1457 ohanni
1442 1425 1483 1457 de

430 1478 575 1514 Dunbar,
585 1477 691 1513 militi,
706 1476 904 1512 hereditarie,
915 1475 971 1516 qui
986 1474 1117 1505 solvunt
1132 1475 1299 1505 annuatim
1315 1474 1484 1506 duodecim

432 1527 533 1559 bollas
549 1536 732 1562 avenarum,
748 1525 787 1556 de
803 1535 887 1556 anno
911 1524 1054 1565 computi
1076 1527 1108 1555 et
1124 1524 1248 1555 duobus
1266 1524 1359 1555 annis
1373 1534 1479 1565 prece-

432 1577 584 1608 dentibus
600 1576 659 1607 hoe
675 1577 871 1615 computum,
886 1574 908 1614 ij
927 1574 1031 1605 eeldre
1053 1573 1101 1614 iiij
1119 1573 1213 1604 bolle.
1258 1573 1300 1604 Et
1315 1584 1372 1614 per
1386 1573 1482 1605 liber-

434 1626 578 1657 acionem
592 1625 711 1656 factam
735 1624 820 1655 dicto
843 1623 994 1664 magistro
1010 1623 1149 1653 Patricio
1164 1622 1254 1653 Vaus
1271 1622 1310 1654 ad
1327 1633 1484 1663 expensas

433 1675 512 1707 dieti
527 1674 623 1706 castri
640 1674 678 1705 de
694 1674 857 1713 Ternway,
873 1672 942 1713 ipso
958 1682 1016 1712 per
1030 1671 1138 1703 literas
1154 1681 1228 1702 suas
1244 1671 1366 1703 fatente
1375 1682 1484 1713 recep-

434 1729 505 1758 tum
520 1735 616 1766 super
631 1726 826 1764 computum,
843 1722 886 1763 xij
904 1721 997 1758 boile,
1012 1731 1068 1762 pro
1083 1721 1200 1762 quibus
1216 1721 1428 1762 respondebit.

477 1775 572 1811 Item,
587 1774 674 1805 idem
690 1775 801 1804 onerat
823 1783 856 1803 se
873 1772 912 1803 de
935 1782 956 1802 x
972 1771 1083 1802 martis
1105 1771 1196 1812 xxiiij
1221 1771 1409 1802 tautonibus
1428 1781 1485 1812 per

435 1824 591 1866 arreragia
615 1823 723 1854 ultimi
751 1822 892 1863 computi
916 1822 974 1859 sui,
997 1825 1034 1853 ut
1057 1824 1146 1863 patet
1169 1821 1202 1852 iu
1225 1820 1306 1862 pede
1332 1821 1484 1862 ejusdem.

436 1875 568 1906 Summa
583 1872 732 1914 arreragii
748 1875 843 1913 patet.

480 1924 573 1960 Item,
603 1922 689 1953 idem
719 1925 829 1953 onerat
861 1931 894 1952 se
924 1920 964 1951 de
987 1920 1019 1961 vj
1049 1919 1223 1961 rynmartis
1246 1920 1277 1961 vj
1309 1922 1485 1961 rynmutou

436 1972 677 2004 vicecomitatus
693 1971 732 2002 de
748 1971 843 2012 Elgin
861 1970 944 2001 infra
959 1969 1082 2001 dictum
1094 1969 1281 2000 comitatum
1297 1969 1336 2000 de
1348 1969 1484 2001 termino
1512 1972 1515 1974 '

437 2022 547 2054 Sancti
562 2021 699 2052 Martini
714 2020 799 2051 infra
815 2020 874 2051 hoo
890 2023 1084 2060 computum.
1129 2019 1173 2050 Et
1195 2019 1234 2050 de
1251 2019 1294 2060 vij
1312 2019 1486 2060 rynmartis
1502 2036 1505 2038 -

436 2072 480 2112 vij
515 2073 690 2112 rynmuton
723 2069 964 2101 vicecomitatus
1002 2069 1042 2099 de
1079 2069 1175 2099 Fores
1205 2068 1245 2099 de
1277 2068 1388 2100 eodem
1421 2072 1485 2100 ter-

437 2121 532 2152 mino.
592 2120 634 2150 Et
669 2119 709 2151 de
748 2119 804 2159 xiij
840 2118 952 2149 martis
983 2118 1005 2159 ij
1038 2117 1195 2159 quarteris
1226 2118 1282 2159 xiij
1315 2120 1428 2149 muton
1462 2117 1482 2159 ij

437 2170 594 2212 quarteris
618 2168 746 2201 baronio
769 2168 808 2199 de
832 2168 1038 2199 Ardmanoch
1060 2168 1099 2199 de
1123 2167 1233 2200 eodem
1253 2168 1397 2200 termino.
1442 2167 1485 2200 Et
