1551 2462
158 521 225 543 Nota
235 528 300 544 man-

157 550 248 574 datum.

155 1898 318 1928 Respondebit

154 1929 254 1962 Guthre,
265 1928 315 1951 the-

155 1965 283 1981 saurarius.

375 224 437 253 204
685 224 851 256 ROTULI
873 225 1109 258 SCAGCARII
1334 229 1371 258 14
1377 229 1426 260 63.

372 315 488 348 foreste
504 316 543 348 de
560 316 675 358 Cluny,
691 317 752 349 sibi
768 318 808 349 ad
823 319 924 350 vitam
942 329 1098 357 concesse,
1115 319 1153 351 de
1169 330 1253 351 anno
1269 321 1422 362 computi,

372 366 432 397 sub
447 367 588 407 periculo
604 368 829 409 computantis,
852 369 908 409 xiij
926 369 957 400 fi.
982 369 1013 410 vj
1036 373 1060 401 ἔ.
1078 369 1133 410 viij
1150 369 1180 402 d.
1225 370 1268 401 Et
1283 370 1422 401 Patricio

372 415 617 455 Malcomesone,
640 418 804 450 forestario
827 418 866 449 de
889 418 1078 456 Mamlorne,
1101 429 1157 460 pro
1173 419 1265 450 feodo
1289 429 1346 450 suo
1361 430 1418 460 pro

372 466 516 497 custodia
539 467 623 498 dicte
646 467 763 499 foreste
786 468 824 499 de
847 478 930 499 anno
955 469 1106 509 computi,
1125 469 1201 509 xxvj
1219 472 1241 499 ἔ.
1258 468 1315 509 viij
1332 468 1371 506 d„
1387 472 1420 500 et

372 516 548 557 precipitur
574 517 775 558 oomputanti
799 517 884 558 quod
909 527 974 548 non
999 518 1103 549 solvat
1124 517 1262 559 amplius
1286 517 1349 549 nisi
1379 528 1419 549 ex

373 575 456 596 novo
493 566 650 597 mandato.
718 567 760 598 Et
797 576 854 608 per
899 567 1095 599 solucionem
1132 568 1251 599 factam
1289 567 1418 599 domine

372 615 510 646 Matilde
537 616 715 657 Lyndesay,
738 616 777 648 de
802 616 953 648 mandato
984 616 1104 648 domini
1130 617 1212 658 regis
1244 616 1418 648 literatorio

373 662 450 696 alias
489 669 616 698 ostenso
653 676 748 707 super
781 670 977 707 computum,
1014 667 1084 707 ipsa
1118 676 1175 707 per
1207 676 1280 698 suas
1313 666 1422 698 literas

372 714 494 746 fatente
524 718 687 757 receptum
720 726 815 756 super
845 719 1041 756 computum,
1072 715 1111 747 de
1147 725 1231 747 anno
1268 717 1420 757 computi,

372 764 429 805 xiij
460 765 492 795 ii.
523 766 555 806 vj
587 769 609 797 s.
637 765 693 806 viij
726 764 754 796 d.
801 765 843 796 Et
869 765 982 802 eidem,
1004 775 1061 806 per
1087 765 1281 806 superfluam
1312 775 1421 797 onera-

371 814 496 845 cionem
531 818 686 846 terrarum
717 814 755 845 de
787 814 998 855 Glenlyoune,
1029 824 1066 845 eo
1096 814 1182 855 quod
1217 814 1304 846 dicte
1339 817 1421 846 terre

371 866 499 894 tantum
530 863 717 895 assedantur
748 873 804 904 pro
835 863 1069 904 quinquaginta
1106 863 1219 895 marcis
1256 863 1291 894 iu
1328 874 1422 901 anno,

370 916 466 953 prout
495 917 584 954 patet
614 914 648 944 in
678 913 794 944 rentah'
825 913 864 944 de
891 923 975 943 anno
1005 913 1157 953 computi,
1186 912 1221 953 iij
1252 912 1286 945 fi.
1316 913 1372 954 xiij
1397 917 1421 945 ἔ.

370 963 417 1003 iiij
457 962 485 993 d.
545 963 588 993 Et
619 962 731 1000 eidem,
762 962 801 993 de
832 963 932 993 firmis
962 966 1117 993 terrarum
1147 962 1186 993 de
1217 963 1314 994 Inver
1348 973 1421 994 oum

370 1011 553 1043 molendino
584 1012 735 1053 ejusdem,
766 1021 987 1043 concessarum
1024 1022 1082 1053 per
1111 1011 1279 1043 dominum
1315 1022 1422 1054 regem

370 1061 422 1101 pie
445 1061 596 1093 memorie
619 1061 733 1092 ultimo
756 1061 946 1092 defunctum
969 1060 1116 1102 episcopo
1140 1061 1365 1092 Dunkeldensi
1387 1061 1422 1093 in

370 1112 573 1143 excambium
603 1122 676 1143 cum
706 1111 801 1143 terris
832 1111 871 1142 de
909 1110 1055 1148 Balerno,
1087 1110 1125 1142 de
1157 1121 1240 1142 anno
1271 1111 1422 1152 computi,

370 1161 404 1191 xl
431 1165 454 1193 s.
500 1161 543 1192 Et
565 1161 677 1198 eidem,
704 1161 743 1192 de
774 1161 875 1192 firmis
905 1163 1061 1191 terrarum
1092 1160 1131 1192 de
1161 1160 1317 1192 Rannach
1347 1171 1421 1192 eum

370 1211 487 1250 quibus
525 1215 714 1252 computans
751 1210 897 1252 superius
927 1213 1085 1248 oneratur,
1127 1219 1167 1241 ex
1205 1220 1241 1242 eo
1272 1210 1355 1251 quod
1387 1210 1422 1241 in

369 1259 482 1292 rotulis
498 1260 741 1301 precedentibus
761 1260 964 1301 reperiuntur
990 1259 1129 1291 assedari
1157 1259 1301 1291 Johanni
1318 1259 1418 1291 Stew-

369 1314 420 1341 art
435 1320 492 1351 pro
508 1310 617 1341 decem
632 1310 746 1341 mareis
769 1310 802 1340 in
819 1320 912 1347 anno,
928 1310 967 1346 de
982 1309 1128 1341 terminis
1150 1309 1248 1350 hujus
1264 1309 1419 1350 computi,

371 1361 403 1400 xj
420 1360 452 1390 fi.
469 1359 525 1400 xiij
543 1363 565 1390 s.
593 1359 639 1400 iiij
657 1359 686 1391 d.
744 1359 786 1390 Et
812 1369 867 1400 per
897 1358 1094 1390 solucionem
1120 1359 1239 1390 factam
1265 1369 1353 1390 maro
1380 1358 1420 1390 de

370 1407 535 1449 Descheyr
547 1411 580 1439 et
596 1407 729 1449 Tweyer
741 1417 797 1448 pro
811 1408 901 1439 feodo
914 1418 971 1439 suo
982 1408 1020 1439 de
1036 1408 1173 1439 termino
1186 1408 1337 1449 computi,
1347 1408 1381 1438 xl
1396 1412 1420 1439 s.

369 1457 412 1489 Et
434 1468 522 1489 maro
547 1457 584 1488 de
601 1457 790 1498 Glenlyone‚
812 1457 1003 1498 percipienti
1018 1458 1053 1488 in
1076 1467 1160 1488 anno
1182 1467 1240 1498 pro
1255 1457 1347 1488 feodo
1363 1467 1420 1488 suo

371 1507 450 1538 duas
466 1516 597 1543 marcas,
614 1506 651 1537 de
668 1516 751 1537 anno
766 1507 918 1547 computi,
935 1506 1012 1547 xxvj
1029 1510 1052 1537 s.
1070 1506 1126 1546 viij
1144 1506 1173 1537 d.
1219 1506 1262 1537 Et
1280 1517 1364 1537 maro
1381 1506 1420 1538 de

370 1556 611 1593 Strathbraune,
626 1565 682 1596 pro
699 1555 791 1586 feodo
806 1566 863 1587 suo
879 1555 919 1587 de
942 1555 1029 1586 dicto
1045 1565 1138 1593 anno,
1154 1555 1188 1586 xl
1204 1558 1227 1587 s.
1273 1556 1317 1586 Et
1331 1565 1419 1587 maro

369 1605 408 1637 de
435 1605 632 1646 Apinnadul,
658 1615 715 1646 pro
731 1604 824 1636 feodo
843 1615 900 1636 suo
917 1604 956 1637 de
979 1605 1073 1636 dietis
1089 1605 1243 1642 terminis,
1259 1605 1292 1636 xl
1308 1609 1330 1637 ἔ.
1376 1606 1420 1636 Et

369 1655 481 1692 eidem,
496 1665 553 1696 pro
571 1655 719 1695 expensis
743 1653 945 1686 dominorum
969 1654 1095 1685 comitis
1118 1654 1157 1685 de
1179 1654 1294 1696 Ergile,
1309 1654 1419 1685 Mont-

368 1715 507 1746 gomery,
517 1704 687 1745 Kennedy,
699 1707 730 1735 et
742 1703 939 1741 thesaurarii,
951 1703 1170 1735 laboraneium
1183 1704 1216 1735 in
1228 1704 1419 1736 ambassiata

369 1763 480 1786 versus
496 1753 644 1785 comitem
659 1753 778 1790 Rossie‚
795 1755 826 1784 et
841 1753 1081 1784 remanenoium
1097 1753 1132 1784 in
1148 1753 1246 1785 Pei-th
1268 1763 1325 1795 per
1339 1754 1418 1786 duos

369 1803 436 1834 dies
460 1813 532 1834 eum
551 1802 724 1843 jantaculo,
747 1802 832 1834 dicto
854 1802 1051 1834 thesaurario
1074 1806 1214 1834 testante
1232 1803 1419 1844 hujusmodi

369 1863 524 1894 expensas
540 1862 635 1893 super
651 1855 846 1892 computum,
862 1852 906 1892 xij
930 1851 963 1883 fi.
980 1852 1013 1882 ix
1029 1856 1053 1884 S.
1076 1852 1122 1893 iiij
1140 1852 1170 1884 d.
1216 1852 1275 1893 [To
1293 1853 1418 1890 Guthre,

371 1902 546 1940 Tweasm'cr,
558 1902 786 1942 accozmtcdsor,
797 1902 895 1932 EIUS
905 1902 968 1933 19s.
981 1901 1053 1933 IId.
1103 1901 1146 1933 To
1158 1902 1228 1933 said
1243 1902 1418 1940 Treasurer,

368 1953 444 1984 „4⁰23
458 1953 502 1984 33.
547 1952 633 1989 Sum,
648 1950 746 1982 29278
757 1951 820 1982 183.
834 1951 920 1991 11ιί.]
963 1951 1005 1982 Et
1014 1951 1059 1982 sic
1075 1954 1197 1982 restant
1208 1949 1312 1992 ijcxiiij
1326 1951 1357 1982 n
1371 1951 1415 1992 xij

369 2007 390 2034 s.
403 2012 423 2033 v
438 2001 466 2033 d.
478 2002 490 2042 j
503 2001 583 2032 libra
596 2000 715 2042 piperis
724 2000 758 2031 ix
773 2003 874 2031 marte
891 2000 974 2031 dicte
986 2000 1185 2042 rynemartis.
1230 2000 1281 2032 De
1291 2000 1416 2041 quibus,

368 2051 509 2093 pendent
525 2061 619 2092 super
634 2050 656 2082 J
658 2050 815 2082 ohannem
831 2050 870 2081 de
894 2049 1109 2087 Stratbaohin,
1125 2053 1202 2080 tunc
1223 2053 1416 2090 receptorem

369 2103 530 2132 firmarum
542 2101 580 2132 de
590 2100 777 2132 Fethirkern
782 2110 808 2138 e,
814 2100 851 2131 de
862 2100 961 2131 firmis
972 2099 1050 2131 dicti
1060 2099 1202 2136 dominii,
1209 2100 1298 2140 xxvij
1308 2099 1340 2130 Π,
1347 2099 1427 2141 xxij-

369 2151 407 2189 d„
421 2156 452 2183 et
464 2150 634 2182 mandatur
650 2150 848 2191 computanti
861 2153 1019 2191 quatenus
1034 2150 1121 2181 levet
1136 2149 1320 2190 hujusmodi
1329 2159 1415 2181 sum-
