1551 2462
2 260 6 269 -
59 236 108 299 ᾗ,
137 223 234 278 1469s
445 244 606 276 REGUM
630 243 876 276 SCOTORUM.
1119 247 1180 276 <343

46 375 53 379 ,
135 337 173 368 de
188 336 267 368 xxix
281 337 393 368 martis
416 336 548 377 receptis
572 337 611 368 ab
634 336 819 368 Alexandro
835 336 940 377 Lesly,
955 336 1126 367 camerario
1142 336 1181 368 de

56 396 90 426 j
105 419 108 422 Δ
134 386 223 418 Marr
237 389 270 418 et
285 385 453 417 Garviach.
498 386 631 417 Summa
646 385 756 416 totalis
780 385 977 416 oneraciouis
994 396 1067 416 cum
1083 396 1181 417 arrer-

7 456 9 459 -
29 431 31 435 '
135 435 221 477 agiis,
235 435 292 466 lxv
308 437 409 466 marte
425 435 447 475 ij
465 435 624 475 quarteris
639 434 652 465 1
667 437 781 465 muton
795 434 818 475 ij
836 435 998 475 quarteris.

79 480 87 525 J
177 485 228 516 De
243 484 368 525 quibus,
384 484 518 516 allocate
538 495 651 525 compu
657 484 738 515 tanti
752 494 810 525 per
824 484 1050 515 liberaciouem
1065 484 1183 515 factam

81 560 86 561 γ
124 529 176 566 ⁴ad
189 533 393 566 lardinariam
409 534 531 565 domini
546 534 629 575 regis
644 534 684 565 de
707 534 862 565 Invernes
878 537 910 565 et
925 533 1030 575 Elgin,
1042 537 1079 564 ut
1094 536 1184 574 patet

59 620 63 623 ,
134 584 170 616 in
192 586 341 626 computo
365 583 511 624 superius
538 583 700 624 descripto
721 583 760 614 de
783 583 869 614 dicto
892 583 1118 614 vicecomitatu
1144 583 1183 614 de

115 637 118 640 ’
134 633 237 675 Elgin,
247 633 279 674 vj
293 636 401 664 marte.
433 633 476 664 Et
487 643 544 673 per
558 632 782 664 libe-racionem
793 635 826 663 et
837 632 1031 663 locacionem
1047 632 1082 662 in
1098 632 1183 663 dicta

34 687 49 697 ·’
80 704 81 707 =
134 683 305 715 lardinaria
320 682 359 714 de
375 682 487 714 martis
501 682 637 723 receptis
653 692 672 713 a
687 681 772 712 dicto
789 681 973 712 Alexandro
984 681 1088 722 Lesly,
1104 681 1183 712 xxix
1196 698 1361 727 Respondebit

3 725 6 727 ’
54 742 60 744 “
80 749 91 774 ¹-
137 735 246 764 marte.
291 732 334 763 Et
349 732 461 769 eidem,
476 741 534 773 pro
549 731 596 772 iiij
613 731 725 762 martis
741 731 923 762 recentibus
939 733 971 762 et
992 731 1027 771 iij
1044 731 1183 762 mutoni-
1196 728 1358 786 gssffispgssffij

74 820 79 825 ⁸
137 779 197 814 bus
221 781 364 813 liberatis
387 781 472 813 dicto
494 781 645 822 magistro
669 781 807 812 Patricio
830 780 920 811 Vaus
944 780 984 811 ad.
1006 781 1183 811 custodiam
1197 787 1291 810 eon-eis.

58 826 81 870 ss
137 831 220 863 dicte
235 831 442 872 domus‚‚ipso
457 841 514 872 per
535 831 645 862 literas
669 841 743 862 suas
765 830 888 861 fatente
910 828 1075 871 receptum
1090 840 1185 871 super

63 883 87 890 “’
102 913 110 916 ,
141 883 337 922 computum,
361 881 404 921 vij
430 884 532 912 marte
558 880 592 922 iij
624 882 746 911 muton.
806 880 938 911 Summa
967 890 1187 921 expensarum,

69 958 79 965 .
136 929 202 971 xlij.
223 933 325 961 marte
354 929 389 970 iij
421 932 577 961 mutones.
622 930 665 960 Et
695 929 740 960 sic
770 932 894 960 restant
924 929 1004 970 xxiij
1031 932 1132 960 marte
1161 929 1184 970 ij

62 971 84 985 ”
134 980 290 1022 quaiteris
321 979 400 1020 xlvij
424 982 537 1010 muton
562 979 584 1020 ij
610 979 774 1019 quarteris.
820 979 870 1010 De
892 979 1018 1019 quibus,
1044 978 1186 1019 pendent
1200 985 1314 1008 Pendeat

64 1023 89 1054 ἕ
135 1039 231 1070 super
244 1029 442 1061 Oelestinum
463 1028 502 1059 de
526 1028 647 1059 Insulis
670 1028 710 1059 de
733 1027 819 1059 dicta
842 1027 972 1059 baronia
994 1028 1033 1058 de
1049 1027 1186 1059 Ardma-

64 1080 89 1113 ζ
135 1079 217 1110 noch
238 1078 278 1110 de
293 1088 377 1110 anno
400 1078 551 1119 computi,
573 1077 630 1118 xiij
657 1080 759 1108 marte
777 1077 800 1118 ij
825 1077 982 1118 quarteris
998 1077 1055 1118 xiij
1072 1081 1187 1109 muton

83 1127 91 1154 J
136 1128 158 1169 ij
189 1127 354 1169 quarteris.
401 1127 534 1158 Summa
570 1127 667 1168 hujus
704 1127 881 1168 pendencie
918 1130 1015 1168 patet.
1060 1128 1104 1158 Et
1140 1127 1187 1159 sic

66 1183 95 1223 *1—
135 1180 258 1209 restant
273 1177 312 1208 de
328 1177 412 1208 claro
429 1187 450 1207 x
465 1180 567 1208 marte
583 1177 698 1217 xxxiiij
715 1181 838 1208 muton.

177 1227 221 1259 Et
243 1226 486 1258 memorandum
508 1226 594 1267 quod
618 1228 808 1267 computans
831 1229 980 1257 oneratur
1003 1237 1076 1257 cum
1102 1226 1185 1268 lxiiij

69 1312 72 1314 μ
91 1282 98 1286 '
137 1277 250 1308 correis
261 1276 432 1307 lardinarie
445 1276 521 1307 anni
538 1275 728 1317 sexagesimi
744 1275 881 1316 septimi.
919 1276 962 1306 Et
978 1286 1050 1319 cum
1062 1276 1187 1307 lxxxxv

73 1358 93 1366 ¹,
137 1325 252 1362 eorreis
266 1325 438 1356 lardinarie
457 1325 535 1356 anni
557 1325 747 1366 sexagesimi
770 1325 882 1357 octavi.
928 1324 1061 1357 Summa
1084 1336 1185 1357 corre-

75 1370 83 1408 ζ
137 1384 236 1413 orum,
253 1385 296 1406 xv
311 1374 403 1405 dakir
418 1374 473 1415 viij
491 1384 604 1405 norrea.

73 1426 89 1431 '⁷
118 1444 121 1445 ν
152 1440 155 1441 ’
179 1425 273 1461 Item,
289 1424 374 1455 idem
389 1426 500 1455 onerat
515 1433 548 1454 se
564 1423 603 1454 de
626 1423 660 1464 iij
677 1423 768 1455 lastis
784 1423 819 1454 ix
833 1423 988 1455 barilibus
1004 1424 1184 1456 salmonum
1199 1424 1338 1455 Piscaria
1354 1424 1393 1456 de

65 1483 89 1491 ’
136 1473 290 1505 salsorum
307 1483 455 1504 mensure
470 1473 510 1504 de
525 1472 716 1514 Hamburgh
732 1483 789 1513 per
805 1473 961 1514 arreragia
976 1473 1085 1504 ultimi
1100 1484 1184 1505 eom·
1199 1467 1312 1509 Speya·

64 1543 88 1565 „3
128 1516 208 1564 'puti
237 1522 295 1560 sui,
325 1525 362 1553 ut
391 1524 482 1562 patet
510 1522 546 1553 in
575 1521 656 1563 pede
686 1521 837 1562 ejusdem.
883 1522 926 1553 Et
956 1522 995 1554 de
1032 1523 1054 1564 ij
1094 1523 1185 1555 lastis

80 1571 85 1591 ’-
137 1571 310 1604 §almorum
326 1571 481 1602 salsorum
503 1581 651 1602 mensure
674 1571 713 1602 de
736 1570 928 1612 Hamburgh
951 1571 1036 1603 dicte
1051 1572 1186 1613 piscarie

72 1618 102 1658 ,ᾗ
136 1620 176 1652 de
191 1631 276 1653 anno
299 1620 450 1661 computi,
473 1631 513 1652 ex
537 1620 740 1652 assedacione
761 1620 906 1662 magistri
927 1621 1035 1652 David
1053 1621 1186 1660 Guthre,

79 1679 83 1686 “
136 1673 214 1702 tunc
236 1673 457 1711 computorum
472 1670 664 1708 rotulatoris,
679 1672 716 1702 ut
731 1673 821 1711 patet
835 1670 870 1701 in
885 1670 1007 1702 rentali„
1054 1671 1186 1703 Summa

136 1720 244 1752 totalis
265 1719 462 1751 oneracionis
484 1730 558 1751 cum
581 1720 754 1762 arreragiis,
775 1731 796 1751 v
811 1720 891 1752 laste
913 1720 949 1751 ix
971 1721 1089 1753 barilia.
1134 1722 1185 1753 De

90 1773 99 1793 f
137 1770 262 1811 quibus,
287 1769 421 1801 allocate
445 1770 646 1810 computanti
672 1779 730 1810 per
751 1769 977 1801 liberacionem
1001 1763 1120 1801 factam
1144 1771 1185 1802 ad

74 1819 92 1846 ’-
137 1829 292 1861 expensas
307 1819 461 1851 domicilii
476 1819 598 1850 domini
613 1819 704 1860 regis,
719 1822 757 1858 ut
771 1822 861 1860 patet
876 1819 909 1853 in
925 1819 1015 1851 libris
1028 1819 1185 1851 dictarum

87 1870 90 1873 ’
137 1869 369 1912 particulariter
384 1869 575 1900 examinatis
591 1879 687 1910 super
709 1871 906 1909 computum,
921 1869 952 1909 vj
978 1868 1097 1901 barilia.
1143 1870 1186 1901 Et

137 1919 248 1957 eidem,
274 1929 331 1960 per
356 1918 581 1950 liberacionem
608 1918 726 1949 factam
755 1917 796 1949 ad
823 1928 938 1949 navem
961 1918 1043 1959 regis
1064 1918 1100 1949 in
1122 1929 1186 1960 qua

137 1968 352 2000 thesaurarius
382 1967 554 2009 navigavit,
585 1970 622 1999 ut
659 1970 750 2008 patet
785 1966 820 2004 iu
851 1967 933 1998 libro
963 1971 1185 2009 computorum

137 2016 320 2049 rotulatoris
354 2018 536 2050 examinato
571 2027 667 2058 super
695 2020 892 2058 computum,
921 2017 944 2058 ij
976 2017 1098 2050 barilia.
1142 2019 1185 2050 Et

72 2100 75 2102 ,
138 2067 250 2104 eidem,
265 2067 306 2099 ad
315 2067 515 2108 implendum
525 2066 642 2108 viginti
657 2066 771 2098 barilia
786 2066 966 2098 salmonum
982 2067 1184 2099 venditorum

7 2108 14 2139 ’Υ
75 2135 91 2155 ,π
139 2126 194 2157 per
202 2116 417 2154 rotulatorem,
430 2116 442 2156 j
456 2115 563 2147 barile.
609 2116 651 2147 Et
663 2126 719 2156 per
733 2116 957 2147 liberacionem
971 2116 1087 2148 factam
1100 2118 1185 2149 dicto

79 2186 86 2192 ,
101 2179 114 2194 -,
142 2170 361 2207 computorum
379 2165 556 2204 rotulatori,
573 2166 687 2198 fatenti
709 2168 873 2207 receptum
889 2176 984 2208 super
998 2171 1185 2209 computum
