1551 2462
163 1067 328 1096 Respondebit

163 1096 263 1124 Wallas,

162 1127 289 1150 rotulutor.

161 2109 350 2141 Balliucreif

161 2158 193 2185 et
209 2153 289 2184 Gos-

162 2196 260 2227 surde.

384 282 444 310 614
696 279 859 311 ROTULI
883 279 1118 312 SOACCARH
1340 282 1430 311 1469.
1489 284 1496 290 “

380 375 463 405 terre
487 373 690 414 reperiuntur
713 373 748 404 in
774 373 891 404 rentali
915 372 1019 404 solum
1046 373 1185 404 assedari
1213 383 1269 414 pro
1292 376 1430 414 quatuor
1486 408 1490 410 v

381 422 504 460 marcis,
520 426 552 454 et
568 426 758 464 computans
774 426 924 453 oneratur
940 432 1012 454 cum
1029 426 1166 464 quatuor
1181 422 1280 460 libris,
1292 426 1329 454 ut
1341 425 1430 464 patet

381 472 416 503 in
443 475 592 513 computo
619 472 697 503 anni
723 471 912 512 sexagesimi
939 472 1077 512 septimi,
1105 472 1144 503 de
1171 482 1254 503 anno
1279 473 1430 513 computi,
1477 481 1482 484 ⁴

381 523 458 563 xxvj
476 527 497 553 ἔ.
513 522 570 562 viij
587 521 617 553 d.
662 522 705 552 Et
720 521 885 552 forestario
909 521 947 552 de
972 521 1178 562 Corymuklo,
1193 532 1251 562 pro
1265 522 1358 553 feodo
1373 531 1431 553 suo

380 571 420 603 de
436 582 519 603 anno
535 571 686 613 computi,
703 571 757 609 xiij
776 575 798 602 s.
815 570 861 611 iiij
879 570 907 601 (1.
957 571 999 601 Et
1015 570 1126 608 eidem,
1142 581 1199 612 per
1214 571 1430 602 decidenciam
1453 596 1456 598 .

379 621 543 652 firmarum
559 622 598 652 de
614 621 820 653 Casteltoune
836 620 875 651 de
891 620 1001 651 Foulis
1018 630 1091 651 cum
1108 621 1224 661 quibus
1241 624 1429 662 computans

379 671 525 712 superius
548 674 706 707 oneratur,
722 681 762 701 ex
785 680 822 701 eo
846 669 939 711 quod>
954 670 1038 701 dicte
1061 674 1145 701 terre
1169 671 1371 711 reperiuntur
1395 670 1430 701 in

378 720 495 751 rentali
519 720 658 752 assedari
684 730 741 760 pro
768 723 839 750 octo
866 720 981 751 marcis
1006 725 1039 751 et
1065 723 1254 761 computans
1281 724 1430 751 oneratur
1485 758 1493 763 ¹

378 829 435 859 per
465 819 682 850 decidenciam
712 818 877 849 firmarum
907 818 947 849 de
978 819 1170 860 Iuneryelde
1201 829 1242 850 ex
1273 829 1311 851 eo
1344 819 1430 860 quod

377 868 500 899 rentale
525 868 630 899 solum
655 867 799 899 continet
830 867 973 908 quinque
1003 868 1109 905 libras,
1132 868 1209 899 licet
1241 872 1429 910 computans

378 921 528 949 oneratur
544 928 617 949 cum
641 918 783 959 quinque
805 917 896 948 libris
919 918 1083 949 trisdecim
1105 918 1215 949 solidis
1238 922 1270 950 et
1293 922 1430 960 quatuor

378 967 517 999 denariis
542 967 581 998 de
609 978 692 998 anno
716 968 869 1008 computi,
896 967 953 1008 xiij
979 971 1001 999 ἓ.
1028 968 1073 1008 iiij
1098 968 1126 999 d.
1173 969 1215 999 Et
1239 968 1351 1005 eidem,
1374 978 1430 1009 per

378 1017 575 1048 solucionem
591 1017 710 1048 factam
733 1016 910 1047 husbandis
933 1017 972 1047 de
996 1016 1184 1049 Stratherne
1207 1028 1263 1059 pro
1279 1018 1428 1050 undecim
1482 1050 1487 1056 ,

378 1067 489 1097 martis
506 1067 600 1097 dictis
623 1065 834 1097 martfodellis
857 1066 985 1097 intratis
1009 1066 1043 1097 in
1066 1066 1157 1098 libris
1181 1068 1349 1105 dietamm,
1371 1077 1428 1108 pro
1487 1077 1494 1087 ³

377 1126 513 1157 quarum
519 1116 663 1157 qualibet
670 1115 849 1147 allocantur
854 1115 1030 1147 husbandis
1037 1116 1180 1157 quinque
1190 1117 1293 1155 solidi,
1299 1117 1338 1148 de
1346 1127 1384 1148 an
1389 1127 1428 1148 no

377 1166 530 1206 computi,
547 1166 580 1196 lv
593 1169 615 1197 s.
627 1165 686 1207 [To
705 1165 913 1205 O'omptroller,
923 1165 981 1206 for
992 1167 1163 1204 hoasolwld,
1173 1167 1346 1198 233602153.
1363 1167 1428 1208 9d.]
1482 1171 1487 1185 '-

377 1215 420 1245 Et
435 1215 548 1252 eidem,
564 1225 620 1256 per
636 1214 832 1246 solucionem
851 1215 966 1246 Factam
984 1215 1140 1257 Gillegerr
1154 1227 1212 1257 pro
1228 1217 1426 1257 reparabion-¹

377 1265 449 1295 ibus
466 1268 625 1296 certarum
642 1264 808 1295 domorum
824 1265 858 1295 in
886 1264 1011 1296 Duchre
1027 1275 1084 1306 pro
1102 1266 1329 1297 venacionibus
1345 1276 1428 1297 anno
1482 1259 1486 1274 ⁵

377 1314 484 1355 elapso
511 1318 544 1345 et
574 1314 633 1345 hoc
664 1323 748 1344 anno
778 1313 929 1350 instante,
953 1314 991 1344 de
1015 1314 1166 1345 mandato
1194 1315 1317 1346 domini
1346 1315 1427 1357 regis

376 1363 560 1401 literatorio,
577 1368 611 1395 ut
633 1367 723 1405 patet
744 1373 801 1404 per
824 1363 916 1394 binas
939 1363 1047 1394 literas
1070 1366 1130 1395 sub
1153 1365 1276 1405 signeto
1299 1368 1332 1395 et
1354 1365 1427 1396 sub·
1469 1407 1473 1412 ,

377 1413 553 1454 scripcione
584 1413 622 1444 de
646 1416 796 1454 precepto
820 1416 962 1444 ostensas
986 1423 1082 1454 super
1105 1417 1292 1455 computum
1313 1417 1346 1445 et
1368 1414 1428 1445 sub
1480 1443 1484 1450 ,

376 1463 519 1503 periculo
535 1463 762 1503 computantis,
777 1463 823 1503 iiij
841 1462 872 1493 li.
913 1463 954 1493 Et
970 1463 1179 1504 computanti,
1192 1474 1247 1504 pro
1263 1463 1355 1495 feodo
1371 1474 1427 1495 suo

377 1512 415 1543 de
431 1522 515 1543 anno
539 1512 689 1552 computi,
706 1512 736 1552 vj
754 1511 786 1543 Ti.
803 1512 860 1552 xiij
878 1516 900 1542 s.
918 1511 965 1552 iiij
982 1512 1011 1543 d.
1057 1512 1099 1543 Et
1122 1513 1232 1550 eidem,
1255 1523 1312 1554 per
1333 1513 1428 1544 liber·
1484 1516 1487 1558 J

376 1562 521 1593 acionem
538 1562 656 1592 factam
672 1562 713 1593 ad
729 1571 885 1602 expensas
901 1561 1056 1592 domicilii
1068 1561 1188 1593 domini
1201 1562 1281 1603 regis
1293 1562 1428 1594 iutratas

375 1611 410 1642 in
440 1611 529 1642 libris
560 1611 726 1648 dietam-um,
758 1611 789 1651 xj
815 1614 923 1642 marte.
972 1611 1104 1642 Summa
1126 1622 1346 1652 expensarum,
1369 1611 1429 1653 iiij⁰
1484 1623 1485 1626 ¹

375 1662 476 1702 xxxvj
493 1661 524 1693 ri.
542 1661 588 1702 iiij
614 1664 636 1692 s.
651 1661 664 1701 j
682 1660 711 1692 d.
735 1661 767 1701 xj
793 1665 902 1691 marte.
949 1661 991 1691 Et
1013 1661 1059 1692 sic
1081 1665 1203 1692 restant
1225 1660 1293 1702 iij⁰v
1310 1661 1342 1692 fi
1367 1672 1386 1692 x
1403 1665 1425 1693 ἑ.
1453 1678 1457 1680 Ἴ

375 1711 432 1752 viij
450 1711 478 1742 d.
505 1711 548 1751 xij
575 1713 677 1742 marte
704 1710 726 1751 ij
755 1710 859 1741 celdre
884 1710 940 1751 viij
970 1710 1053 1742 boile
1082 1711 1184 1742 brasii.
1231 1712 1282 1742 De
1302 1711 1426 1752 quibus,
1480 1738 1482 1742 ,

375 1764 454 1791 sunt
477 1761 516 1791 de
540 1760 703 1801 arreragiis
733 1760 877 1801 magistri
905 1760 1025 1791 Thome
1053 1760 1091 1791 de
1114 1760 1260 1792 Moravia
1291 1761 1426 1792 ducente

376 1810 610 1852 quinquaginta
640 1819 756 1841 novem
793 1809 874 1841 libre
912 1810 1140 1850 septemdecim
1170 1810 1264 1842 solidi
1301 1814 1334 1842 et
1369 1820 1426 1842 sex

375 1860 497 1891 denarii
527 1859 696 1891 duodecim
734 1863 836 1890 marte
866 1869 932 1890 una
971 1859 1077 1891 celdra
1107 1864 1177 1891 octo
1208 1860 1292 1892 bolle
1322 1859 1424 1891 brasii.

377 1909 554 1940 Residuum
569 1919 645 1940 vero
659 1909 743 1940 dicte
756 1919 888 1946 summe,
902 1909 1050 1940 videlicet
1062 1910 1272 1951 quadraginta
1284 1910 1426 1951 quinque

375 1959 473 1990 libras
488 1958 652 1990 trisdecim
667 1958 784 1990 solidos
808 1962 840 1990 et
863 1958 941 1990 duos
957 1958 1101 1991 denarios
1118 1963 1150 1991 et
1173 1970 1271 1991 unam
1287 1959 1425 1992 celdram

376 2008 482 2046 brasii,
498 2008 593 2040 debet
608 2014 803 2049 computans.

421 2108 617 2149 Computum
640 2108 800 2139 Johannis
825 2108 1008 2149 Claphame,
1032 2109 1172 2149 serjaudi
1201 2112 1234 2140 et
1256 2108 1424 2150 receptoria
1486 2120 1513 2135 a

378 2157 541 2188 firmarum
579 2157 619 2188 de
657 2157 861 2189 Ballincreife
899 2162 932 2189 et
970 2158 1136 2197 Gosfurde,
1167 2159 1374 2200 [Edinbzcrqh
1402 2158 1424 2196 4

378 2207 503 2247 August
519 2207 614 2244 1469,
622 2207 710 2248 from
729 2208 772 2238 18
786 2207 870 2238 «June
886 2208 980 2245 1468,
