1551 2462
175 2157 296 2189 Avene.

340 329 402 357 458
659 300 824 357 RorULi
848 324 1086 358 SCAccARH
1291 318 1395 357 ’146⁷.

338 419 373 460 iij
389 419 494 461 peccis
510 418 608 451 brasii
623 429 680 460 per
697 418 854 461 arreragia
870 419 1013 460 computi
1029 419 1079 450 sui
1095 419 1192 451 brasii
1208 429 1291 451 anno
1303 429 1393 451 sexa-

338 470 458 511 gesimo
472 469 595 510 quinto.
641 469 683 500 Et
699 469 738 500 de
755 469 800 510 lxj
819 469 983 510 celdrisxj
997 469 1093 501 bouis
1109 480 1183 501 cum
1194 469 1293 501 tercia
1305 471 1395 510 parte

338 519 452 551 ferlote
469 519 565 550 brasii
580 521 613 550 et
628 519 717 550 ordei
739 519 874 550 dominii
898 519 936 551 de
960 519 1012 550 Fit
1035 520 1074 551 de
1091 530 1207 561 croppo
1224 519 1303 551 dicti
1318 518 1395 551 anni

339 569 530 610 sexagesimi
545 569 660 610 quinti.
704 569 748 600 Et
763 569 802 600 de
819 569 864 610 [xj
889 569 1005 600 celdris
1029 569 1061 610 xj
1087 569 1181 601 bollis
1205 579 1279 601 cum
1294 568 1392 600 tercia

339 622 428 661 parte
441 619 554 651 ferlote
563 619 650 650 ordei
666 622 698 650 et
714 619 811 650 brasii
827 619 866 650 de
882 629 999 660 croppo
1016 619 1094 650 anni
1106 619 1298 660 sexagesimi
1310 617 1394 650 sexti

340 669 379 701 de
395 669 480 700 dicto
497 669 645 700 dominio.
684 669 726 700 Et
742 669 781 700 de
797 680 818 700 v
834 669 950 700 celdris
962 669 1007 710 xij
1022 669 1116 701 bollis
1127 669 1225 701 brasii
1241 669 1280 701 de
1293 667 1393 700 firmis

340 719 542 760 episcopatus
559 718 787 750 Sanctiandree
804 721 946 760 tempore
956 720 1107 751 vacancie
1123 719 1215 751 sedis.
1263 719 1395 750 Summa

340 768 449 800 totalis
465 768 663 800 oneracionis
685 779 758 800 cum
781 769 957 810 arreragiis,
976 767 1071 810 j⁰xvij
1096 769 1202 801 celdre
1225 768 1294 810 xiiij
1312 766 1397 800 boile

340 819 362 859 ij
396 818 508 850 ferlote
535 819 548 859 j
573 828 675 859 pecca.
721 818 772 849 De
800 818 925 859 quibus,
950 818 1084 850 allocate
1115 818 1318 860 computanti
1339 827 1397 859 per
1501 799 1542 832 's'

340 868 566 900 liberacionem
582 868 701 899 factam
716 868 945 900 brasiatoribus
968 868 1091 900 domini
1113 869 1194 910 regis
1211 879 1229 900 a
1245 868 1397 900 vicesimo

341 920 453 949 octavo
469 917 564 949 Junii
580 917 657 948 anni
680 917 870 958 sexagesimi
893 918 1000 958 quinti
1023 928 1125 959 usque
1148 919 1183 949 in
1206 918 1398 949 vicesimum

342 970 492 999 octavum
508 966 653 1008 ejusdem
675 967 795 999 mensis
818 967 982 1001 exclusive
1005 968 1083 999 anni
1108 967 1299 1009 sexagesimi
1315 966 1400 999 sexti

343 1021 374 1049 et
390 1017 544 1048 intratam
567 1017 601 1047 in
623 1016 715 1047 libris
738 1016 897 1049 dietarum
919 1026 977 1058 per
999 1017 1086 1051 idem
1109 1021 1237 1059 tempus
1258 1018 1399 1059 particu-

342 1067 453 1099 lariter
469 1066 660 1100 examinatis
685 1076 781 1107 super
803 1071 997 1108 compotum,
1020 1067 1067 1108 xij
1093 1067 1198 1099 celdre
1222 1067 1254 1108 xj
1275 1066 1359 1098 belle
1375 1066 1397 1107 ij

343 1116 457 1148 ferlote
473 1116 579 1148 brasii.
624 1116 669 1147 Et
684 1116 798 1154 eidem,
813 1126 871 1157 per
893 1116 1120 1148 liberacionem
1143 1117 1263 1148 factam
1278 1116 1399 1148 Thome

344 1167 497 1201 Brouster
520 1169 552 1197 et
575 1166 729 1197 intratam
745 1165 779 1196 in
804 1168 906 1197 castro
929 1166 968 1198 de
993 1166 1148 1198 Strivelin
1171 1169 1203 1198 et
1226 1166 1400 1198 brasiatam

344 1216 465 1250 ibidem
480 1219 624 1257 tempore
641 1215 863 1247 arrestacionis
879 1216 1019 1249 Gilberti
1035 1216 1158 1248 domini
1174 1216 1345 1258 Kennedy,
1361 1216 1400 1248 de

345 1266 461 1307 quibus
485 1265 634 1297 domiuus
659 1265 697 1296 de
721 1265 796 1303 Lus,
818 1268 897 1297 tunc
920 1269 1145 1307 computorum
1167 1265 1331 1304 rotfflator,
1346 1276 1400 1297 ex·
1455 1265 1462 1269 “

345 1316 506 1360 pendebat
521 1315 556 1346 in
573 1318 676 1346 castro
696 1315 735 1346 de
760 1314 914 1348 Strivelin
937 1315 976 1346 de
1000 1315 1137 1356 propriis
1153 1315 1245 1357 regis,
1259 1319 1297 1346 ut
1311 1318 1401 1356 patet

346 1366 379 1399 in
404 1368 554 1406 computo
578 1364 670 1405 suo,j
700 1364 807 1396 celdra
829 1365 873 1407 ν1]
898 1365 983 1396 bolle
1005 1365 1110 1396 brasii.
1156 1365 1199 1396 Et
1221 1365 1334 1403 eidem,
1345 1375 1402 1406 per

344 1415 568 1448 liberacionem
587 1414 706 1447 factam
723 1414 817 1445 dictis
833 1414 1062 1447 brasiatoribus
1078 1425 1097 1446 a
1111 1415 1235 1456 prefato
1250 1415 1402 1446 vicesimo

346 1469 459 1497 octavo
471 1465 493 1496 J
496 1465 565 1497 unii
578 1464 655 1496 anni
667 1464 858 1505 sexagesimi
874 1465 957 1495 sexti
969 1464 1126 1496 inclusive
1138 1475 1240 1506 usque
1250 1464 1402 1495 ultimum

351 1515 494 1556 ejusdem
510 1514 630 1547 mensis
655 1514 756 1548 eciam
778 1514 937 1545 inclusive
960 1514 1038 1545 anni
1060 1514 1250 1555 sexagesimi
1265 1513 1402 1555 septimi,

348 1568 386 1595 ut
415 1568 505 1605 patet
532 1564 566 1594 in
591 1563 712 1594 eisdem
735 1562 836 1600 libris,
864 1563 903 1594 de
934 1563 1051 1604 quibus
1081 1567 1158 1595 sunt
1188 1563 1226 1595 de
1253 1563 1402 1604 expensis

350 1613 472 1644 domini
485 1612 575 1644 ducis
585 1612 726 1645 Albanie
738 1615 862 1652 septem
873 1612 976 1644 celdre
989 1615 1052 1643 tres
1065 1612 1149 1644 bolle
1162 1615 1194 1644 et
1206 1613 1268 1644 due
1280 1612 1402 1650 ferlote,

349 1663 407 1703 lxij
426 1662 531 1695 celdre
555 1662 586 1702 vj
613 1661 704 1693 bolle.
750 1661 792 1694 Et
814 1661 927 1698 eidem,
949 1661 984 1692 in
1006 1661 1154 1703 expensis
1178 1661 1256 1693 dicti
1279 1662 1403 1693 domini
1456 1692 1464 1697 ,
1484 1683 1486 1685 -

348 1713 439 1744 ducis
466 1715 498 1743 et
524 1711 647 1742 domini
672 1711 797 1741 comitis
821 1710 860 1742 de
888 1711 979 1744 Marr
1002 1710 1036 1744 in
1064 1710 1300 1742 Sanctoandrea
1326 1714 1402 1743 ante
1463 1718 1484 1746 ,“

349 1772 470 1794 annum
485 1761 584 1801 hujus
601 1760 753 1801 computi,
766 1760 778 1801 j
797 1760 903 1791 celdra
919 1771 962 1794 xv
978 1760 1062 1791 bolle
1078 1760 1112 1801 iij
1130 1760 1242 1792 ferlote
1259 1761 1356 1792 brasii
1370 1764 1402 1792 et
1447 1793 1450 1795 ,
1479 1777 1483 1781 ·
1543 1772 1549 1778 *⁴

349 1812 444 1843 ordei.
490 1812 532 1842 Et
549 1810 661 1847 eidem,
678 1809 718 1840 ad
735 1820 891 1850 expensas
906 1810 1064 1850 presentis
1080 1810 1230 1842 scaccarii
1245 1810 1279 1841 in
1292 1810 1401 1848 Perth,

348 1864 385 1892 ut
401 1864 490 1902 patet
505 1861 541 1894 in
557 1860 677 1892 eisdem
693 1859 791 1896 libris,
806 1859 841 1901 11]
867 1859 978 1891 celdre.
1025 1860 1158 1892 Summa
1178 1869 1401 1900 expensarum,

346 1911 417 1942 vxxx
434 1910 539 1942 celdre
555 1910 611 1950 viij
636 1909 719 1941 boile
732 1910 745 1950 j
763 1909 883 1941 ferlota.
930 1909 973 1940 Et
988 1909 1034 1941 sic
1043 1912 1166 1941 restant
1189 1909 1278 1950 xxvij
1296 1909 1401 1941 celdre

346 1961 393 2002 iiij
412 1960 496 1992 bolle
508 1960 521 2000 ]
547 1959 661 1990 ferlota
680 1959 692 2000 j
717 1968 822 1999 pecca.
867 1959 918 1990 De
941 1959 1069 2000 quibus,
1091 1958 1232 2000 pendent
1247 1959 1286 1990 de
1302 1958 1401 1990 firmis

348 2014 506 2042 terrarum
522 2009 561 2040 de
578 2008 741 2042 Bernturk
764 2017 860 2049 super
875 2007 897 2039 J
900 2008 996 2039 acobo
1019 2007 1239 2049 Lummysden
1261 2007 1301 2040 de
1317 2017 1401 2039 anno

350 2059 493 2100 computi
509 2062 542 2090 et
557 2058 661 2089 tribus
683 2057 776 2089 annis
797 2057 1041 2098 precedentibus
1064 2057 1124 2088 hoc
1140 2059 1338 2099 computum,
1352 2057 1400 2098 iiij

348 2109 453 2140 celdre
469 2119 491 2139 x
506 2107 591 2139 bolle
607 2107 628 2148 ij
646 2106 759 2138 ferlote
775 2107 797 2148 ij
816 2117 910 2148 pecce
926 2106 1020 2137 ordei.

393 2158 486 2196 Item,
516 2157 602 2188 idem
633 2159 744 2188 onerat
774 2167 808 2188 se
839 2156 878 2188 de
907 2156 1024 2197 lxxxiij
1052 2154 1166 2187 eeldris
1195 2155 1241 2196 vij
1269 2155 1364 2187 bollis
1386 2155 1400 2196 j

349 2208 463 2239 ferlota
480 2217 654 2238 avenarum
678 2206 717 2237 de
740 2216 858 2247 croppo
881 2207 960 2237 anni
982 2205 1079 2246 hujus
1102 2205 1246 2246 computi
1269 2208 1302 2237 et
1324 2205 1400 2237 anni

352 2256 552 2299 precedentis
575 2256 635 2287 1100
658 2258 852 2297 computum.
902 2255 1034 2287 Summa
1056 2254 1153 2296 hujus
1176 2255 1281 2287 oneris
1303 2257 1399 2296 patet.
