1551 2462
116 1434 281 1463 Respondebit

115 1464 265 1493 Cuiquhone,

114 1494 242 1517 rotulator.

172 1891 218 1917 Do.

336 255 396 284 334
648 253 812 286 ROTULI
836 253 1072 287 SOACCARH
1295 258 1384 288 1465.

332 350 422 388 patet
444 347 478 378 in
501 347 644 388 antiquis
667 347 789 387 rotulis,
806 351 839 379 et
861 348 921 380 sub
941 348 1083 389 periculo
1107 350 1323 390 computantis
1347 350 1386 381 de

333 398 419 429 dicto
433 398 580 435 termino,
592 397 637 438 iiij
651 397 682 429 h:
696 398 729 429 ix
740 402 762 429 ἔ.
808 399 851 429 Et
866 398 978 436 eidem,
990 409 1046 440 per
1058 399 1254 431 solucionem
1266 400 1385 431 factam

333 447 480 479 ortulano
503 448 542 479 de
565 448 755 484 Fauclande,
770 459 827 489 pro
850 448 943 480 feodo
959 459 1016 480 suo
1032 449 1071 480 de
1095 459 1178 480 anno
1194 450 1336 490 computi
1352 453 1385 481 et

335 497 395 529 sub
412 497 522 529 eodem
538 498 688 539 periculo,
703 498 750 539 liij
770 503 791 529 5.
809 499 854 539 iiij
872 499 900 530 d.
947 499 990 529 Et
1005 499 1117 536 eidem,
1133 510 1190 540 pro
1207 499 1383 531 faloaoione

333 550 366 577 et
380 546 561 578 lucracione
578 547 643 578 feni
658 550 822 588 pratorum
838 548 876 579 de
900 547 1081 579 Fauolande
1098 552 1130 579 et
1151 548 1385 590 Uchtirmukty

333 596 372 627 de
388 606 504 637 croppo
514 596 712 637 precedentis
723 597 807 634 anni,
823 597 877 638 xvj
894 597 927 629 Π.
943 597 999 638 xiij
1015 601 1037 628 s.
1051 597 1097 638 iiij
1115 597 1143 629 d.
1189 598 1232 629 Et
1248 602 1385 639 quatuor

332 646 486 686 serjandis
503 656 559 687 pro
575 646 675 677 feodis
691 647 757 678 suis
773 646 812 678 de
828 657 911 678 anno
933 647 1084 688 computi,
1100 647 1146 688 iiij
1163 647 1204 679 11
1241 648 1283 679 Et
1299 658 1384 679 com-

332 695 462 737 putauti
476 705 533 736 pro
556 695 647 726 feodo
671 706 728 727 suo
743 706 800 736 pro
824 696 948 727 factura
964 696 1061 727 brasii
1076 696 1115 728 de
1132 707 1215 728 anno
1231 697 1384 738 computi.

331 746 364 786 vj
382 745 412 776 n'.
458 745 501 776 Et
516 745 628 782 eidem,
643 755 701 786 pro
715 745 815 786 gagiis
837 746 1031 777 verletorum
1049 747 1087 778 de
1110 747 1236 779 stabulo
1252 748 1334 788 regis
1351 750 1384 779 eb

333 795 468 826 aliorum
485 795 673 826 servitorum
684 796 835 836 ejusdem,
852 806 976 827 necnon
987 807 1044 837 pro
1061 797 1215 828 ferratum
1228 808 1383 838 equorum

336 845 489 886 ejusdem,
505 845 598 876 factis
611 847 642 876 et
658 845 741 876 datis
757 845 842 886 apud
858 845 884 876 F
885 845 1022 877 aucland
1038 856 1056 877 a
1071 846 1222 877 vicesimo
1235 857 1319 878 110110
1332 846 1384 877 die

338 895 457 926 mensis
480 895 502 926 J
505 894 573 925 unii
600 895 677 925 anni
698 895 831 926 Domini
854 898 911 927 0110.
936 896 1126 937 sexagesimi
1148 896 1256 937 quarti
1270 906 1382 936 rusque

333 944 522 975 vicesimum
546 948 695 975 octavum
718 944 863 985 ejusdem
883 945 1002 976 mensis
1018 946 1040 977 J
1042 946 1111 976 unii
1133 946 1289 977 inclusive
1312 956 1406 987 pre-0

335 994 435 1025 sentis
459 993 535 1024 anni
561 993 749 1034 sexagesimi
771 994 886 1035 quinti,
909 1004 1034 1025 necnon
1057 1005 1112 1035 pro
1136 995 1210 1026 feno
1234 994 1383 1026 decimali

334 1043 540 1074 ecelesiarum
564 1043 603 1074 de
626 1043 782 1084 Kilgoure
805 1046 837 1075 et
860 1043 1103 1085 Uchtirmukty,
1126 1045 1252 1076 camino
1281 1044 1383 1076 ferreo

331 1093 371 1124 ad
388 1103 547 1124 cameram
563 1093 685 1124 domini
699 1093 790 1134 regis,
803 1104 859 1134 pro
870 1094 1046 1125 seminibus
1062 1094 1184 1126 olerum
1200 1098 1232 1126 et
1247 1094 1383 1126 aliarum
1406 1115 1410 1119 -

333 1142 503 1174 herbarum
530 1142 727 1174 seminandis
751 1143 786 1173 in
812 1146 880 1174 orbo
907 1144 990 1185 regis
1014 1144 1100 1185 apud
1130 1144 1303 1182 Faucland,
1325 1155 1383 1186 pro

332 1193 429 1223 naulo
444 1195 478 1224 011
500 1192 651 1234 carriagio
674 1196 706 1224 eh
722 1192 793 1224 aliis
809 1196 955 1224 oncostez
978 1203 1040 1234 que
1057 1197 1291 1225 consueverunt
1305 1194 1383 1235 poni

331 1243 366 1273 in
381 1242 471 1273 libris
495 1241 662 1279 dietarum,
685 1245 723 1272 ut
745 1245 834 1283 patet
856 1242 892 1273 in
913 1242 995 1274 libro
1011 1243 1227 1284 computantis
1243 1243 1383 1284 particu-

331 1292 440 1323 lariter
455 1292 636 1323 examinabo
653 1294 685 1323 011
701 1292 879 1333 subscripto
902 1302 1000 1324 manu
1015 1293 1037 1324 J
1040 1293 1174 1324 ohannis
1191 1292 1382 1333 culquhone

332 1342 372 1373 de
405 1342 524 1378 eodem,
560 1341 683 1378 militis,
718 1345 942 1383 computorum
967 1342 1158 1380 rotulatoris,
1194 1346 1227 1374 eb
1273 1353 1382 1374 50011111

331 1395 525 1430 remanente,
555 1391 680 1432 lxxxvij
712 1391 744 1422 fi.
768 1402 789 1422 v
820 1395 841 1422 s.
870 1391 883 1432 j
908 1391 937 1422 d.
984 1391 1076 1432 [Sum
1105 1392 1204 1424 29⁰7&
1233 1393 1298 1423 193.
1331 1392 1381 1424 703.

332 1440 476 1476 Balanea,
506 1441 605 1472 ‚3156
637 1441 703 1473 153.
732 1439 828 1481 low.
891 1441 936 1482 Of
967 1441 1067 1472 which
1104 1445 1133 1472 to
1173 1442 1382 1482 Comptroller,

331 1491 414 1528 2340.
461 1490 504 1521 Et
530 1490 642 1527 eidem,
672 1500 728 1530 per
752 1490 945 1530 superfluam
976 1491 1197 1522 oneracionem
1226 1491 1311 1522 Aule
1341 1491 1381 1523 de

331 1541 443 1582 Rossy,
474 1551 621 1572 concesse
659 1541 699 1572 ad
729 1541 939 1572 feodifirmam
974 1541 1138 1573 Willelmo
1170 1542 1294 1573 Bonare
1324 1553 1382 1583 per

331 1595 452 1622 cartam
504 1591 623 1622 domini
672 1591 754 1632 regis
805 1601 864 1632 pro
917 1601 972 1622 sex
1025 1591 1148 1628 marcis,
1201 1591 1240 1623 de
1296 1602 1380 1623 anno

330 1640 473 1681 computi
504 1643 536 1671 et,
562 1640 601 1671 de
630 1650 694 1671 uno
717 1640 854 1672 termino
883 1640 1073 1681 precedente
1096 1640 1156 1672 hoo
1183 1645 1380 1682 computum,

330 1701 404 1721 cum
449 1691 565 1731 quibus
603 1684 791 1731 computans
828 1690 974 1731 superius
1008 1693 1164 1728 oneratur,
1195 1690 1230 1721 xl
1267 1695 1290 1722 s.
1336 1691 1379 1722 Et

330 1740 442 1777 eidem,
466 1743 537 1772 octo
558 1739 674 1771 celdris
689 1740 722 1770 ix
746 1739 840 1771 bollis
868 1742 899 1770 et
921 1739 1024 1770 tribus
1050 1739 1173 1771 serlonis
1196 1740 1312 1781 emptis
1323 1751 1380 1781 per

330 1794 569 1831 compubantem
592 1793 624 1820 et,
640 1789 820 1831 expenditis
835 1799 892 1830 per
914 1792 1041 1830 tempus
1064 1789 1216 1830 computi,
1231 1793 1269 1820 1111
1290 1793 1380 1831 patet

328 1840 362 1870 in
379 1843 528 1880 computo
543 1850 714 1880 granorum
729 1839 864 1871 inferius
880 1839 1007 1880 seripho,
1018 1839 1130 1880 xxxiiij
1147 1839 1173 1870 fi
1190 1839 1246 1880 viij
1260 1843 1282 1871 Ξ.
1299 1839 1333 1870 ix
1349 1839 1378 1871 d.

330 1890 389 1930 [To
422 1890 631 1930 Oomptroller,
661 1889 715 1920 „39
746 1890 787 1920 65.
810 1888 875 1929 812]
929 1889 984 1919 Et·
1002 1888 1114 1926 eidem,
1145 1888 1184 1919 de
1213 1899 1378 1929 grassuma

329 1944 483 1971 terrarum
514 1939 554 1970 de
585 1938 731 1970 Urchard
768 1938 986 1969 assedatarum
1023 1938 1166 1969 Johanni
1196 1938 1378 1978 Munereiff,

329 1990 461 2020 remissa
491 1999 547 2029 per
569 1988 736 2019 dominum
759 1998 872 2028 regem,
894 1987 1023 2018 domino
1047 1987 1208 2028 Kennedy
1237 1991 1376 2019 testante

327 2039 546 2070 remissionem
584 2047 679 2078 super
719 2040 915 2078 computum,
952 2036 1009 2077 xiij
1047 2036 1079 2067 fi.
1119 2037 1151 2077 vj
1191 2041 1213 2068 ἔ.
1253 2037 1307 2078 viij
1347 2037 1376 2068 d.

328 2089 371 2119 Et
394 2087 505 2124 eidem,
528 2097 585 2128 per
608 2086 842 2118 concessionem
865 2086 984 2117 factam
1007 2096 1063 2126 per
1086 2085 1251 2116 dominum
1270 2096 1376 2127 regem

328 2141 360 2169 et
397 2137 541 2168 dominos
579 2136 618 2167 de
655 2135 787 2167 consilio
829 2135 851 2166 J
853 2134 972 2166 ohanni
1010 2134 1241 2175 Skrimgeoure,
1279 2135 1376 2166 clavi-

291 2190 295 2193 ’
328 2198 409 2230 gero,
424 2187 459 2218 in
479 2182 718 2227 recompensam
740 2184 826 2216 feodi
848 2184 896 2216 sui
920 2195 1021 2226 usque
1044 2184 1236 2226 completam
1259 2187 1377 2216 etatem
