1551 2462
194 1730 358 1760 Respondebit

193 1761 270 1789 Elam,
281 1767 358 1783 senes-

194 1790 276 1813 callus.

254 2140 297 2163 Do.

408 263 466 291 106
717 261 880 293 ROTULI
905 260 1140 292 SCACCARH
1364 263 1452 291 1461.

404 353 477 384 dam
496 353 624 384 Roberti
641 354 728 384 Burn
746 354 784 385 de
801 354 885 384 dicto
901 354 1037 385 termino
1050 353 1285 385 Penthecostes.
1322 352 1454 384 Summa
1503 380 1507 383 ,

404 403 511 434 totalis
527 403 660 443 pecunie
677 403 829 443 quarterii
846 403 883 434 (18
901 403 1010 444 Largo,
1026 403 1114 443 xxxij
1132 402 1163 433 li.
1180 413 1223 433 xv
1239 406 1262 433 s.
1279 402 1324 443 iiij
1341 402 1371 433 d.

447 453 489 483 Et
512 463 576 483 non
599 456 710 483 onerat
734 463 767 483 se
790 453 828 483 de
852 453 951 483 firmis
966 456 1119 483 berrarum
1139 453 1178 483 de
1194 451 1364 489 Bernturk,
1379 451 1455 492 quia

403 502 544 533 Jacobus
560 502 777 542 Lummysden
794 501 911 532 clamat
934 501 1060 533 easdem
1083 501 1144 532 sibi
1167 506 1309 542 spectare
1332 500 1454 531 heredi-

403 552 493 582 tarie.
539 551 571 581 N
573 562 607 582 ec
624 551 662 582 de
678 551 777 582 firmis
793 551 876 591 prati
900 551 938 582 de
961 550 1116 587 Parkhill,
1133 561 1169 581 eo
1193 550 1279 591 quod
1301 550 1399 581 abbas
1415 549 1454 581 de

405 600 562 631 Lundoris
589 600 684 632 habet
715 600 796 631 illud
821 610 861 631 ex
891 599 1079 631 tollerancia
1110 599 1237 631 domine
1260 599 1368 640 regine
1397 609 1454 640 pro

406 660 489 683 anno
505 650 651 691 presenti.
698 650 768 681 Nec
784 649 823 681 de
845 649 867 690 ij
893 649 1007 680 marcis
1031 649 1070 680 de
1093 649 1192 680 firmis
1216 649 1392 681 carbonarii
1415 648 1454 679 (18

405 700 514 740 Largo,
542 710 581 731 ex
612 710 648 730 eo
679 699 764 740 quod
792 699 913 730 dictum
939 699 1162 731 carbonarium
1193 703 1241 730 est
1265 702 1394 730 vastum
1418 701 1455 729 ut

405 749 518 780 asserit
533 752 724 790 compotens.
771 749 841 779 Nec
856 748 894 780 de
910 748 1082 789 grassumis
1105 747 1264 778 dictarum
1289 751 1454 784 terrarum,

405 799 480 839 quia
497 802 680 839 compotans
698 808 761 831 non
784 797 905 829 levavit
928 797 1064 833 easdem,
1078 807 1118 828 ex
1142 807 1178 828 eo
1195 797 1280 841 quod
1296 797 1453 828 terminus

405 848 576 879 solucionis
600 847 773 878 earundem
803 847 948 878 nondum
978 846 1075 877 venit.
1121 846 1190 879 Nec
1222 846 1261 877 de
1291 846 1453 889 aliquibus

404 898 475 929 aliis
491 898 700 938 pecuniarum
716 897 858 933 summis,
882 896 1005 933 wardis,
1028 895 1164 932 releviis,
1188 900 1244 927 aut
1268 896 1452 937 maritagiis,

405 947 480 987 quia
496 947 596 978 nichil
612 946 685 987 plus
702 946 825 982 accidit,
841 948 878 976 ub
902 946 1013 976 asserit
1037 949 1221 986 compotans
1239 945 1272 975 in
1296 956 1354 976 suo
1366 946 1455 986 jura-

404 1000 520 1028 mento.
567 995 635 1027 Nec
651 995 690 1026 de
706 995 805 1026 firmis
822 998 978 1026 terrarum
1002 994 1042 1026 de
1064 995 1094 1026 le
1118 995 1241 1035 Bernys
1259 995 1362 1035 Regis,
1377 995 1454 1035 quia

405 1046 592 1077 assedantur
608 1045 647 1076 ad
663 1045 786 1075 firmam
804 1054 983 1085 granorum,
1002 1043 1151 1074 videlicet
1173 1054 1231 1084 pro
1254 1046 1325 1076 octo
1341 1043 1456 1075 celdris

405 1095 559 1126 frumenti
576 1095 684 1126 decem
714 1093 828 1125 celdris
860 1093 965 1130 brasii,
989 1103 1051 1136 que
1078 1093 1232 1127 debentur
1263 1093 1296 1124 in
1319 1094 1455 1124 termino

408 1144 517 1175 Sancti
533 1143 676 1175 Martini.

449 1195 596 1235 Expense
621 1190 794 1234 ejusdem*
818 1217 1033 1226 .....
1087 1192 1130 1223 Et
1157 1192 1269 1229 eidem,
1293 1202 1348 1233 per
1371 1192 1455 1223 solu-

406 1244 530 1274 cionem
562 1243 678 1274 facbam
721 1242 779 1276 uni
805 1241 953 1282 tigulario
990 1241 1149 1272 laboranti
1187 1241 1269 1272 circa
1307 1242 1455 1272 emenda-

406 1294 531 1324 cionem
561 1293 639 1323 tecti
669 1292 767 1323 turris
798 1291 836 1322 de
866 1291 1031 1322 Faucland
1061 1294 1093 1322 et
1124 1291 1259 1322 aliarum
1289 1291 1455 1322 domorum

406 1343 637 1379 officiariorum‚
653 1345 685 1374 et
701 1341 795 1376 ealce,
821 1341 968 1372 clausura
991 1340 1126 1372 duarum
1152 1351 1348 1371 camerarum
1373 1341 1407 1372 in
1424 1341 1455 1372 le

404 1392 503 1432 galry,
519 1392 668 1428 fenistris,
691 1391 789 1427 ostiis,
807 1390 881 1431 ligis
903 1390 1022 1427 ferreis,
1037 1390 1185 1430 scapulis,
1201 1391 1287 1426 seris,
1303 1390 1455 1426 clavibus,

405 1445 437 1472 eb
453 1441 551 1472 clavis
567 1441 607 1471 ad
623 1440 750 1472 easdem
773 1450 920 1476 cameras,
937 1442 969 1470 eb
995 1440 1162 1480 stipendiis
1187 1440 1405 1470 laborancium
1420 1439 1454 1470 in

405 1490 575 1531 premissis,
592 1494 628 1520 ut
643 1492 732 1530 patet
748 1489 782 1519 in
798 1488 908 1519 eadem
932 1488 1044 1519 cedula
1060 1489 1241 1520 examinata
1264 1493 1302 1519 ut
1317 1499 1412 1529 supra
1422 1492 1455 1520 eh

405 1540 465 1571 sub
496 1539 606 1570 eodem
637 1538 785 1579 periculo,
816 1538 827 1568 l
858 1542 880 1569 s.
927 1538 969 1569 Et
999 1538 1111 1575 eidem,
1142 1549 1198 1579 per
1228 1538 1453 1569 liberacionem

407 1589 522 1620 factam
549 1588 698 1629 magisbro
725 1587 891 1618 Willelmo
918 1587 1020 1623 Blare,
1051 1587 1223 1629 senescallo
1254 1587 1454 1618 dominorum

406 1638 487 1679 regis
500 1642 532 1669 et
542 1638 658 1678 regine,
668 1637 708 1668 ad
721 1647 876 1677 expensas
893 1637 1045 1667 domicilii
1059 1637 1239 1673 eorundem,
1251 1647 1291 1667 ex
1303 1637 1453 1668 mandato

406 1687 521 1728 regine,
546 1686 675 1717 custode
704 1686 821 1727 privati
848 1685 946 1726 sigilli
976 1689 1115 1717 testanbe
1139 1686 1327 1718 mandatum
1357 1697 1454 1727 super

406 1738 593 1777 computum
618 1739 650 1766 et
673 1736 731 1766 sub
758 1735 899 1776 periculo
924 1736 1145 1776 compotantis,
1176 1736 1276 1766 xxxix
1307 1736 1339 1767 fi.
1363 1736 1396 1777 iij
1426 1740 1448 1767 ἔ.

406 1786 589 1827 iiijrd.,p1·0
612 1785 728 1826 quibus
747 1785 959 1825 respondebit.
1004 1810 1010 1815 .
1057 1810 1062 1815 .
1108 1810 1115 1816 .
1161 1810 1167 1820 .,
1214 1786 1256 1816 Et
1271 1786 1383 1823 eidem,
1398 1796 1454 1826 per

407 1836 601 1867 solucionem
628 1834 745 1865 factam
772 1834 923 1875 magistro
949 1834 1115 1865 lVillelmo
1142 1834 1245 1871 Blare,
1271 1835 1454 1872 senescallo,

407 1896 463 1926 pro
490 1884 637 1925 expensis
661 1883 787 1915 domine
810 1883 917 1924 regine
942 1883 975 1914 in
1003 1883 1131 1924 Lithqw
1154 1888 1268 1925 quarto
1289 1888 1322 1916 et
1341 1885 1454 1926 quinto

409 1934 614 1975 Septembris,
639 1933 708 1974 ipso
733 1933 854 1964 fatente
881 1936 1044 1973 receptum
1073 1944 1168 1974 super
1190 1938 1374 1975 compotum
1397 1945 1454 1975 per

408 1984 552 2015 cedulam
587 1977 685 2014 mauu
719 1993 777 2013 sua
810 1982 970 2022 scriptam,
1001 1982 1047 2023 liij
1077 1986 1100 2013 s.
1128 1983 1148 2023 ij
1181 1983 1220 2020 d„
1250 1993 1306 2023 pro
1336 1984 1453 2024 quibus

407 2033 619 2074 respondebit.
674 2032 715 2063 Et
738 2041 794 2072 per
819 2031 1040 2062 liberacionem
1071 2031 1172 2063 eidem
1195 2032 1345 2073 magistro
1373 2033 1452 2064 Wil-

408 2083 504 2115 lelmo
523 2083 637 2114 factam
653 2092 709 2122 pro
725 2080 820 2112 naulo
843 2081 978 2112 duorum
1003 2091 1157 2122 equorum
1180 2081 1286 2122 regine
1309 2081 1348 2113 de
1373 2082 1453 2113 Leth

408 2143 518 2164 versus
544 2133 717 2173 Kingorne,
734 2131 802 2172 ipso
827 2131 947 2161 fatente
969 2134 1133 2172 receptum
1155 2141 1210 2172 per
1225 2131 1344 2164 dictam
1360 2131 1453 2163 cedu-

408 2183 482 2219 lam,
499 2182 519 2222 ij
538 2186 571 2220 s„
586 2191 642 2222 pro
661 2181 777 2221 quibus
794 2179 1004 2222 respondebit.
