1551 2462
167 2123 265 2164 Eque.

167 2225 314 2257 Brechin.

377 293 438 321 552
689 291 858 323 ROTULI
883 291 1117 324 SCAC-CARII
1340 295 1430 324 1468.

378 383 417 415 de
447 384 640 422 Kinnelane,
662 385 696 416 in
729 385 833 416 warda
871 385 1083 416 existencium
1111 385 1150 416 de
1181 384 1305 416 duobus
1336 384 1428 416 annis

377 435 474 477 hujus
498 437 640 477 computi
663 447 720 478 per
742 437 866 468 obitum
889 437 1051 478 quondam
1075 437 1433 474 AlexandriBaroune,

378 485 508 526 dempta
537 486 636 517 tercia
663 487 770 518 debita
797 487 925 518 domine
952 487 1133 518 earundem.
1179 487 1311 518 Summa
1335 486 1432 527 hujus

379 536 491 572 oneris,
518 534 646 576 j⁰xxxvj
685 536 716 567 li.
779 537 911 568 Summa
941 536 1050 567 totalis
1091 536 1288 568 oneracionis
1327 539 1433 577 preter

379 585 544 626 arreragia,
579 585 766 628 j⁰lxxxxviij
805 586 838 618 ri.
869 587 926 627 xiij
958 591 980 617 s.
1011 586 1058 627 iiij
1093 586 1123 617 d.
1155 586 1292 627 lxxxviij
1323 589 1432 617 marte.

380 635 512 666 Summa
527 636 636 667 tobalis
660 637 856 668 oneracionis
880 647 953 668 cum
977 636 1149 678 arreragiis,
1172 634 1265 677 ij⁰xiij
1282 635 1314 666 15.
1331 635 1386 676 xxj
1403 635 1432 667 d.

380 685 519 726 lxxxviij
538 689 647 717 marte.

425 735 574 776 Expense
605 735 757 776 ejusdem.
804 736 844 767 In
867 736 988 777 primis,
1012 735 1146 767 allocate
1170 734 1371 776 computanti
1395 734 1435 766 de

381 785 482 816 firmis
498 788 652 816 terrarum
664 785 703 816 de
716 785 889 826 Cragbirue
902 790 934 816 et
946 786 1113 817 Tanebous
1130 796 1204 817 cum
1220 785 1336 826 quibus
1349 795 1434 816 com-

382 838 501 876 putans
517 835 664 875 superius
676 839 834 873 oneratur,
847 845 887 866 ex
903 845 939 866 eo
955 835 1041 876 quod
1057 835 1091 866 in
1107 835 1266 876 computis
1277 844 1434 865 annorum
1478 870 1479 873 Ἰ

382 884 571 924 sexagesimi
587 885 693 925 quinti
705 887 737 916 et
749 884 938 926 sexagesimi
950 885 1034 916 sexti
1046 885 1237 916 onerabatur
1249 895 1323 915 cum
1336 884 1435 916 firmis
1474 891 1478 893 ’

384 934 566 971 earundem,
582 938 619 965 ut
634 937 724 975 patet
733 935 769 965 in
781 935 909 972 eisdem,
922 945 964 965 xv
977 935 1009 965 fi.
1024 935 1055 976 xj
1070 939 1092 966 ἔ.
1105 935 1118 976 j
1133 934 1161 966 d.
1174 934 1222 966 ob.
1268 934 1311 965 Et
1323 934 1435 971 eidem,

383 984 423 1015 de
439 984 539 1015 firmis
555 987 588 1015 et
602 984 721 1015 relevio
737 984 910 1015 earundem
927 988 1083 1015 terrarum
1100 983 1240 1015 remissis
1253 984 1287 1014 in
1303 987 1370 1015 toto
1379 993 1436 1025 per

384 1033 551 1064 dominum
566 1044 682 1074 regem,
697 1037 734 1064 ut
757 1037 848 1074 patet
863 1043 920 1075 per
935 1033 1045 1065 literas
1060 1044 1135 1064 suas
1158 1034 1217 1064 sub
1233 1033 1357 1074 signeto
1379 1043 1436 1074 per

382 1084 580 1124 signaturam
593 1087 735 1115 ostensas
746 1094 842 1124 super
852 1087 1047 1124 computum,
1057 1082 1150 1124 j⁰xvij
1164 1083 1196 1114 u
1211 1093 1254 1114 xv
1263 1087 1285 1114 s.
1299 1084 1332 1124 vj
1344 1082 1373 1114 3.
1387 1083 1435 1114 οἷ’).
1476 1103 1478 1105 -

381 1133 425 1164 Et
440 1132 553 1171 eidem,
569 1133 608 1164 de
623 1133 724 1165 firmis
739 1133 836 1165 tercie
852 1133 952 1174 partis
962 1136 1118 1164 terrarum
1131 1133 1170 1164 de
1185 1132 1436 1164 Glenderowane
1483 1131 1493 1143 “’

383 1182 461 1213 alias
478 1192 625 1214 concesse
640 1192 697 1223 per
721 1182 888 1213 dominum
903 1192 1010 1223 regem
1025 1182 1078 1223 pie
1100 1182 1252 1213 memorie
1274 1181 1436 1222 quondam
1471 1189 1478 1194 “

380 1232 539 1263 Duncano
555 1231 685 1263 domino
703 1231 834 1263 Cambel
851 1234 883 1262 et
897 1231 1068 1263 heredibus
1084 1231 1160 1269 suis,
1175 1235 1212 1262 ut
1227 1231 1340 1263 asserit
1351 1241 1436 1263 com-

380 1284 507 1322 putans,
520 1281 559 1313 de
575 1281 700 1313 duobus
716 1281 809 1313 annis
825 1281 922 1322 hujus
935 1281 1088 1322 computi,
1101 1281 1177 1322 xxvj
1191 1280 1222 1312 fi.
1241 1281 1298 1322 xiij
1310 1285 1333 1312 ἔ.
1347 1281 1393 1322 iiij
1405 1281 1434 1312 d.

382 1331 425 1361 Et
442 1330 555 1368 eidem,
577 1341 634 1372 per
659 1331 881 1362 remissionem
908 1331 1029 1362 factam
1052 1341 1110 1372 per
1136 1330 1304 1362 dominum
1330 1341 1452 1372 regem.

383 1381 541 1411 Duncano
559 1380 706 1412 Cambell
721 1380 761 1412 de
777 1380 877 1411 firmis
894 1383 1050 1412 terrarum
1067 1380 1106 1411 de
1122 1380 1273 1411 Tannach
1290 1382 1322 1411 et
1339 1379 1437 1412 Scail-
1481 1407 1483 1409 .

382 1430 451 1470 ling
476 1430 538 1461 sibi
560 1430 727 1467 concessis,
750 1440 814 1471 que
841 1440 874 1461 se
901 1430 1083 1461 extendunt
1108 1429 1148 1461 ad
1175 1429 1291 1471 viginti
1315 1432 1437 1471 septem
1460 1469 1465 1474 .

382 1489 513 1515 marcas,
543 1483 582 1511 ut
611 1482 702 1520 patei,
736 1490 793 1520 per
818 1479 928 1510 literas
957 1479 1081 1510 domini
1110 1479 1192 1520 regis
1222 1479 1282 1510 sub
1313 1479 1436 1520 signeto
1471 1482 1476 1514 J.

382 1527 525 1560 ostensas
549 1539 645 1570 super
668 1532 866 1569 computum,
891 1529 971 1570 xviij
994 1528 1028 1560 fi.
1073 1529 1116 1559 Et,
1139 1529 1251 1566 eidem,
1274 1529 1314 1560 de
1336 1529 1436 1561 firmis

382 1581 538 1610 terrarum
564 1579 602 1610 de
628 1579 795 1610 Dunnune
826 1589 900 1609 cum
924 1579 1041 1619 quibus
1068 1582 1258 1619 computans
1289 1579 1436 1620 superius
1477 1579 1482 1588 “

382 1632 533 1659 oneratur
544 1628 583 1660 de
599 1628 725 1660 duobus
739 1629 832 1659 annis
843 1628 941 1669 hujus
957 1627 1111 1669 computi,
1123 1628 1184 1659 sibi
1200 1628 1368 1669 assignatis
1380 1638 1437 1669 per
1463 1633 1482 1666 :¹

382 1677 526 1709 custodia
543 1678 640 1708 castri
654 1677 808 1718 ejusdem,
832 1680 870 1708 ut
885 1681 974 1718 patet
989 1677 1024 1708 in
1045 1677 1160 1708 rotulis
1184 1677 1436 1718 precedentibus,
1463 1673 1474 1707 s

382 1727 483 1768 xxxvj
508 1727 541 1759 fi.
586 1727 629 1758 Et
660 1727 773 1764 eidem,
804 1737 861 1767 per
891 1726 1116 1758 liberacionem
1143 1726 1262 1757 factam
1292 1726 1436 1758 Johanni
1463 1751 1466 1754 .

382 1777 574 1818 Culquhone
590 1777 629 1808 de
645 1777 765 1814 eodem,
781 1777 887 1814 militi,
900 1787 941 1808 ex
955 1780 1046 1818 parte
1063 1776 1232 1807 Elizabeth
1244 1786 1359 1818 sponse
1371 1786 1434 1814 sue,

382 1837 440 1867 pro
456 1826 668 1868 quadraginta
680 1826 829 1857 marcatis
842 1829 998 1857 terrarum
1011 1826 1045 1857 in
1057 1825 1187 1867 plenam
1197 1819 1436 1867 recompensam
1472 1859 1476 1862 ,

383 1879 513 1907 centum
529 1886 709 1907 marcarum
725 1876 787 1907 sibi
803 1876 881 1907 alias
896 1886 953 1917 per
975 1876 1083 1907 lit-eras
1099 1876 1183 1917 regis
1206 1885 1434 1913 concessarum,
1475 1896 1477 1898 -

382 1926 422 1957 de
438 1926 562 1958 duobus
586 1925 678 1957 annis
694 1926 792 1966 hujus
815 1925 967 1966 computi,
982 1925 1120 1966 lxxxviij
1145 1930 1254 1956 marte.
1302 1925 1432 1956 Summa
1479 1961 1481 1963 ¹

382 1986 603 2016 expensarum,
633 1974 738 2016 ijcxiiij
770 1975 802 2006 ii.
833 1975 972 2016 lxxxviij
1005 1977 1112 2006 marte.
1173 1975 1217 2006 Et
1248 1975 1294 2006 sic
1324 1984 1431 2016 super-

382 2025 532 2066 exposuit
558 2029 746 2066 computans
772 2025 850 2066 xviij
877 2029 898 2056 s.
927 2025 961 2066 iij
991 2024 1029 2062 d„
1045 2025 1102 2066 qui
1126 2025 1189 2056 sibi
1205 2024 1385 2055 allocantur
1397 2023 1434 2054 in
1504 2056 1508 2058 ,

382 2078 532 2116 computo
555 2075 632 2106 anni
655 2075 813 2115 presentis
837 2075 1078 2106 vicecomitatus
1101 2075 1140 2106 de
1163 2074 1279 2116 Ergile.
1323 2074 1366 2106 Et
1387 2072 1467 2106 sith-

383 2135 471 2166 eque.
1456 2134 1458 2136 ’

1519 1646 1534 1801 ἴέ-ῳᾲι..
1531 1616 1533 1622 .
1526 1575 1535 1597 --—
1528 1547 1530 1550 v
1526 1483 1530 1518 *m
1529 1387 1532 1402 .„
1531 1358 1533 1363 ,

1514 1994 1516 1998 “
1510 1804 1532 1984 ἕλω-ξε,

426 2225 622 2265 Compubum
639 2223 747 2255 David
764 2224 1001 2265 Scrymgooure,
1017 2223 1181 2255 camerarii
1197 2221 1318 2255 domini
1334 2220 1432 2254 nostri
1459 2222 1462 2223 ⁷
1484 2219 1513 2229 ”
1530 2231 1532 2233 ·
