1551 2462
110 303 199 332 1465.
421 300 508 332 REG
516 301 584 332 UM
606 300 853 333 SCOTORUM.
1097 305 1157 334 337

107 403 289 425 avenarum.
334 393 376 424 Et
389 393 500 432 eidem,
513 404 569 435 per
583 393 809 425 liberacionem
819 391 935 425 factam
949 394 989 425 ad
1002 405 1157 435 expensas

108 452 262 483 equorum
277 443 478 474 dominorum
495 443 686 481 cancellarii,
702 443 871 484 Kennedy,
887 447 919 474 et
935 447 1157 484 computorum

109 492 301 529 rotulatoris‚
325 492 460 524 diversis
490 493 614 524 vicibus
645 493 816 523 missorum
847 503 958 524 versus
989 492 1157 524 Sanctum-

110 541 268 579 andream,
284 542 370 573 dicto
394 546 617 583 computorum
640 542 813 574 rotulatore
837 546 977 574 testante
992 546 1156 583 receptum

109 601 204 632 super
233 595 430 632 computum,
461 592 507 633 iiij
540 591 645 623 celdre
675 592 731 633 viij
764 591 856 623 bolle.
902 592 945 622 Et
975 592 1087 629 eidem,
1118 592 1158 623 ad

108 643 236 681 pastum
265 644 336 672 octo
367 641 463 672 boum
494 651 512 672 a
541 641 713 672 Dominica
742 641 777 672 in
809 641 1082 682 Quinquagesima
1117 641 1157 672 ad

109 690 312 721 Dominicam
336 690 509 721 seoundam
537 694 608 731 post
632 691 753 721 festum
776 691 906 728 Pasche,
922 694 954 722 et
977 690 1158 731 aliquorum

109 741 252 780 quatuor,
268 742 300 770 et
316 739 496 781 aliquorum
512 740 650 770 duorum
664 740 785 771 bovum
801 751 819 771 a
835 740 921 771 dicta
936 740 1108 771 Dominica
1123 740 1157 770 in

108 788 378 830 Quinquagesima
405 800 506 830 usque
530 790 570 820 ad
602 789 720 821 festum
746 789 921 826 Trinitatis,
946 793 983 820 ut
1009 792 1097 830 patet
1124 790 1158 820 in

107 837 188 869 libro
199 839 413 880 computantis
424 838 660 880 particulariter
670 839 852 870 examinato
863 842 1160 879 supercomputum,

108 887 154 928 iiij
183 887 286 919 celdre
317 898 498 919 avenarum.
543 888 586 919 Et
616 888 728 926 eidem,
759 888 799 919 ad
829 892 956 929 pastum
987 888 1159 929 signorum,

111 947 272 975 aucarum,
293 941 326 969 et
349 948 507 978 caponum
530 948 586 979 per
602 940 729 979 tempus
746 938 897 978 computi,
920 948 961 969 ex
981 937 1159 968 considera-

109 986 198 1018 cione
214 986 405 1024 auditorum,
418 987 430 1026 j
449 987 555 1018 coldra
571 997 752 1018 avenarum.
798 987 841 1017 Et
865 986 977 1023 eidem,
992 996 1049 1027 per
1064 986 1159 1018 liber-

109 1036 252 1067 acionem
268 1036 386 1068 factam
409 1037 499 1077 equis
515 1036 637 1067 domini
657 1036 739 1077 regis
763 1039 795 1067 et
810 1036 946 1067 aliorum
969 1036 1160 1067 servitorum

109 1086 307 1126 capiencium
331 1085 481 1116 liberatas
498 1085 538 1116 ad
558 1085 584 1115 F
586 1085 730 1123 aucland,
746 1096 809 1126 que
825 1096 890 1116 non
907 1086 1110 1116 continentur
1125 1086 1160 1116 in

109 1135 200 1166 libris
227 1135 389 1172 domicilii,
405 1145 423 1166 a
450 1134 688 1165 vicesimonono
715 1135 834 1166 mensis
862 1135 1058 1175 Septembris
1083 1135 1160 1166 anni

109 1187 244 1218 Domini
254 1190 310 1218 etc.
322 1186 510 1227 sexagesimi
520 1186 627 1227 quarti
638 1197 740 1227 usque
750 1190 899 1217 octavum
912 1187 934 1218 J
936 1187 1004 1217 unii
1015 1187 1092 1217 anni
1100 1190 1158 1218 etc.

111 1236 300 1277 sexagesimi
326 1236 431 1277 quinti
462 1235 633 1274 exclusive,
657 1239 752 1276 prout
781 1239 871 1276 patet
900 1236 935 1266 in
964 1235 1045 1266 libro
1076 1246 1160 1267 com-

111 1285 256 1326 putantis
280 1284 517 1326 particulariter
547 1285 729 1316 examinato
755 1295 850 1326 super
877 1289 1072 1326 computum,
1102 1286 1160 1316 xix

108 1334 213 1365 celdre
228 1334 275 1375 iiij
293 1334 376 1365 bolle
392 1334 414 1374 ij
432 1333 545 1364 ferlote
558 1334 571 1374 j
588 1344 684 1374 pecca
700 1344 881 1365 avenarum.
928 1335 971 1365 Et
986 1338 1109 1365 restant
1124 1335 1158 1365 in

56 1423 65 1431 θ
112 1384 259 1415 manibus
275 1384 407 1425 Lyoune
430 1383 511 1424 regis
536 1394 696 1415 armorum
714 1384 751 1415 de
766 1385 866 1415 firmis
890 1384 928 1415 de
952 1384 1097 1425 Collessy
1120 1384 1159 1415 de

111 1443 194 1465 anno
211 1433 353 1474 computi
368 1433 412 1474 xij
430 1433 514 1464 bolle
530 1443 711 1465 avenarum.
757 1434 800 1464 Et
822 1436 945 1464 restant
960 1433 994 1464 in
1010 1434 1159 1465 manibus

109 1483 223 1514 Jacobi
251 1482 496 1524 Lummysdene‚
519 1483 705 1524 occupantis
735 1486 836 1514 terras
860 1483 898 1514 de
922 1483 1094 1520 Barnturk‚
1119 1483 1158 1514 de

111 1532 210 1564 firmis
225 1543 396 1574 granorum
412 1532 555 1573 ejusdem
571 1532 610 1563 de
633 1533 718 1564 dicto
734 1543 826 1570 anno,
841 1533 863 1573 ij
882 1533 986 1565 celdre
1001 1533 1048 1574 iiij
1067 1533 1156 1565 bolle.

110 1582 240 1614 Summa
270 1592 489 1623 expensarum,
513 1581 526 1612 1
550 1581 654 1613 celdre
681 1591 700 1612 v
725 1581 809 1613 bolle
829 1583 842 1623 j
870 1582 985 1614 ferlota
1008 1583 1030 1623 ij
1062 1593 1157 1624 pecce

109 1642 288 1664 avenarum.
333 1632 376 1662 Et
391 1631 436 1662 sic
452 1631 696 1672 superexposuit
711 1635 900 1672 computans
915 1632 972 1673 viij
990 1632 1112 1664 celdras
1123 1633 1157 1663 ix

110 1676 209 1713 bollas
225 1681 258 1722 iij
276 1680 415 1718 ferlotas,
437 1691 494 1722 pro
510 1680 626 1721 quibus
650 1680 727 1712 fecit
749 1681 893 1722 precium
915 1692 988 1712 cum
1005 1682 1156 1713 auditori—

108 1731 167 1762 bus
179 1731 212 1762 in
224 1730 365 1772 presenti
377 1733 526 1771 computo
535 1730 678 1771 pecunie.
709 1730 752 1761 Et
761 1731 806 1762 sie
822 1741 902 1772 eque
913 1731 1018 1772 quoad
1030 1741 1155 1762 avenas.

152 1829 346 1870 Computum
368 1828 513 1869 Fergusii
539 1827 598 1859 filii
622 1828 751 1870 Nigelli,
779 1829 943 1861 camerarii
966 1829 1005 1861 de
1024 1830 1107 1861 Bute
1123 1833 1156 1861 et
1169 1834 1252 1864 Buta
1268 1837 1301 1865 et,

109 1877 224 1916 Arane,
239 1879 399 1910 redditum
415 1878 500 1918 apud
516 1878 707 1919 Edinburgh
730 1888 787 1919 per
810 1878 974 1909 dominum
992 1879 1155 1910 Simonem
1168 1878 1285 1909 Arane.

107 1926 239 1965 M‘Cale‚
259 1927 460 1968 capellanum
481 1937 584 1965 suum,
612 1927 644 1968 [1
677 1927 757 1968 chly
786 1928 881 1965 1465,
903 1928 994 1968 from
1022 1929 1042 1960 7
1071 1928 1156 1958 June

152 2025 275 2066 Oharye.
320 2025 465 2062 Arrears,
488 2026 587 2056 &08
608 2026 651 2057 35.
675 2025 725 2056 9d.
771 2026 900 2062 Fermes,
926 2026 1035 2057 besides
1058 2027 1156 2066 grain

107 2074 173 2106 and
195 2078 302 2112 mares,
322 2076 360 2116 ⁰f
378 2075 465 2112 Buta,
492 2075 589 2112 ,3141
616 2075 681 2105 183.
701 2075 750 2105 6d.
763 2086 776 2113 ,·
799 2075 837 2115 os
853 2075 976 2112 Ανναη,
999 2076 1075 2106 „1356
1090 2076 1154 2107 188.

108 2124 172 2162 8d.;
188 2135 222 2155 as
228 2135 260 2165 p.
271 2125 358 2165 2752]
396 2125 438 2155 Et
450 2125 489 2156 de
501 2135 522 2155 v
533 2124 565 2155 fi.
579 2124 618 2155 de
631 2124 735 2156 firmis
745 2124 861 2165 fogagii
872 2125 1009 2155 nemoris
1021 2125 1060 2156 de
1073 2125 1156 2157 Bute

107 2173 147 2204 de
158 2173 276 2204 eisdem
288 2174 442 2206 terminis.
481 2174 581 2215 [Suom
594 2173 692 2205 &203
703 2175 766 2206 173.
780 2174 831 2205 Qd.
869 2174 924 2205 Do.
938 2174 1014 2205 with
1024 2185 1157 2212 arreccrs,

109 2223 206 2260 ³341oe
221 2223 263 2253 Os.
281 2223 353 2255 1Ιά.

149 2280 220 2305 VOL.
235 2280 289 2304 VII.
1007 2281 1028 2305 Y
