1551 2462
128 962 327 1006 Strivelyng-

127 1006 248 1048 sohyre.

346 314 408 343 440
659 289 825 345 ROTULI
849 313 1085 345 SOAOOARH
1307 315 1398 346 1467.

683 674 842 706 ccxffl.
868 674 1056 716 [CCLVH]

467 772 683 805 OOMPUTA
705 774 1004 806 BALLIVORUM
1027 774 1090 805 AD
1114 774 1273 807 EXTRA.

778 876 842 899 ΑΛ).
867 867 960 900 1467.

389 960 586 1000 Computum
617 961 640 991 J
642 961 732 992 aeobi
766 961 878 992 Sehaw
919 960 959 992 de
990 960 1126 1002 Sauchy,
1156 960 1320 991 camerarii
1359 960 1398 991 de

343 1009 611 1047 Strivelinsohire,
629 1010 747 1051 [Parth
762 1011 805 1042 29
820 1011 899 1052 ,May
913 1011 979 1048 146
982 1012 1009 1048 7,
1016 1011 1106 1051 from
1121 1011 1165 1041 23
1179 1011 1264 1041 June
1279 1010 1388 1050 1456]

387 1059 480 1090 Idem
496 1063 607 1090 onerat
623 1070 656 1091 se
672 1060 711 1091 de
726 1060 785 1091 lxx
799 1060 831 1091 11.
849 1071 905 1101 per
920 1060 1060 1101 integras
1083 1060 1190 1091 firmas
1205 1060 1336 1091 baronie
1359 1059 1398 1090 de

343 1108 572 1140 Bothkennare
596 1109 636 1140 de
658 1109 782 1141 duobus
805 1110 951 1141 terminis
975 1110 1072 1150 hujus
1095 1109 1246 1150 computi,
1269 1112 1302 1140 et
1315 1109 1352 1140 de
1376 1120 1398 1140 x

342 1158 458 1189 eeldris
475 1159 519 1199 xij
537 1159 631 1190 bollis
655 1159 756 1190 farine
773 1160 937 1191 avenatioe
953 1160 992 1190 de
1008 1159 1094 1191 dieta
1116 1159 1254 1190 baronia.
1300 1160 1343 1190 Et-
1359 1159 1398 1191 de

342 1208 458 1248 xxxiiij
475 1208 506 1238 fi.
525 1209 568 1249 vij
595 1213 617 1239 5.
635 1219 691 1250 per
713 1209 855 1250 integras
881 1209 989 1240 firmas
1014 1212 1171 1240 terrarum
1184 1208 1222 1240 de
1249 1209 1331 1239 Erth
1357 1209 1397 1240 de

341 1257 437 1288 dictis
454 1258 609 1289 terminis.
655 1259 698 1289 Et
714 1258 752 1290 de
769 1259 823 1300 xxj
841 1259 872 1289 11.
886 1259 930 1299 vij
948 1263 970 1290 5.
991 1259 1022 1299 vj
1039 1258 1069 1289 d.
1079 1258 1091 1299 j
1110 1258 1216 1289 eeldra
1232 1258 1288 1299 xiij
1302 1258 1397 1290 bonis

343 1307 441 1338 brasii
453 1318 509 1348 per
522 1308 662 1349 integras
674 1308 781 1339 firmas
793 1309 923 1340 baronie
936 1309 974 1339 de
986 1308 1110 1339 Skeoch
1122 1318 1193 1339 oum
1205 1308 1398 1340 molendinis

344 1357 488 1397 ejusdem
506 1361 538 1388 et
555 1358 867 1398 Ingrahammisland
883 1358 922 1389 de
945 1358 1066 1401 eisdem
1089 1358 1243 1389 terminis.
1289 1358 1331 1389 Et
1358 1358 1398 1390 de

343 1407 398 1446 viij
416 1406 448 1437 n.
466 1407 505 1438 de
528 1407 629 1438 firmis
656 1411 813 1439 terrarum
829 1408 869 1439 de
893 1407 1044 1448 Roploeh.
1090 1408 1133 1438 Et
1148 1407 1187 1438 de
1203 1418 1248 1438 xx
1263 1411 1285 1438 ἓ.
1311 1411 1396 1439 terre

342 1455 381 1486 de
399 1456 553 1497 Blaregib.
600 1457 642 1487 Et
659 1457 697 1488 de
709 1458 740 1498 vj
757 1457 789 1488 fi.
807 1458 863 1498 xiij
878 1462 900 1489 5.
917 1457 963 1498 iiij
981 1456 1009 1488 d.
1023 1461 1181 1488 terrarum
1191 1457 1230 1488 de
1244 1457 1395 1498 Aldpark.

341 1506 384 1536 Et
408 1506 447 1536 de
472 1506 506 1546 iij
535 1505 567 1536 fi.
592 1506 630 1537 de
657 1507 892 1547 Quenyshalch.
937 1507 979 1537 Et
1006 1507 1045 1538 de
1070 1507 1126 1547 xiij
1151 1506 1183 1537 11.
1200 1507 1232 1547 vj
1250 1511 1272 1538 5.
1292 1507 1348 1547 viij
1366 1507 1394 1538 d.

342 1554 441 1589 annui
459 1555 603 1586 redditus
620 1559 776 1586 terrarum
791 1556 830 1587 de
847 1556 1008 1597 Cragorth.
1054 1556 1097 1586 Et
1113 1556 1152 1587 de
1164 1567 1186 1586 x
1197 1556 1228 1586 fi.
1245 1556 1268 1596 ij
1282 1556 1396 1587 celdris

342 1604 498 1635 frumenti
514 1605 536 1645 ij
555 1605 668 1636 celdris
695 1605 782 1636 ordei
809 1605 831 1646 ij
849 1605 963 1636 eeldris
986 1615 1161 1636 avenarum
1176 1615 1233 1646 per
1255 1606 1395 1647 integras

342 1655 449 1685 firmas
466 1657 498 1685 et
512 1664 611 1695 grana
626 1657 783 1685 terrarum
799 1654 837 1685 de
860 1655 1059 1685 Inneralone.
1105 1655 1147 1685 Et
1163 1655 1202 1686 de
1220 1665 1241 1685 x
1256 1654 1287 1686 fi.
1311 1659 1394 1686 terre

343 1704 382 1735 de
399 1704 595 1745 Fossoquhy.
643 1704 685 1734 Et
700 1704 738 1735 de
755 1714 776 1734 x
791 1703 823 1734 fi.
848 1707 930 1735 terre
947 1704 986 1735 de
1009 1704 1171 1745 Lupuooh.
1216 1705 1259 1735 Et
1271 1705 1309 1736 de
1326 1715 1347 1735 x
1362 1705 1394 1736 11.

343 1757 426 1785 terre
450 1754 489 1784 de
514 1753 717 1784 Lossintrule.
763 1754 806 1784 Et
831 1753 870 1784 de
894 1753 941 1794 liij
959 1758 982 1785 5.
998 1754 1044 1794 iiij
1071 1754 1100 1785 d.
1121 1754 1143 1795 ij
1162 1754 1276 1785 celdris
1299 1754 1396 1785 brasii

343 1803 421 1834 ville
438 1803 477 1834 de
497 1804 591 1844 Logy,
606 1806 638 1834 et
651 1803 817 1834 consuevit
827 1803 965 1834 assedari
977 1813 1033 1844 pro
1046 1803 1148 1834 tribus
1159 1803 1248 1834 libris
1260 1804 1395 1844 pecunie

342 1857 374 1884 et
391 1853 534 1894 quinque
558 1853 672 1884 eeldris
697 1853 801 1884 brasii.
848 1853 890 1884 Et
906 1853 945 1884 (18
960 1853 1007 1893 iiij
1025 1853 1056 1884 fi.
1071 1853 1084 1894 j
1110 1853 1216 1884 celdra
1240 1853 1395 1885 frumenti

338 1903 351 1943 j
366 1903 472 1934 oeldra
482 1903 578 1934 brasii
588 1906 670 1934 terre
683 1903 722 1934 de
735 1902 829 1934 Blare
839 1903 934 1944 Logy.
981 1903 1024 1934 Et>
1040 1902 1078 1934 de
1091 1903 1122 1943 vj
1135 1902 1167 1933 Ii.
1182 1903 1194 1943 j
1207 1902 1312 1934 celdra
1328 1902 1394 1934 fru-

341 1953 443 1984 menti
455 1953 468 1993 j
481 1953 587 1984 celdra
602 1953 689 1984 ordei
701 1956 783 1984 terre
800 1953 838 1983 de
852 1953 964 1984 Powis.
1009 1953 1052 1983 Et
1070 1952 1109 1983 de
1121 1952 1166 1993 xlj
1180 1952 1211 1983 fi.
1228 1952 1285 1993 xiij
1299 1956 1323 1983 5.
1336 1952 1392 1993 viij

341 2002 371 2034 d.
388 2003 420 2043 xj
433 2002 547 2033 celdris
563 2003 619 2043 viij
638 2002 732 2034 bonis
748 2003 845 2033 brasii
857 2013 914 2043 per
930 2003 1069 2043 integras
1085 2002 1192 2033 firmas
1209 2002 1338 2033 baronie
1355 2002 1393 2033 de

341 2052 534 2092 Tulycultre.
580 2052 623 2083 Et
639 2051 677 2083 de
694 2062 714 2082 v
729 2051 761 2082 fi.
778 2055 860 2083 terre
876 2052 914 2082 (18
938 2051 1209 2082 Lethbartschelis
1226 2054 1258 2082 et
1281 2051 1393 2083 Stane-

340 2101 430 2132 188118
446 2102 486 2132 de
502 2101 596 2132 dietis
611 2101 764 2132 terminis.
811 2102 853 2132 Et
869 2101 908 2132 de
923 2102 955 2142 vj
969 2101 1002 2132 fi.
1020 2101 1076 2142 xiij
1091 2105 1112 2132 5.
1129 2101 1175 2141 iiij
1193 2101 1222 2132 d.
1240 2100 1278 2132 de
1301 2101 1393 2132 Litil-

339 2150 446 2191 sachy.
492 2151 534 2181 Et,
557 2151 595 2181 de
613 2151 689 2191 xxvj
707 2155 729 2182 5.
749 2150 802 2191 viij
828 2150 856 2182 d.
875 2150 913 2181 de
937 2150 1088 2187 Torhede,
1104 2153 1136 2181 et
1151 2150 1237 2181 valet
1252 2150 1287 2180 in
1309 2160 1393 2181 anno

339 2200 551 2241 quadraginta
582 2200 707 2231 solidos.
753 2200 796 2231 Et
821 2200 860 2231 de
887 2210 908 2230 v
923 2200 1039 2231 celdris
1066 2199 1220 2230 frumenti
1242 2209 1263 2230 v
1279 2199 1394 2231 eeldris

339 2249 437 2281 brasii
452 2250 474 2291 ij
493 2250 607 2281 celdris
625 2260 799 2281 avenarum
815 2249 854 2281 de
864 2249 964 2281 firmis
974 2253 1130 2281 terrarum
1143 2249 1182 2280 de
1193 2249 1394 2281 Cornetoune
