1551 2462
374 265 435 294 536
689 259 854 292 notrum
879 257 1116 291 SOACOARII
1331 257 1423 286 1468.

373 355 483 387 decem
499 354 595 386 libras
611 354 645 385 in
661 353 753 385 feodo
769 363 826 384 suo
850 353 889 383 de
912 353 1013 384 firmis
1035 355 1192 383 terrarum
1216 351 1255 382 de
1271 348 1424 395 Kincavil

373 409 406 437 et
422 400 637 446 Bonyntoune
661 414 699 435 ex
724 403 927 434 concessione
949 403 1032 444 regis
1056 412 1113 443 per
1136 412 1209 433 suas
1231 400 1342 431 literas
1365 398 1424 430 sub
1471 409 1475 412 ’
1537 406 1539 435 ;

374 455 508 496 privato,
521 454 559 485 de
576 454 669 485 dictis
684 453 840 490 terminis,
857 463 900 483 xx
917 452 949 484 fi.
987 453 1030 483 Et
1046 451 1218 491 Rothissay
1233 449 1373 486 heraldo,
1386 448 1424 479 de
1446 445 1450 448 ’
1464 482 1467 485 ,

374 505 475 541 firmis
491 504 649 535 dictarum
665 506 822 534 terrarum
837 502 876 533 de
893 503 1109 543 Bonyntoune
1125 501 1187 532 sibi
1203 499 1242 531 ad
1253 499 1354 530 vitam
1369 507 1426 539 pro

375 554 468 585 feodo
499 564 555 585 suo
586 553 751 590 concessis,
778 551 969 593 percipienti
1000 550 1168 582 annuatim
1197 548 1314 590 viginti
1344 557 1427 578 mar-

376 614 428 635 cas
445 603 483 635 de
499 603 594 634 dictis
617 603 725 639 firmis,
749 605 786 632 ut
808 604 899 642 patet
921 611 977 642 per
999 600 1109 632 literas
1133 599 1256 630 domini
1270 597 1353 639 regis
1368 596 1429 628 sub

376 653 502 695 privato
533 656 565 683 et
595 643 831 692 subscripcione
863 654 1006 682 ostensas
1044 659 1140 690 super
1170 650 1367 689 computum,
1390 645 1430 677 de

378 703 493 734 ultimo
510 712 593 733 anno
609 702 707 742 hujus
724 701 875 742 computi,
889 701 945 741 xiij
963 700 994 731 ii.
1008 700 1040 740 vj
1058 704 1081 731 s.
1094 699 1151 739 viij
1169 697 1220 729 ἅ*
1259 697 1301 728 Et
1317 696 1430 732 eidem,
1470 698 1476 703 “

379 753 418 784 de
435 751 637 784 castirwarda
660 751 699 782 (le
721 750 883 788 Strabrok,
900 759 1049 781 concessa
1065 748 1231 780 Fratribus
1246 745 1430 778 Minoribus
1452 758 1475 782 *.

380 802 419 833 de
435 801 561 838 Dunde,
574 801 612 831 de
629 800 724 831 dictis
740 799 896 837 terminis,
912 799 1014 839 xxxiij
1033 803 1056 829 s.
1073 798 1119 839 iiij
1137 797 1167 828 d.
1205 797 1248 828 Et
1264 796 1376 833 eidem,
1392 794 1432 825 de

380 851 480 882 firmis
496 854 652 881 terrarum
668 850 708 881 de
727 849 974 886 Orounareland,
991 858 1212 880 concessarum
1236 844 1432 878 Archibaldo
1467 847 1489 861 ’·
1536 858 1542 885 3

381 901 522 941 Ramsay
545 900 580 930 in
607 900 810 931 excambium
837 910 912 930 cum
936 899 1029 930 terris
1056 898 1095 930 de
1119 896 1370 938 Ravynniscrag‚
1393 894 1432 925 de

381 951 476 982 dictis
499 949 654 986 terminis,
677 949 734 990 xiij
758 949 791 980 Π.
817 949 847 990 vj
872 953 896 980 s.
919 949 975 989 viij
1001 947 1030 979 d.
1076 948 1119 978 Et
1142 947 1254 983 eidem,
1277 945 1317 977 de
1332 944 1446 976 firmis
1476 968 1479 970 .

382 1004 541 1031 terrarum
568 999 606 1030 de
630 999 890 1040 Gummystoune
913 1002 946 1030 et
969 997 1112 1029 Manwel
1138 997 1196 1038 Rig
1219 1006 1256 1027 ac
1278 998 1435 1026 terrarum

384 1049 546 1091 quondam
562 1048 682 1080 Thome
699 1049 837 1089 Malvyn
860 1049 895 1079 in
912 1048 1018 1079 warda
1041 1047 1261 1083 existencium,
1277 1043 1436 1077 concessis
1463 1070 1466 1072 .

384 1099 425 1131 ad
440 1099 595 1130 fabricam
611 1098 735 1139 collegii
752 1098 869 1130 Sancte
892 1097 1059 1129 Trinitatis
1079 1107 1178 1138 prope
1193 1094 1382 1136 Edinburgh
1397 1103 1450 1127 ex*
1463 1136 1467 1137 ⁷
1482 1142 1490 1146 ,⁷
1535 1069 1548 1114 ³:

418 1199 432 1212 ⁴*
440 1198 551 1223 Jacobus
563 1198 611 1222 Dei
622 1198 705 1230 gracia
715 1205 758 1222 rex
771 1198 902 1222 Scotorum
914 1197 1047 1222 Universis
1056 1199 1083 1222 et
1091 1196 1199 1229 singulis
1211 1195 1283 1227 ligeis
1295 1197 1321 1219 et
1332 1193 1441 1219 subditis
1476 1208 1490 1218 .-

387 1238 483 1263 nostris
500 1237 531 1261 ad
549 1244 657 1269 quorum
670 1237 777 1261 noticias
793 1239 921 1269 presentes
933 1236 1004 1260 litere
1017 1235 1179 1268 pervenerint
1192 1234 1313 1258 Salutem.
1350 1232 1441 1258 Sciatis
1478 1261 1480 1266 ,

387 1276 457 1309 quod
468 1275 592 1306 dedimuS‚
606 1275 783 1306 concessimus,
797 1278 824 1300 et
835 1275 1027 1308 assignavimus,
1042 1283 1070 1299 ac
1086 1268 1173 1298 tenore
1185 1273 1342 1306 presencium
1353 1271 1442 1296 damus

388 1315 550 1341 concedimus
562 1317 588 1339 et
605 1315 764 1346 assignamus
777 1314 869 1339 dilecto
881 1314 998 1338 bertaldo
1009 1316 1096 1338 nostro
1109 1312 1233 1344 Rotbizay
1245 1313 1401 1344 nuncupato,
1415 1310 1442 1334 in
1460 1302 1465 1304 “
1535 1302 1543 1311 ”

389 1363 435 1380 suo
448 1354 521 1379 feodo
533 1356 558 1378 et
571 1362 616 1386 pro
634 1362 679 1378 suo
696 1354 802 1378 servicio
814 1354 887 1378 nobis
899 1354 1014 1386 impenso
1026 1356 1052 1378 et
1060 1351 1239 1385 impendendo,
1253 1353 1333 1375 terras
1342 1350 1443 1374 ‘nostras
1480 1354 1486 1359 ‘
1541 1360 1544 1367 ι

389 1394 420 1417 de
432 1393 620 1424 Bonyngtoune
634 1400 692 1416 cum
710 1392 881 1424 pertinenciis,
894 1392 1007 1424 jacentes
1023 1391 1052 1415 in
1064 1390 1167 1415 baronia
1184 1392 1270 1414 nostra
1282 1389 1314 1413 de
1326 1387 1443 1413 Kincavil
1483 1399 1485 1403 ·

390 1432 456 1455 infra
468 1431 673 1455 vicecomitatum
687 1433 803 1455 nostrum
821 1430 851 1454 de
869 1430 1018 1462 Linh'thqw,
1034 1437 1082 1462 que
1100 1432 1164 1454 terre
1182 1436 1250 1453 nunc
1262 1428 1404 1453 extendunt
1415 1426 1444 1451 in
1476 1420 1485 1430 ⁹

390 1471 461 1495 frma
473 1470 506 1494 ad
518 1470 644 1493 sexdecim
656 1469 734 1493 libras
746 1478 751 1493 ε
786 1469 917 1493 Tenendas
929 1472 954 1493 et
965 1469 1095 1493 habendas
1107 1468 1188 1492 dictas
1199 1470 1278 1492 terras
1290 1467 1320 1491 de
1332 1465 1443 1498 Boning-
1480 1490 1483 1494 ,

389 1512 453 1534 toun
466 1517 523 1533 eum
536 1509 700 1540 pertinenciis
712 1508 780 1532 dicto
792 1508 907 1532 heri-aldo
919 1511 1007 1532 nostro
1018 1507 1144 1538 Rotbizay
1155 1507 1182 1531 in
1200 1514 1245 1530 suo
1258 1506 1330 1530 feodo
1339 1506 1446 1537 prototo

390 1550 504 1579 tempore
516 1547 568 1570 vite
581 1554 642 1576 suc;
660 1554 717 1570 cum
735 1547 853 1570 omuibus
865 1549 890 1570 et
902 1546 1010 1578 singulis
1027 1546 1197 1575 libertatibus,
1212 1544 1444 1574 commoditatibu8‚
1482 1555 1495 1565 a
1531 1539 1545 1551 '²

393 1588 419 1610 et
426 1585 584 1614 asiamentis,
593 1592 619 1608 ac
626 1584 705 1616 justis
713 1585 877 1616 pertinenciis
886 1585 1086 1616 quibuscumque
1096 1588 1148 1608 tam
1158 1591 1209 1608 non
1219 1583 1358 1608 nominatis
1370 1589 1445 1614 quam
1455 1581 1462 1585 “

391 1624 532 1649 nominatis
543 1623 575 1647 ad
587 1623 669 1647 dictas
682 1625 761 1647 terras
774 1623 804 1647 de
817 1623 1004 1655 Bonyngtoune
1022 1631 1079 1647 cum
1096 1622 1260 1654 pertinenciis
1272 1620 1446 1654 spectantibus

392 1671 436 1688 seu
449 1662 614 1695 quovismodo
630 1662 698 1693 juste
716 1664 828 1694 spectare
840 1661 993 1691 valentibus,
1007 1661 1115 1686 durante
1133 1663 1187 1686 toto
1208 1663 1321 1693 tempore
1337 1660 1391 1684 vite
1403 1666 1446 1684 sne
1475 1655 1490 1666 ¹

393 1702 447 1726 sine
463 1701 548 1734 aliquo
564 1701 734 1725 retinemento
751 1702 796 1724 eut
813 1701 974 1724 revocacione
989 1708 1155 1732 quacunque:
1176 1699 1313 1723 Reddendo
1328 1698 1388 1723 inde
1403 1706 1446 1723 an-
1487 1690 1493 1729 3*
1547 1723 1549 1729 ,

393 1741 494 1766 nuatim
506 1740 590 1764 dictus
602 1739 721 1764 heraldus
733 1742 819 1763 noster
830 1739 903 1763 nobis
913 1741 938 1763 et
950 1739 1120 1771 receptoribus
1132 1739 1225 1763 nostris
1235 1740 1344 1770 quatuor
1353 1744 1447 1765 marcas
1472 1742 1481 1771 J
1535 1734 1539 1738 ⁴

394 1780 426 1804 ad
444 1779 507 1803 duos
525 1778 586 1803 anni
598 1778 720 1802 terminos
739 1777 846 1808 usuales,
866 1777 1046 1802 Pcnthecostes
1065 1777 1185 1801 videlicet
1202 1779 1227 1801 ct
1243 1776 1331 1800 Sancti
1343 1775 1446 1800 Martini
1468 1774 1479 1783 ‘¹

394 1819 421 1843 in
431 1826 509 1850 yeme,
521 1825 565 1850 per
577 1816 677 1849 equales
689 1817 819 1848 porciones
831 1815 940 1840 tantum.
973 1816 1080 1848 Insuper
1087 1815 1254 1840 concessimus
1264 1815 1333 1839 dicto
1344 1813 1446 1838 heraldo
1463 1827 1469 1842 2
1479 1830 1482 1833 -

395 1860 481 1881 nostro
493 1856 599 1880 liberam
611 1857 762 1888 potestatem
775 1855 856 1879 dictas
865 1857 944 1879 terras
956 1855 1064 1886 propriis
1076 1854 1149 1878 bonis
1161 1861 1281 1885 occupare
1293 1855 1319 1877 et
1326 1853 1444 1883 laborare,

395 1896 436 1920 vel
454 1895 553 1921 easdem
570 1895 678 1919 durante
698 1896 810 1926 tempore
825 1893 970 1926 supradicto
989 1893 1029 1917 vel
1047 1893 1079 1917 ad
1096 1893 1218 1917 terminos
1235 1892 1268 1916 ad
1285 1899 1329 1916 sue
1345 1891 1447 1916 libitum
1474 1878 1494 1904 i
1533 1896 1538 1899 ’

397 1934 538 1959 voluntatis
550 1934 670 1958 assedere.
709 1934 789 1962 Quare
808 1933 931 1957 universis
949 1935 975 1956 et
991 1931 1099 1964 singulis
1116 1931 1186 1964 ligiis
1197 1933 1223 1955 et
1235 1930 1345 1954 subditis
1355 1929 1448 1954 nostris
1471 1930 1488 1938 “

397 1981 505 2005 quorum
517 1973 623 1997 interest
636 1972 676 1996 vel
693 1972 813 1996 interesse
830 1972 924 2004 poterit
940 1971 1028 1995 stricte
1040 1970 1192 2003 precipimus
1209 1972 1235 1994 et
1247 1969 1396 1993 mandamus
1406 1975 1459 1992 ner
1472 1974 1486 1982 >·

398 2013 456 2045 quis
466 2013 534 2037 dicto
546 2011 650 2036 heraldo
666 2013 753 2035 nostro
770 2014 816 2035 aut
833 2010 1049 2034 intromissoribus
1066 2009 1106 2033 vel
1116 2008 1264 2033 tenentibus
1275 2008 1329 2032 suis
1339 2008 1368 2031 in
1379 2013 1448 2031 occu·
1469 2019 1480 2023 ν

399 2051 504 2083 pacione
517 2050 641 2074 dictarum
655 2052 778 2074 terrarum
790 2052 820 2073 ut
832 2049 991 2081 premittitur
1003 2056 1060 2072 cum
1068 2047 1230 2079 pertinenciis
1238 2046 1448 2078 impedimentum
1479 2039 1486 2051 ²

399 2090 439 2114 vel
452 2088 611 2113 obstaculum
624 2088 699 2112 faciat
712 2087 821 2112 durante
833 2090 888 2112 toto
900 2090 1014 2119 tempore
1026 2087 1080 2111 vite
1091 2094 1143 2116 sue,
1157 2086 1204 2110 sub
1217 2086 1286 2110 omni
1297 2092 1362 2117 pena
1373 2090 1450 2117 quam
1473 2083 1479 2087 “
1527 2079 1529 2083 ⁴

401 2136 459 2159 erga
476 2130 587 2152 nostram
609 2127 702 2159 regiam
723 2126 848 2150 incurrere
868 2126 962 2158 poterit
981 2125 1146 2157 majestatem.
1184 2125 1280 2149 Datum
1301 2124 1347 2149 sub
1367 2125 1451 2148 nostm
1479 2111 1484 2134 ‘-

401 2169 495 2191 secreto
513 2166 597 2198 sigillo
614 2165 682 2198 apud
700 2165 800 2190 Lanark
818 2167 908 2197 quarto
925 2165 965 2189 die
983 2164 1076 2189 mensis
1094 2163 1184 2188 Marcii
1201 2171 1267 2188 nnno
1285 2162 1356 2195 regni
1373 2159 1455 2186 nostri.
1479 2156 1486 2162 ”
1543 2158 1548 2189 s

400 2204 515 2236 septimo.
