1551 2462
124 287 214 316 1466.
432 284 591 316 REGUM
616 283 862 316 SCOTORUM.
1110 288 1167 316 401

120 378 270 418 ejusdem,
297 380 333 408 ut
370 380 459 418 patet
493 377 523 408 in
560 377 673 409 rotulis
708 381 929 418 computorum
963 388 1100 415 suorum,
1131 389 1171 409 ex

120 427 318 458 concessione
349 427 471 458 domini
501 427 592 468 regis,
615 431 652 458 ut
675 430 764 468 patet
787 437 843 468 per
873 427 981 458 literas
1013 438 1086 458 suas
1111 428 1170 459 sub

118 477 241 518 privato
257 476 296 507 de
312 477 511 507 concessione
535 481 676 507 ostensas
700 487 796 517 super
818 480 1015 517 computum,
1032 477 1071 508 de
1087 487 1170 508 anno

120 528 260 569 computi
275 531 308 559 et
330 529 433 559 tribus
455 529 600 559 terminis
624 528 869 569 precedentibus
892 529 952 560 hoc
976 532 1171 570 computum,

120 578 185 619 xlvj
203 578 233 608 n'.
251 578 306 618 xiij
331 582 354 609 ἓ.
382 578 428 619 iiij
446 577 475 609 d.
520 578 563 609 Et
587 578 699 614 eidem,
715 588 772 618 pro
795 578 889 609 certis
913 579 1170 619 reparacionibus

120 630 212 660 factis
227 630 383 671 in'castro
399 630 437 661 de
453 630 589 660 Dunbar
605 630 644 660 de
660 630 810 660 mandato
828 630 950 660 domini
965 630 1047 671 regis
1062 630 1170 661 litera-

119 679 199 710 torio
225 679 285 710 sub
311 679 443 720 signeto,
467 679 616 710 videlicet
639 689 695 710 sex
719 679 874 711 duodenis
898 683 1062 720 petrarum
1085 680 1170 715 ferri,

120 728 256 760 sedecim
271 729 384 760 celdris
401 729 504 765 calcis,
528 729 643 769 viginti
666 729 790 760 duabus
814 729 900 766 seris,
925 729 1034 760 decem
1051 732 1083 760 et
1099 733 1169 760 octo

119 777 237 809 tabulis
262 778 300 809 de
327 778 471 815 Esthmd,
498 782 531 809 et
554 778 625 810 aliis
651 779 800 819 expensis
824 779 919 809 factis
943 779 1026 809 circa
1050 779 1170 809 dictam

119 829 278 867 fabricam,
294 830 443 861 videlicet
459 831 493 860 in
510 840 574 861 una
590 833 681 871 porta
697 830 806 867 ferrea,
816 830 900 872 lecto
919 830 1032 871 ligneo,
1048 830 1170 868 hostiis,

119 879 236 910 tabulis
260 879 473 916 feuistrarum,
499 890 563 910 uno
591 890 674 910 novo
701 880 803 916 furno,
827 883 864 911 ut
889 884 978 920 patet
1001 880 1035 910 in
1058 880 1171 911 cedula

120 930 334 969 computantis
353 929 587 970 particulariter
611 930 793 960 examinata
816 940 912 970 super
936 933 1122 970 computum
1138 933 1170 961 et

119 983 301 1009 remanente
319 989 392 1009 cum
409 978 522 1009 clerico
537 979 715 1009 rotulorum
732 983 764 1009 et
780 978 913 1019 registri,
930 979 998 1019 xhjj
1013 979 1044 1009 fi.
1061 979 1127 1019 xvij
1146 983 1169 1010 ἔ.

74 1029 78 1032 ’
119 1037 141 1058 v
167 1027 196 1058 ἅ.
242 1027 284 1058 Et
310 1028 422 1064 eidem,
448 1038 505 1068 pro
536 1028 703 1058 duodecim
734 1028 828 1058 bollis
860 1029 965 1065 brasii,
996 1028 1170 1068 speciebus,

119 1076 253 1116 pultrea,
270 1077 392 1114 ovibus,
408 1080 440 1107 et
456 1077 527 1108 aliis
543 1077 678 1108 diversis
693 1077 885 1114 necessariis,
902 1078 1018 1118 emptis
1035 1088 1090 1118 per
1101 1077 1170 1108 Gil-

120 1125 247 1156 bertum
264 1119 424 1167 Kennedy
447 1126 486 1157 ad
509 1126 722 1167 provisionem
746 1126 884 1157 fiendam
907 1137 979 1167 erga
995 1127 1171 1157 adventum

121 1175 243 1206 domini
258 1175 347 1206 ducis
364 1175 501 1206 Albanie
518 1175 557 1206 de
573 1175 692 1217 Anglia
702 1186 812 1207 versus
829 1179 968 1207 castrum
980 1176 1019 1207 de
1035 1176 1172 1207 Dunbar

120 1234 194 1255 curn
211 1224 306 1255 certis
330 1225 509 1266 alieniginis
525 1235 641 1262 secum,
669 1225 708 1256 de
734 1225 885 1261 mandato
902 1225 1025 1256 domini
1040 1226 1121 1266 regis
1138 1229 1172 1257 et

122 1273 323 1304 dominorum
341 1274 379 1305 de
396 1274 536 1311 consilio,
552 1274 628 1305 licet
644 1277 779 1315 protunc
795 1284 860 1305 non
876 1278 1015 1312 venerat,
1032 1275 1070 1306 de
1081 1285 1171 1306 man-

121 1323 195 1354 dato
231 1323 373 1363 ejusdem
410 1323 584 1354 literatorio
623 1324 682 1355 sub
713 1323 844 1364 signeto,
876 1334 937 1364 que
970 1334 1108 1365 expense
1138 1334 1171 1355 se

121 1372 299 1403 extendunt
315 1373 353 1403 ad
370 1372 480 1403 decem
497 1373 602 1410 libras,
615 1377 652 1404 ut
669 1384 724 1414 per
737 1373 862 1404 easdem
874 1373 983 1404 literas
995 1377 1092 1414 patet,
1106 1384 1127 1404 x
1138 1374 1171 1406 fi.

121 1422 164 1453 Et
193 1421 304 1458 eidem,
332 1432 388 1462 pro
413 1422 580 1453 duodecim
606 1423 742 1454 arcubus
769 1426 801 1454 et
831 1423 985 1454 tredecim
1014 1423 1172 1464 pharetris

112 1471 317 1512 sagittarum,
334 1472 437 1503 tribus
453 1472 587 1513 mappis,
611 1483 727 1503 novem
744 1472 960 1513 manutergiis,
977 1483 1041 1504 una
1057 1484 1173 1514 magna

68 1539 74 1542 <
122 1520 267 1552 duodena
283 1531 430 1552 vasorum
441 1525 655 1559 stanneorum,
668 1526 804 1562 quatuor
820 1522 924 1559 toreis,
935 1526 1004 1553 octo
1020 1523 1172 1563 prekatis,

122 1572 155 1601 et
171 1570 241 1601 aliis
257 1571 372 1611 emptis
395 1581 451 1612 per
474 1571 597 1602 dictum
620 1572 803 1603 Gilbertum
827 1575 860 1603 et
882 1573 1121 1604 remanentibus
1138 1573 1173 1603 in

122 1619 206 1650 dicto
222 1623 333 1656 castro,
349 1623 382 1651 et
397 1630 453 1661 pro
465 1620 581 1661 quibus
591 1621 805 1661 respondebit,
817 1631 880 1661 que
896 1631 928 1652 se
942 1622 1120 1652 extendunt
1133 1621 1173 1652 ad

123 1669 273 1700 tredecim
298 1669 395 1701 libras
421 1674 453 1701 et
480 1680 596 1701 novem
623 1670 749 1707 solidos,
778 1674 816 1701 ut
848 1674 938 1711 patet
964 1681 1020 1711 per
1046 1672 1177 1702 easdem·

122 1717 230 1749 literas
246 1721 388 1750 ostensas
405 1730 500 1760 super
524 1723 721 1760 computum,
748 1720 804 1760 xiij
822 1720 854 1751 H.
880 1720 914 1750 ix
931 1725 954 1751 ἔ.
1001 1720 1043 1751 Et
1062 1720 1174 1757 eidem,

124 1777 179 1808 per
193 1767 417 1800 liberacionem
435 1769 553 1800 factam
577 1769 715 1800 Roberto
732 1769 834 1810 Inglis
858 1780 914 1810 pro
931 1770 997 1800 suis
1013 1770 1174 1801 laboribus

124 1816 215 1848 factis
229 1818 313 1858 apud
329 1818 516 1860 Edinburgh
530 1822 562 1849 et
575 1819 752 1849 Berwicum
767 1819 800 1849 in
814 1819 981 1850 itineribus
989 1820 1174 1860 justiciarie,

124 1865 163 1897 de
194 1867 342 1898 mandato
366 1868 568 1899 dominorum
592 1868 631 1898 de
662 1868 802 1904 consilio,
826 1868 954 1899 domino
978 1869 1174 1900 thesaurario

124 1918 261 1947 testante
277 1917 465 1948 mandatum
482 1927 577 1958 super
601 1920 795 1957 computum,
813 1927 856 1947 xx
880 1921 903 1949 s.
948 1918 990 1948 Et
1007 1918 1118 1954 eidem,
1134 1918 1174 1949 dc

124 1966 367 1997 amerciamento
383 1967 416 1997 in
433 1977 496 2007 quo
513 1966 715 2007 adjudicatus
739 1970 804 1997 erat
822 1966 958 1997 Thomas
975 1967 1174 1998 Schoriswod

125 2024 180 2055 pro
196 2015 287 2046 terris
303 2016 341 2047 de
367 2016 602 2047 Uchterstoune
626 2016 660 2046 in
684 2016 769 2047 dicto
792 2016 906 2047 itinere
925 2016 1101 2056 justiciarie
1117 2027 1174 2057 pro

125 2073 191 2094 non
206 2066 432 2105 comparencia,
449 2076 489 2096 ex
506 2075 541 2096 eo
558 2065 643 2105 quod
656 2065 759 2096 dictus
776 2065 912 2096 Thomas
923 2066 1062 2106 prefatas
1075 2070 1174 2097 terras

128 2114 202 2143 ante
217 2112 337 2144 dictum
355 2114 415 2144 iter
438 2114 655 2154 resignaverat
678 2114 710 2144 in
737 2114 885 2144 manibus
909 2114 1029 2145 domini
1046 2115 1126 2155 regis
1143 2119 1175 2146 et

127 2170 182 2201 pro
199 2166 350 2203 perpetuo
366 2163 569 2200 alienaverat,
586 2167 681 2204 prout
694 2163 771 2195 fides
796 2163 879 2194 facta
902 2163 965 2195 fuit
980 2174 1075 2205 super
1090 2175 1174 2195 com-

128 2213 250 2250 putum,
266 2222 306 2242 ex
328 2213 583 2244 consideracione
607 2213 797 2251 auditorum,
823 2224 844 2244 x
866 2213 897 2244 fi.
944 2214 986 2245 Et
1009 2214 1120 2251 eidem,
1137 2215 1175 2245 de

170 2267 240 2291 von.
257 2269 311 2292 vn.
992 2264 1009 2294 2
1028 2272 1044 2294 C
