1551 2462
0 198 8 211 η
0 0 22 79 „7325

31 46 40 49 1

106 217 195 269 1463.
423 236 585 269 REGUM
609 237 853 270 SOOTORUM.
1098 241 1157 270 187

153 330 301 371 Expense
322 329 472 371 ejusdem.
518 331 559 362 In
581 318 703 371 primis,
726 330 859 362 allocate
883 332 1081 372 compotanti
1103 342 1160 372 per

109 380 304 412 solucionem
333 380 452 412 factam
493 381 657 422 capellano
695 380 869 412 celebranti
906 381 941 411 in
979 384 1081 412 castro
1120 382 1159 412 de

0 435 19 462 ἰτ
106 429 290 470 Striveling,
306 430 496 471 percipienti
519 431 686 462 annuatim
710 430 820 462 decem
844 441 966 462 marcas
990 430 1028 462 de
1051 441 1159 462 annuo

109 479 236 511 redditu
266 479 305 510 de
333 479 515 521 Craggorth,
545 481 580 511 in
610 480 740 521 plenam
765 480 960 512 solucionem
992 480 1078 511 feodi
1108 481 1159 512 sui

109 529 149 560 de
164 538 248 560 anno
269 529 416 570 compoti,
432 530 463 570 vj
488 529 519 561 Η,
544 530 601 571 xiij
626 534 648 563 s.
671 530 718 570 iiij
736 530 764 561 d.
811 530 853 560 Et
879 540 936 570 per
962 529 1156 561 solucionem

107 577 226 609 factam
243 577 372 609 domino
388 578 426 609 de
442 578 607 620 Trareglis,
630 579 820 620 percipienti
848 579 1016 610 annuatim
1043 579 1159 620 viginti

109 637 231 659 marcas
260 628 360 658 annui
390 627 534 659 redditus
565 629 695 660 baronie
725 629 764 659 de
795 628 928 665 Skeoch,
960 629 995 659 in
1030 628 1160 669 plenam

104 676 304 708 solucionem
319 677 359 708 de
374 688 458 709 anno
475 679 622 719 compoti,
639 678 696 719 xiij
709 678 741 709 li.
760 679 792 719 vj
810 682 832 709 s.
845 678 900 718 viij
919 677 948 709 d.
994 679 1037 709 Et
1046 678 1160 715 eidem,

108 726 148 757 de
163 727 263 758 firmis
278 730 434 758 terrarum
449 728 488 759 de
505 728 668 769 Lupnoch,
684 727 890 762 Lossintrule.
906 727 932 758 F
933 727 1103 768 ossoquhy,
1128 731 1160 758 et

109 776 336 814 Quenishalcll‚
373 781 600 818 occupatarum
637 788 709 809 oum
740 777 876 819 propriis
914 777 1005 808 bonis
1043 777 1159 818 regine,

107 876 281 907 conventui
296 876 335 907 de
351 876 488 914 Oulross,
500 877 752 917 precipientibus
765 876 935 907 annuatim
947 876 1159 917 quadraginta

108 927 171 956 tres
187 925 303 957 solidos
319 926 418 957 annui
433 926 576 957 redditus
592 930 674 958 terre
690 926 729 958 de
746 926 858 963 Pullis,
873 926 907 956 in
928 926 1058 967 plenam
1075 926 1159 957 solu-

109 974 232 1005 sionem
254 974 293 1006 de
316 985 399 1006 anno
423 976 571 1016 compoti,
594 975 663 1016 xliij
687 979 710 1007 s.
754 976 798 1006 Et
820 975 1004 1006 Alexandro
1028 975 1160 1015 Lamby,

109 1033 166 1064 pro
195 1023 301 1055 media
323 1028 411 1064 parte
441 1028 599 1056 terrarum
629 1025 668 1056 de
699 1025 904 1062 Inneraloun,
927 1025 988 1056 sub
1018 1025 1160 1065 periculo

108 1073 330 1113 compotantis,
345 1074 377 1114 vj
394 1073 425 1105 n.
442 1074 499 1114 xiij
517 1078 539 1105 s.
556 1074 602 1115 iiij
620 1074 650 1105 d.
696 1074 738 1105 Et
754 1074 867 1111 eidem,
883 1084 940 1114 per
964 1074 1160 1106 solucionem

107 1123 227 1153 factam
242 1123 406 1154 Fratribus
422 1123 676 1155 Predicatoribus
691 1123 730 1155 de
749 1123 934 1164 Striveling,
954 1123 1159 1164 percipienti-

110 1172 169 1203 bus
185 1172 352 1203 annuatim
373 1172 483 1204 decem
504 1172 602 1203 libras
624 1175 782 1203 terrarum
799 1173 837 1204 de
854 1172 933 1203 Row
951 1172 1036 1204 infra
1059 1173 1159 1204 domi-

109 1221 200 1252 nium
212 1221 251 1252 de
262 1222 411 1253 Menteth
424 1232 463 1253 ex
476 1221 648 1253 elemosina
660 1222 712 1262 pie
725 1222 882 1253 memorie
897 1222 1012 1253 Jacobi
1028 1223 1160 1254 secundi

108 1270 199 1311 regis,
214 1273 252 1301 ut
266 1273 356 1311 patet
377 1271 412 1301 in
434 1271 547 1302 rotulis
571 1271 825 1312 precedentibus,
842 1271 880 1302 de
904 1282 988 1302 anno
1011 1273 1160 1313 compoti,

108 1329 131 1350 x
146 1319 177 1350 Π.
223 1320 266 1350 Et
284 1320 395 1358 eidem,
417 1330 474 1361 per
496 1321 713 1351 decidenciam
738 1323 896 1352 terrarum
922 1321 960 1352 de
981 1321 1158 1363 Drummys

108 1368 147 1399 de
177 1369 336 1410 Kippane,
358 1379 420 1410 que
444 1369 657 1401 inveniuntur
682 1370 788 1401 valere
818 1370 853 1401 in
879 1370 1014 1411 antiquo
1042 1371 1159 1402 rentali

107 1418 317 1460 quadraginta
346 1419 472 1457 solidos,
503 1423 611 1451 tamen
642 1419 832 1452 assedantur
869 1419 911 1451 ad
939 1430 1070 1461 presens
1101 1432 1158 1462 pro

106 1467 231 1499 duabus
257 1468 380 1506 marciS,
401 1468 441 1500 de
463 1479 548 1501 anno
573 1469 722 1510 compoti,
749 1469 806 1510 xiij
836 1474 858 1501 s.
883 1469 930 1510 iiij
957 1469 985 1501 d.
1031 1471 1074 1501 Et
1100 1481 1159 1512 per

107 1518 300 1558 superfluam
315 1518 536 1549 oneracionem
552 1521 709 1550 terrarum
721 1518 760 1550 de
777 1519 918 1557 CoHoch,
927 1529 963 1551 οο
975 1520 1060 1560 quod
1072 1520 1157 1552 dicte

105 1570 188 1599 terre
218 1577 283 1598 non
319 1567 523 1608 reperiuntur
559 1569 594 1600 in
631 1568 756 1606 rentafi,
787 1569 936 1610 quamvis
967 1574 1156 1611 compotans

108 1617 254 1657 superius
270 1620 420 1649 oneratur
436 1628 509 1649 cum
525 1618 654 1656 eisdem,
670 1619 701 1660 vj
719 1623 742 1650 s.
756 1619 812 1660 viij
830 1619 858 1650 d.
904 1620 947 1650 Et
969 1620 1082 1657 eidem,
1100 1631 1158 1662 per

107 1665 303 1698 solucionem
320 1666 437 1698 factam
453 1667 599 1708 serjando
615 1668 654 1699 de
671 1668 844 1710 Striveling
867 1668 901 1699 in
925 1669 1016 1700 feodo
1037 1680 1094 1701 suo
1118 1670 1157 1701 de

107 1724 191 1746 anno
207 1716 355 1756 compoti,
371 1727 415 1747 xx
431 1720 453 1747 s.
499 1717 542 1748 Et
563 1727 619 1748 sex
642 1717 794 1758 vigilibus
818 1721 850 1749 et
872 1718 930 1749 uni
952 1719 1100 1760 garitario
1122 1720 1157 1750 in

107 1767 210 1795 castro
226 1764 264 1796 de
281 1764 463 1807 Striveling‚
478 1776 535 1807 pro
552 1766 653 1798 feodis
672 1767 738 1798 suis
762 1767 801 1798 de
817 1778 900 1799 anno
917 1769 1063 1809 compoti,
1079 1780 1156 1810 quo-

107 1813 187 1844 libet
215 1814 411 1855 percipiente
440 1815 475 1846 in
505 1826 589 1847 anno
619 1816 736 1857 viginti
766 1816 891 1854 solidos,
921 1818 980 1848 sub
1015 1818 1157 1858 periculo

71 1893 75 1895 i
110 1864 331 1904 compotantis‚
347 1864 391 1905 vij
411 1864 442 1896 li.
488 1865 531 1896 Et
553 1876 610 1906 per
633 1865 828 1897 solucionem
851 1866 970 1897 factam
992 1866 1156 1899 Willelmo

107 1912 147 1945 de
163 1913 317 1951 Moravia,
329 1914 454 1945 custodi
469 1915 566 1946 castri
581 1915 620 1946 de
637 1915 820 1957 Striveling,
832 1926 889 1956 pro
906 1916 1050 1947 custodia
1062 1918 1157 1948 castri

108 1962 251 2003 ejusdem
261 1962 301 1993 de
313 1973 396 1996 anno
406 1965 619 2005 compoti,sub
631 1965 771 2006 periculo
783 1965 1110 2007 compotantis,xxxiij
1121 1966 1155 1997 fi.

106 2011 138 2051 vj
157 2015 179 2042 ἔ.
197 2011 252 2051 viij
270 2010 300 2043 d.
344 2012 387 2043 Et
401 2023 458 2053 pro
474 2013 648 2045 falcacione
664 2017 696 2045 et
712 2014 893 2045 lucracione
909 2014 975 2045 feni
993 2017 1156 2055 pratorum

107 2060 146 2091 de
163 2060 336 2102 Striveling
352 2065 384 2092 et
399 2063 495 2104 Logy,
512 2063 550 2094 (le
567 2073 650 2094 anno
667 2064 805 2104 compoti
821 2066 853 2094 et
875 2064 915 2095 de
938 2074 1002 2094 uno
1018 2065 1155 2096 termino

107 2110 296 2150 precedente
326 2110 386 2141 hoc
421 2115 613 2152 compotum,
644 2113 675 2153 vj
708 2112 740 2144 n
786 2113 828 2143 Et
858 2123 915 2152 pro
952 2113 1155 2153 reparacione

107 2163 291 2201 stagnorum
324 2160 406 2203 prati
438 2160 477 2192 de
507 2161 603 2203 Logy,
635 2162 711 2203 xxvj
740 2165 762 2192 s.
794 2162 850 2204 viij
882 2161 911 2193 d.
957 2162 998 2197 Et
1029 2162 1156 2195 duobus
