1551 2462
132 238 223 298 1465.
439 263 600 296 REGUM
625 262 870 295 SGOTORUM.
1114 265 1171 294 311

128 358 162 389 111
199 358 317 399 quibus
355 357 554 399 adjudicatus
585 359 653 388 erat
682 356 831 387 dominus
862 356 901 387 de
930 355 1088 396 Trareglis
1118 365 1175 396 pro

129 407 262 439 diversis
277 408 369 438 terris
385 407 451 439 suis
467 407 501 437 in
523 406 638 437 itinere
651 406 828 446 justiciarie
844 408 935 436 tento
955 405 1039 446 apud
1055 405 1174 435 Drum-

128 456 201 494 frez,
217 460 254 488 ut
268 459 357 498 patet
371 467 427 498 per
441 456 549 487 literas
564 455 686 486 domini
701 455 783 496 regis
800 454 859 486 sub
876 455 998 496 signeto
1009 455 1048 486 de
1063 454 1173 485 remis-

128 506 216 537 sione
242 509 383 537 ostensas
405 515 499 546 super
521 507 707 545 computum
731 504 770 535 de
794 504 888 535 dictis
911 504 1175 541 amerciamentis,

128 566 195 586 xxx
209 555 241 586 11.
285 556 328 587 Εί;
343 555 453 592 eidem,
468 565 524 595 per
539 553 738 585 consimilem
753 554 972 592 remissionem
988 554 1107 584 factam
1119 563 1176 594 per

128 605 293 636 dominum
306 612 411 645 regem
427 604 466 635 de
480 604 583 635 tribus
599 604 851 634 amerciamentis
868 603 901 633 in
918 603 1034 644 quibus
1048 602 1172 643 adjudi-

128 654 191 685 cati
206 657 296 686 erant
311 652 489 685 Heu-bertus
505 653 543 684 de
559 653 580 684 J
583 653 788 690 ohnestoune,
804 653 942 683 Thomas
966 652 1005 683 de
1029 652 1173 692 Murray,

128 703 235 735 David
250 703 289 734 de
303 702 446 744 Murray,
458 705 491 734 et
506 702 663 733 Patricius
679 702 718 733 de
734 702 877 742 Murray,
889 701 986 743 plegii
1002 712 1058 742 pro
1069 701 1176 732 Adam

129 753 167 784 de
193 752 421 789 Johnestoune,
450 754 487 783 ut
511 754 600 792 patet
629 760 686 792 per
715 751 824 782 literas
855 751 977 782 domini
1007 751 1090 791 regis
1114 751 1175 782 sub

129 802 250 843 signeto
269 805 411 833 ostensas
426 811 522 842 super
543 805 739 842 computum,
756 811 823 831 xxx
838 801 870 831 11.
917 801 960 831 Et
983 800 1097 837 eidem,
1120 811 1177 841 per

130 851 392 892 composicionem
411 851 529 882 factam
552 861 609 892 per
630 850 774 881 dominos
800 850 839 881 de
855 850 988 881 consilio
1004 860 1078 881 cum
1093 850 1176 881 Her-

129 901 218 932 berto
255 901 364 941 Irvyn,
401 900 423 931 J
425 900 549 931 ohanne
593 899 744 940 Haliday,
788 899 897 930 David
935 899 1002 936 Bel,
1040 899 1177 930 Patricio

128 950 297 991 Kennedy,
326 946 492 981 Willelmo
516 949 582 986 Bel,
612 949 768 980 Nicholao
791 949 1015 986 Falowdoune,
1039 949 1178 980 Patricio

128 999 298 1036 Dicsoune,
312 997 477 1030 Willelmo
493 998 629 1039 Tyndin,
646 1002 678 1029 et
704 998 835 1029 Andrea
859 998 945 1035 Litil,
962 998 1000 1029 de
1027 998 1177 1029 omnibus

129 1049 382 1080 amerciamentis
411 1049 446 1079 111
469 1048 585 1089 quibus
615 1048 790 1088 adjudicati
816 1048 948 1078 fuerunt
978 1048 1013 1077 in
1044 1047 1178 1080 diversis

129 1096 298 1127 itineribus
325 1096 509 1136 justiciarie,
539 1106 675 1137 quorum
704 1096 805 1136 aliqui
827 1096 1002 1136 adjudicati
1029 1099 1120 1126 erant
1146 1096 1180 1126 in

130 1146 272 1186 quinque
287 1145 548 1182 amerciamentis,
572 1145 650 1177 alii
642 1156 676 1176 111
692 1145 824 1182 duobus,
840 1149 877 1176 ut
892 1148 981 1186 patet
996 1146 1030 1175 111
1047 1145 1180 1176 diversis

130 1195 326 1226 extractibus
356 1195 545 1226 examinatis
575 1205 671 1235 super
701 1198 888 1235 computum
919 1198 951 1226 et
981 1205 1038 1235 pro
1061 1195 1178 1235 quibus
1193 1216 1357 1246 Respondebit

131 1248 319 1285 computans
345 1244 499 1285 persolvit
525 1243 650 1275 Guthre
677 1244 874 1275 thesaurario
905 1236 1014 1275 decem
1045 1247 1078 1275 et
1108 1247 1178 1275 octo
1193 1247 1294 1274 Guthre,
1307 1246 1358 1269 the-

86 1296 89 1297 ’
131 1293 237 1331 libras,
249 1304 306 1334 pro
318 1294 434 1334 quibus
449 1293 661 1334 respondebit,
675 1291 759 1334 jclfi.
807 1293 848 1324 Et
863 1293 975 1330 eidem,
992 1303 1048 1334 per
1064 1293 1178 1324 0011101-
1192 1276 1321 1335 {viij-aiii&
1332 1283 1376 1305 ΡΠ)

132 1353 226 1374 0110111
256 1343 374 1374 factam
410 1342 575 1373 Fratribus
606 1342 788 1373 Minoribus
825 1343 864 1373 de
901 1342 1084 1373 Drumfreis
1120 1353 1179 1383 pro

131 1392 272 1433 hospicio
288 1391 409 1423 domini
423 1392 444 1423 J
447 1391 581 1423 ohannis
599 1391 715 1422 Carlile
730 1391 769 1423 de
793 1391 1039 1429 Tortborwalde,
1055 1391 1178 1429 militis,

129 1441 299 1482 justiciarii
313 1441 434 1472 domini
450 1441 538 1471 ducis
561 1440 708 1478 Albanie,
723 1444 761 1471 ut
776 1444 865 1481 patet
887 1441 922 1471 in
937 1444 1084 1472 extractu
1101 1442 1179 1472 dicti

130 1491 254 1522 itineris
269 1494 395 1522 ostenso
410 1500 505 1531 super
516 1494 710 1531 computum,
721 1490 755 1521 xl
768 1494 790 1521 ἕ.
836 1491 879 1521 Et
895 1491 1104 1531 computanti,
1120 1501 1178 1531 pro

131 1540 223 1572 feodo
238 1550 294 1571 sue
310 1540 483 1571 retinencie
503 1539 564 1570 sibi
586 1549 733 1570 concesso
749 1549 804 1580 per
827 1539 994 1570 dominum
1009 1549 1116 1580 regem
1139 1539 1178 1571 de

131 1590 247 1631 viginti
275 1589 365 1620 libris
388 1588 562 1625 annuatim,
578 1588 767 1629 percipienti
791 1588 829 1619 de
855 1588 995 1620 exitibus
1019 1589 1179 1619 curiarum

132 1649 261 1670 suarum
270 1638 495 1670 senescallatus
510 1637 615 1668 Vallis
630 1637 780 1668 Anandie
796 1641 851 1669 aut
863 1638 988 1669 itineris
1002 1639 1179 1678 justiciarie

133 1688 228 1719 bauie
242 1698 306 1725 sue,
322 1687 438 1729 quibus
454 1687 675 1718 deficientibus
698 1687 738 1718 de
754 1687 893 1718 exitibus
917 1688 1077 1718 curiarum
1094 1688 1178 1719 vice-

133 1738 301 1769 comitatus
316 1737 357 1768 de
377 1736 555 1774 Drumstes,
570 1740 603 1768 et
623 1747 687 1768 11011
703 1737 742 1767 (10
766 1736 838 1767 aliis
854 1736 1032 1768 redditibus
1055 1737 1177 1768 domini

134 1787 224 1828 regis,
232 1790 269 1818 ut
284 1789 372 1828 patet
380 1797 438 1828 per
448 1786 556 1818 literas
572 1786 714 1826 ejusdem
727 1786 786 1817 sub
803 1786 927 1827 privato
940 1786 1018 1817 alias
1035 1790 1178 1817 ostensas

135 1846 229 1877 super
254 1839 448 1877 computum,
478 1839 516 1867 ut
544 1838 634 1876 patet
662 1836 697 1866 111
728 1835 841 1866 rotulis
865 1835 1116 1876 precedentibus,
1140 1836 1179 1867 de

135 1895 217 1917 anno
232 1885 380 1926 computi,
395 1895 440 1916 xx
453 1884 485 1915 11.
531 1885 573 1916 Ec
596 1885 707 1922 eidem,
723 1885 762 1916 de
781 1884 904 1915 duobus
926 1885 1180 1916 amerciamentis

135 1934 168 1965 in
178 1935 292 1975 quibus
304 1935 484 1975 adjudicata.
499 1937 567 1965 erat
578 1934 691 1965 Hawis
707 1934 848 1971 Ranwic,
861 1937 995 1970 mortua,
1009 1937 1040 1965 et
1055 1934 1180 1975 plegius

136 1984 203 2024 ejus
232 1983 384 2015 Nicolaus
413 1984 589 2021 Alansoun‚
621 1983 770 2015 similiter
800 1987 954 2020 mortuus,
984 1987 1080 2024 prout
1102 1984 1180 2015 fides

136 2032 219 2064 facta
234 2033 296 2064 fuit
311 2043 405 2074 super
419 2036 615 2074 computum,
631 2043 675 2063 xx
690 2032 723 2064 11.
768 2033 811 2063 Et
826 2032 866 2063 de
889 2032 1013 2063 duobus
1030 2033 1179 2064 amercia-

135 2082 251 2114 mentis
263 2082 296 2113 in
309 2082 424 2123 quibus
434 2082 635 2123 adjudicatus
647 2084 715 2113 erat
724 2082 746 2113 J
749 2081 865 2113 acobus
879 2081 984 2118 Burel,
997 2092 1180 2123 suspensus,

136 2134 169 2162 et
191 2130 313 2172 plegius
337 2132 405 2172 ejus
431 2132 572 2173 Rogerus
599 2130 755 2168 Wilsone,
772 2141 858 2162 nunc
874 2131 1038 2172 fugitivus,
1054 2134 1091 2162 ut
1107 2141 1180 2162 0011-

137 2179 250 2212 similis
281 2180 358 2212 fides
389 2181 474 2213 facta
504 2181 567 2212 fuit
597 2191 692 2222 super
714 2184 909 2222 computum,
933 2191 977 2211 xx
1000 2180 1031 2211 11.
1077 2181 1120 2212 Et
1140 2181 1180 2213 de
