1551 2462
149 265 239 296 1464.
458 264 619 297 REGUM
643 264 889 296 SCOTORUM.
1131 267 1192 298 279

143 357 293 397 computi,
337 357 380 388 Et
402 357 441 389 de
460 357 492 388 xl
509 357 542 390 li.
559 357 597 389 de
620 358 719 389 firmis
742 360 900 389 herrarum
923 357 962 389 (16
985 357 1137 389 Hethane
1160 361 1193 389 eb

144 405 343 438 Smalehame
366 407 404 438 de
420 407 540 439 eisdem
564 407 715 439 terminis.
760 408 803 438 Et
826 407 865 439 de
889 406 923 437 xl
938 407 969 438 li.
995 407 1033 438 de
1057 408 1192 448 piscaria

143 465 223 496 aque
246 456 285 488 de
307 456 449 488 Annand
472 457 511 488 de
534 458 627 489 dicbis
650 457 804 489 terminis.
850 458 894 488 Et
916 456 955 488 de
979 456 1037 497 xiij
1062 456 1093 487 H.
1118 458 1149 497 vj
1167 461 1190 488 6.

142 505 198 546 viij
215 505 244 537 d.
268 506 307 537 de
329 506 430 538 firmis
445 510 603 538 'nerrarum
619 507 658 538 de
682 506 849 538 Ferisland
872 516 929 547 per
952 506 1038 537 idem
1054 509 1189 547 bempus.

143 553 188 585 E‘n
203 554 241 586 de
265 556 341 596 xxvj
366 560 388 588 S.
412 557 468 597 viij
493 556 521 588 d.
545 556 585 588 de
601 556 700 588 firmis
723 560 883 588 terrarum
906 555 944 587 de
961 556 1048 586 Pihil
1059 559 1092 587 et
1109 556 1191 587 Cok-

142 603 225 636 lakis
240 615 297 646 per
310 605 396 637 idem
412 609 546 647 tempus.
592 606 635 637 Et
657 606 696 637 de
711 606 768 647 viij
792 605 824 636 n.
842 605 880 636 de
904 605 1004 637 firmis
1020 605 1137 647 fogagii
1153 606 1192 637 de

143 653 323 686 Wodcokar
338 659 370 686 et
381 655 410 687 16
427 656 514 687 Verd
530 656 678 687 Nemoris
694 655 837 696 ejusdem
853 655 892 686 de
908 655 1027 686 eisdem
1037 655 1192 687 terminis.

142 703 186 735 Et
200 704 239 736 de
254 705 331 746 xxvj
349 709 371 737 ἓ.
388 705 444 747 vijj
461 705 490 737 d.
508 706 607 737 annui
628 706 771 737 reddibus
787 705 826 736 de
848 705 881 736 N
883 704 1050 742 orthfeldQ
1066 715 1128 746 que
1144 708 1192 736 esi:

143 754 319 795 proprietas
335 755 492 793 Anandie,
508 756 547 787 de
563 756 657 787 dietis
673 756 828 787 herminis.
875 755 918 786 Et
929 755 968 786 de
984 755 1040 795 xiij
1058 759 1080 786 6.
1097 755 1144 796 iiij
1161 755 1190 786 d.

142 803 181 835 de
196 804 295 836 firmis
311 804 446 836 duarum
463 816 607 837 aerarum
622 806 781 837 dictarum
796 805 828 837 16
844 804 960 836 Baillie
976 804 1015 836 de
1031 804 1192 836 Annande

138 854 233 894 juxta
247 854 367 886 dictam
383 855 502 893 villam,
518 859 550 886 et]
567 855 698 887 alterius
714 865 785 886 acre
800 855 894 896 juxta
909 854 1084 885 Northfeld
1106 854 1191 886 dicte

142 902 256 934 Preoab
272 903 364 941 Aere,
379 904 419 935 de
434 904 528 936 dictis
544 904 697 936 terminis.
742 905 785 935 Et
800 904 839 936 de
855 904 889 934 xl
901 908 925 936 6.
937 904 976 935 (16
993 904 1091 935 firmis
1107 907 1192 943 terre

143 951 182 983 de
198 953 382 994 Brigholme
398 954 437 985 de
452 953 545 985 dictis
561 954 715 985 terminis.
761 954 804 984 En
826 953 866 984 de
882 954 958 994 xxvj
977 957 1000 985 6.
1018 953 1075 994 viij
1093 953 1121 984 d.
1134 964 1192 994 per

141 1002 363 1035 vendicionem
378 1007 516 1044 quatuor
536 1004 662 1045 parium
677 1003 849 1035 calcarium
872 1003 1096 1034 deauratorum
1119 1003 1191 1035 albe

143 1051 233 1083 firme
257 1055 412 1084 terrarum
427 1053 466 1084 de
490 1053 682 1094 Springkeld
698 1052 737 1084 de
760 1053 880 1084 eisdem
895 1053 1047 1084 terminis.
1093 1053 1136 1083 Et
1152 1053 1191 1084 de

143 1100 190 1141 iiij
207 1101 236 1132 d.
254 1101 324 1133 albe
339 1102 430 1133 firme
445 1106 529 1134 terre
545 1103 583 1134 de
600 1102 706 1133 Hortis
722 1102 895 1143 specbantis
911 1102 1054 1133 Johanni
1069 1103 1190 1134 «1011116-

144 1153 257 1182 stoune
274 1151 313 1182 de
335 1151 429 1183 dictis
452 1152 552 1183 annis.
599 1152 731 1183 Summa
753 1151 850 1193 hujus
873 1152 986 1190 oneris,
998 1151 1025 1192 j⁰
1047 1151 1139 1193 xlviij
1156 1151 1188 1183 fi.

143 1199 190 1241 iiij
207 1200 236 1232 d.

187 1250 280 1286 Item,
304 1250 388 1282 idem
415 1254 525 1282 onerat
549 1261 582 1282 se
606 1250 646 1282 de
670 1251 769 1282 firmis
795 1253 953 1282 terrarum
981 1251 1021 1282 de
1043 1251 1187 1293 Hougill,

144 1299 354 1330 existenoium
380 1301 414 1331 in
438 1301 586 1332 manibus
610 1301 692 1340 regis
717 1300 756 1331 de
780 1301 873 1332 annis
896 1301 1048 1342 computi,
1071 1301 1190 1333 saisina

141 1400 224 1429 terre
240 1399 279 1430 de
295 1399 549 1436 Libildawtoune,
566 1399 682 1431 saisina
705 1399 852 1430 similiber
868 1410 932 1430 non
948 1403 1134 1440 recuperata
1150 1401 1189 1432 (16

141 1447 262 1479 eisdem
278 1448 317 1480 de
333 1449 426 1480 dictis
442 1448 595 1480 terminis.
640 1449 683 1479 Et
706 1448 745 1480 de
761 1448 795 1479 xl
818 1453 840 1480 6.
858 1449 897 1480 (16
913 1449 1012 1480 firmis
1029 1456 1189 1481 certarum

143 1507 288 1529 acrarum
303 1498 380 1529 ville
403 1498 441 1529 de
464 1498 553 1529 Driff
571 1498 789 1539 speetaneium
812 1498 982 1529 heredibus
1006 1499 1130 1530 domini
1149 1500 1188 1531 de

142 1546 320 1589 Blewmery
355 1548 395 1580 de
430 1548 523 1579 dictis
557 1548 656 1579 annis.
702 1548 745 1578 Et
782 1547 821 1579 de
859 1548 913 1589 xvj
947 1548 981 1580 h'.
1011 1548 1051 1580 de
1087 1550 1188 1581 firmis

139 1599 295 1628 terrarum
310 1597 349 1629 de
364 1597 566 1639 Tonne‘rga‘ch
589 1597 806 1638 speotaneium
823 1597 862 1628 ad
877 1597 1009 1628 heredes
1025 1598 1188 1638 quondam

142 1646 324 1679 Scheriflaw
347 1648 385 1679 de
409 1647 502 1679 dictis
525 1650 662 1688 quatuor
685 1647 786 1684 annis,
802 1657 864 1687 que
887 1647 998 1678 valent
1020 1649 1189 1680 annuatim

142 1699 277 1736 quatuor
291 1697 397 1734 libras,
413 1696 560 1728 similiizer
575 1697 610 1727 in
625 1696 731 1727 warda
747 1696 965 1727 existeneium.
1005 1696 1048 1727 Et
1063 1697 1102 1728 de
1118 1708 1140 1729 v
1155 1698 1188 1730 hi

140 1745 171 1786 vj
189 1750 212 1777 ἔ.
229 1746 284 1787 viij
301 1746 330 1777 (1.
348 1746 386 1778 (16
401 1747 501 1777 firmis
524 1749 681 1777 terrarum
704 1745 743 1776 de
765 1745 897 1786 Dainby
920 1746 1132 1778 existencium
1153 1748 1188 1778 111

140 1795 246 1826 warda
269 1806 325 1837 per
351 1796 452 1827 dictos
476 1806 583 1827 annos.
629 1795 672 1826 Et
690 1795 729 1825 de
753 1795 854 1836 xxviij
879 1799 902 1826 6.
927 1806 948 1825 x
971 1795 999 1826 d.
1025 1795 1064 1827 de
1087 1797 1188 1828 firmis

142 1844 277 1876 duarum
293 1849 506 1877 mareatarum
521 1848 603 1877 terre
619 1844 654 1875 in
669 1844 748 1875 villa
764 1844 803 1875 de
818 1844 949 1885 Dainby
962 1848 994 1875 et
1004 1845 1120 1886 viginti
1131 1856 1187 1877 sex

142 1894 376 1926 denariatorum
396 1899 479 1927 terre
505 1896 539 1926 in
564 1894 706 1932 Moffate,
727 1894 793 1935 regi
816 1894 932 1925 debitis
955 1905 1012 1935 per
1035 1895 1188 1927 saisinam

141 1944 248 1976 datam
263 1945 384 1986 Agnessi
407 1945 492 1977 Stele
515 1945 554 1976 de
577 1944 704 1976 eisdem.
751 1944 794 1975 Et
816 1944 855 1975 de
870 1944 891 1984 ij
909 1944 988 1975 rosis
1005 1945 1111 1976 rubeis
1128 1956 1187 1987 per

140 1993 391 2035 duplieacionem
417 1994 487 2025 albe
503 1994 594 2025 firme
617 1997 700 2025 terre
723 1993 763 2024 de
787 1993 931 2034 Newbey
955 2004 1012 2034 per
1034 1995 1187 2027 saisinam

138 2042 245 2074 datam
261 2044 398 2075 Roberto
415 2044 516 2085 Corry
531 2044 569 2075 de
586 2043 713 2075 eisdem.
761 2043 804 2073 Et
819 2043 858 2074 de
874 2042 905 2083 vj
928 2043 960 2074 fi.
977 2043 1033 2084 xiij
1052 2048 1074 2075 6.
1092 2045 1139 2086 iiij
1156 2045 1184 2076 d.

138 2092 176 2124 de
192 2093 291 2124 firmis
307 2093 443 2124 duarum
466 2093 609 2134 parcium
624 2096 781 2123 terrarum
797 2092 835 2123 de
852 2092 1026 2129 Hallathis,
1043 2094 1185 2126 existen·
1198 2078 1266 2131 ἓξὲξ
1276 2079 1379 2138 {sspffl'}

137 2142 222 2174 cium
238 2142 271 2173 in
286 2143 434 2174 manibus
450 2143 532 2184 regis
548 2153 603 2183 per
619 2142 762 2183 spacium
777 2141 873 2172 unius
889 2142 974 2179 anni,
987 2143 1104 2174 saisina
1120 2154 1184 2176 non

138 2196 320 2233 recuperata
336 2193 375 2224 de
391 2192 517 2224 eisdem.
563 2192 606 2223 Et
621 2192 660 2223 de
676 2192 697 2232 ij
722 2191 812 2222 libris
835 2191 953 2232 piperis
969 2202 1025 2233 per
1041 2193 1183 2235 duplica-
