1551 2462
156 228 246 258 1462.
466 228 627 260 REGUM
651 229 897 262 SCOTORUM.
1143 235 1202 264 133

153 319 360 360 recipiuntur,
384 331 467 352 nova
497 321 611 353 ferlota
641 332 715 353 cum
746 333 810 364 qua
839 334 938 364 grana
962 324 1147 356 venduntur
1172 328 1204 357 et

152 369 377 408 deliberantur,
400 371 441 402 ad
471 372 686 413 quantitatem
717 370 813 404 unius
843 373 928 404 boile
959 373 999 404 de
1030 374 1136 405 celdra
1163 375 1203 406 de

152 419 246 452 dictis
269 421 452 462 quindecim
476 422 590 453 eeldris
614 422 765 460 venditis,
782 433 826 453 xv
849 423 933 454 bolle
950 423 1114 455 frumenti.
1159 425 1203 455 Et

151 468 262 507 eidem,
278 480 335 511 pro
350 470 381 502 le
396 470 485 502 inlak
502 471 620 512 viginti
636 472 814 503 celdrarum
829 472 984 504 frumenti
1001 483 1073 504 cum
1085 473 1201 514 quibus

150 523 335 560 compotans
365 521 510 561 superius
541 523 699 559 oneratur,
729 521 906 553 locatarum
929 522 964 553 in
990 523 1135 563 granario
1163 524 1202 555 de

149 565 276 610 Kynlos
307 573 339 602 et
368 570 488 602 ibidem
518 581 575 612 pro
606 571 720 612 majori
749 576 839 612 parte
875 573 1115 604 remaneneium
1145 583 1202 614 per

148 622 275 660 tempus
292 621 464 662 compoti‚j
490 621 596 652 celdra
619 621 665 662 iiij
692 621 784 653 boile.
830 622 873 652 Et
895 632 952 663 per
974 621 1201 653 liberacionem

149 669 266 701 factam
310 671 495 702 Alexandro
540 671 707 712 Flemyng,
753 671 989 702 constabulario
1028 672 1124 703 castri
1162 672 1200 703 de
1214 687 1410 717 Computandum

148 718 314 760 Invernys,
331 720 370 752 de
385 720 535 752 mandato
552 721 674 752 domini
689 721 770 762 regis
793 721 967 752 literatorio
984 721 1043 752 sub
1067 722 1199 763 signeto,
1213 719 1351 770 2³&ssssng

148 770 343 810 compotanti
374 769 501 808 directo,
532 770 572 801 ad
603 771 846 802 deliberandum
877 771 981 802 eidem
1016 771 1198 803 Alexandro
1213 776 1330 806 Fleming-

147 817 226 849 duas
256 819 378 850 eeldras
405 819 522 851 farrine
549 830 605 861 pro
632 820 817 852 municione
840 820 918 852 dicti
942 821 1038 852 castri
1062 824 1095 852 et
1123 822 1199 862 quia

147 867 270 898 nullam
294 865 351 909 pro
375 872 454 900 tunc
478 869 770 901 habiiit·far1·inam
797 870 831 900 in
853 870 1002 901 manibus
1029 871 1104 908 suis,
1129 871 1199 912 ipso

145 916 330 949 Alexandro
360 929 417 959 per
447 919 601 960 scriptum
633 929 728 950 suum
757 920 879 951 fatente
909 923 1073 961 receptum
1105 931 1200 961 super

145 971 338 1008 compotum,
353 970 385 1009 xj
402 968 487 1000 boile
510 969 672 1006 frumenti,
689 979 785 1010 super
808 969 925 1010 quibus
942 970 1197 1010 computandum

146 1020 195 1048 est
210 1028 282 1048 cum
299 1018 384 1049 dioto
399 1018 593 1049 Alexandro.
640 1019 771 1049 Summa
781 1029 1003 1059 expensarum,
1020 1019 1074 1059 xxj
1094 1019 1197 1050 celdre
1211 1027 1297 1051 Debet,

147 1067 215 1107 xiiij
234 1067 325 1099 boile.
371 1068 413 1098 Et
429 1068 474 1099 sic
489 1071 612 1099 restant
627 1078 672 1098 xv
687 1068 792 1099 eeldre
807 1068 864 1108 viij
882 1068 968 1099 bolle
983 1068 1018 1108 iij
1036 1078 1137 1109 pecce.

190 1117 283 1155 Item,
306 1117 391 1149 idem
407 1121 518 1148 onerat
540 1127 573 1148 se
597 1118 635 1149 de
653 1118 683 1158 xj
709 1117 824 1149 celdris
840 1118 861 1158 ij
888 1117 1011 1148 ferlotis
1035 1118 1124 1148 ordei
1139 1128 1198 1158 per
1213 1128 1352 1160 ordeum
1370 1133 1401 1160 et

146 1168 302 1208 arreragia
324 1168 431 1198 ultimi
455 1168 594 1208 compoti
619 1168 679 1205 sui,
702 1170 739 1198 ut
765 1170 854 1208 patet
878 1167 912 1197 in
937 1167 1018 1207 pede
1045 1167 1195 1207 ejusdem.
1211 1172 1367 1204 Brasium,

148 1216 280 1248 Summa
295 1218 444 1258 arreragii
467 1221 562 1258 patet.
609 1218 703 1254 Item,
726 1217 812 1248 idem
828 1220 938 1248 onerat
953 1227 987 1248 se
1003 1217 1042 1248 de
1059 1217 1112 1257 xvj
1131 1217 1194 1248 cel-

148 1266 213 1297 dris
229 1267 316 1298 ordei
333 1267 371 1298 de
395 1267 492 1298 tercia
508 1269 598 1307 parte
620 1267 755 1298 dominii
778 1267 817 1298 de
843 1267 979 1307 Duffoys
1004 1267 1043 1297 de
1071 1267 1196 1298 duobus

146 1316 292 1347 terminis
317 1316 427 1347 Sancti
450 1317 586 1347 Martini
608 1317 693 1348 infra
715 1317 775 1347 hoe
803 1319 987 1357 compotum
1014 1327 1194 1357 granorum.

145 1365 188 1395 Et
203 1365 242 1396 de
260 1366 315 1406 xxj
332 1366 445 1397 celdris
461 1366 483 1406 ij
501 1365 595 1397 bollis
606 1366 692 1397 ordei
708 1370 741 1397 et
753 1366 850 1397 brasii
866 1366 905 1396 de
920 1366 1021 1396 firmis
1037 1369 1195 1397 terrarum

145 1415 183 1446 de
198 1415 428 1446 Ardmannoch
451 1414 490 1446 de
513 1415 632 1446 eisdem
655 1416 808 1447 terminis.
855 1415 897 1446 Et
920 1415 959 1446 de
982 1415 1016 1456 iij
1042 1415 1156 1447 eeldris
1174 1426 1196 1447 v

143 1464 236 1496 bouis
249 1465 262 1505 j
275 1465 390 1496 ferlota
405 1465 444 1496 de
460 1464 559 1495 firmis
572 1465 649 1496 ville
661 1465 700 1496 de
713 1465 841 1506 Kyntra
857 1465 1028 1496 comitatus
1040 1465 1195 1503 Moravie,

147 1514 277 1555 dempta
306 1514 405 1546 tercia
435 1514 588 1555 ejusdem,
618 1514 657 1546 de
688 1515 808 1546 eisdem
846 1514 999 1545 terminis.
1062 1515 1194 1546 Summa

143 1564 251 1595 totalis
267 1564 355 1596 ordei
371 1567 403 1595 et
418 1564 515 1595 brasii
538 1574 611 1595 cuni
627 1564 801 1606 arreragiis,
824 1563 848 1604 lj
873 1563 978 1595 celdre
994 1564 1038 1605 vij
1057 1564 1141 1596 bolle
1156 1565 1192 1605 iij

141 1614 263 1646 ferlote.

184 1664 332 1705 Expense
358 1663 508 1704 ejusdem.
555 1664 596 1694 In
618 1664 739 1704 primis,
756 1663 890 1695 allocate
913 1664 1110 1704 compotanti
1136 1674 1193 1704 per

142 1713 364 1745 vendicionem
394 1713 578 1754 quindecim
605 1713 784 1744 celdrarum
814 1713 901 1744 ordei
932 1716 964 1743 et
994 1713 1090 1744 brasii
1118 1723 1192 1744 cum

140 1773 275 1804 quarum
290 1763 434 1804 pecuniis
457 1766 643 1803 compotans
666 1763 811 1804 superius
834 1765 993 1799 oneratur,
1016 1773 1060 1792 xv
1076 1762 1190 1793 celdre.

140 1813 183 1843 Et
198 1812 310 1849 eidem,
325 1822 381 1853 per
393 1812 609 1850 decidenciam
621 1822 768 1843 mensure
782 1812 914 1852 antique
930 1822 1003 1842 cum
1020 1822 1083 1852 qua
1099 1812 1190 1842 firma

138 1872 309 1904 granorum
324 1861 446 1892 domini
461 1861 542 1902 regis
559 1861 720 1902 recipitur,
737 1872 798 1902 que
815 1862 920 1891 minor
937 1864 985 1891 est
1001 1871 1085 1899 nova
1100 1871 1189 1892 men-

139 1922 214 1943 sura
244 1921 317 1942 cum
343 1921 407 1951 qua
430 1921 529 1952 grana
555 1910 773 1942 deliberantur
798 1910 978 1941 ementibus
1008 1920 1065 1950 per
1090 1920 1189 1941 unam

138 1960 256 1992 bollam
273 1960 312 1992 de
328 1960 442 1998 celdra,
465 1956 608 1991 xv'bolle
627 1960 715 1991 ordei
739 1963 771 1991 et
786 1960 890 1990 brasii.
937 1959 980 1989 Et
1002 1959 1115 1995 eidem,
1130 1969 1188 1999 pro

138 2010 229 2041 inlak
256 2010 414 2041 dictorum
437 2010 524 2041 ordei
547 2012 579 2041 et
601 2010 699 2041 brasii
721 2010 899 2041 locatorum
926 2009 960 2038 in
983 2009 1128 2048 granario
1152 2012 1189 2040 ut

138 2070 234 2100 supra
249 2059 283 2090 in
295 2062 440 2100 compoto
453 2059 615 2097 frumenti,
629 2060 642 2100 j
661 2059 773 2090 celdra.
821 2059 951 2089 Summa
968 2068 1187 2098 expensarum,

138 2109 192 2149 xvj
211 2108 314 2140 celdre
329 2119 373 2140 xv
388 2108 479 2139 boile.
526 2110 568 2140 Et
583 2110 628 2140 sic
644 2112 766 2140 restant
778 2108 891 2148 xxxiiij
911 2107 1015 2138 eeldre
1030 2107 1086 2146 viij
1103 2107 1187 2139 boile

138 2158 172 2199 fij
197 2158 315 2190 ferlote.
361 2158 412 2190 De
434 2158 560 2199 quibus,
575 2158 716 2200 pendent
732 2168 826 2198 super
849 2157 998 2188 comitem
1021 2156 1132 2189 Rossie
1148 2157 1188 2189 de
