1551 2462
327 305 388 335 470
639 303 805 336 ROTULI
829 303 1066 336 SCACCARH
1289 307 1303 335 1
1310 306 1348 335 46
1355 304 1380 335 7.

325 395 364 427 (16
391 396 600 438 Drumquhin
630 400 663 428 et
693 396 866 438 Myltoune
897 397 936 428 (16
963 407 1048 428 anno
1075 396 1226 438 computi.
1272 397 1315 428 Et
1343 397 1382 428 de

324 448 380 489 viij
399 448 429 479 fi.
447 452 529 480 terre
545 449 584 480 (16
602 449 815 480 Casteltoune.
862 449 904 480 Ee
928 449 966 480 (16
990 449 1024 480 xl
1041 453 1063 480 5.
1082 452 1164 480 terre
1177 449 1215 480 de
1231 448 1262 480 16
1278 449 1381 480 Kerse

325 497 363 529 de
379 498 589 539 Drumquhin
613 509 687 530 cum
703 499 888 530 molendino
912 502 944 531 et
967 503 1058 540 prato
1082 499 1238 540 ejusdem.
1284 499 1327 530 Et
1343 499 1382 530 de

323 558 346 578 v
361 548 393 579 h'.
411 549 443 589 vj
462 553 484 579 5.
501 548 557 588 viij
582 548 611 580 d.
629 552 711 580 terre
736 549 774 580 (16
797 549 916 580 Lekko.
962 550 1005 580 Et
1028 549 1067 580 (16
1084 550 1161 590 xxvj
1180 553 1203 581 5.
1220 549 1277 590 viij
1294 549 1324 580 d.
1341 549 1381 580 de

323 596 354 628 16
370 597 446 628 Tale
463 597 502 628 (16
525 598 643 629 Lekko.
689 598 732 629 Et
752 598 791 629 de
814 598 870 639 viij
895 598 926 629 fi.
951 602 1035 630 terre
1059 598 1098 630 de
1120 598 1151 630 16
1175 599 1265 630 Gask
1287 598 1378 640 regis.

323 647 366 677 Et
383 646 421 678 de
436 647 470 687 iij
488 647 520 678 fi.
537 651 620 679 terre
636 647 675 678 (16
692 648 830 688 Carogle.
877 648 919 679 Et
932 648 971 679 (16
982 649 1013 689 vj
1031 648 1063 679 fi.
1081 652 1163 679 terre
1177 648 1215 679 de
1228 647 1378 679 Balmuk.

322 749 406 776 terre
423 745 462 777 (16
475 746 676 787 Inueryelde.
715 747 757 777 Et
770 746 808 777 de
825 757 845 777 v
860 746 892 778 11.
905 750 989 778 terre
1005 747 1044 778 de
1057 747 1228 778 Finbalach
1239 747 1278 778 de
1294 747 1379 779 dieto

324 807 415 828 anno.
461 798 503 828 Et
520 798 558 829 (16
573 808 596 828 v
611 798 641 829 fi.
660 799 691 839 vj
717 802 740 829 5.
757 799 813 839 viij
838 798 867 830 d.
892 801 974 830 terre
998 798 1038 829 (16
1062 798 1232 840 Kingarth.
1278 799 1320 830 Et
1340 798 1379 830 de

323 846 358 887 iij
375 846 407 877 ti.
424 850 506 878 terre
523 847 562 878 de
578 847 669 888 Lurg.
716 848 759 878 Et
775 848 813 878 de
829 847 876 888 liij
895 852 917 879 5.
935 848 981 889 iiij
999 847 1028 879 d.
1045 851 1127 879 terre
1144 848 1183 879 de
1199 848 1228 880 16
1246 848 1326 880 Ross
1340 848 1378 880 (16

323 896 500 927 Fintalaoh.
547 897 590 927 Et
605 897 645 928 (16
661 897 717 938 viij
742 897 774 930 fi.
797 901 880 929 terre
903 898 942 928 de
965 897 1234 939 Tulibanquhare.
1281 899 1324 929 Et
1340 898 1380 929 de

323 945 390 986 xxij
407 945 439 976 fi.
457 949 539 977 terre
556 945 594 977 de
612 946 793 978 Dundurne
809 946 847 977 de
871 956 955 977 anno
980 947 1130 987 computi.
1177 948 1219 978 Et
1235 947 1274 978 de
1290 947 1325 988 iij
1344 947 1376 979 fi.

322 995 354 1035 vj
372 999 394 1026 5.
411 995 468 1036 viij
485 995 515 1027 d.
533 998 616 1026 terre
632 995 671 1026 (16
687 995 717 1026 16
741 996 825 1027 Porb.
872 996 914 1028 Et
938 996 976 1027 (16
993 996 1027 1026 xl
1050 1000 1073 1028 5.
1090 1001 1173 1028 terre
1190 997 1229 1028 de
1245 997 1378 1029 Morale.

322 1044 364 1075 Et
391 1044 430 1076 de
456 1045 488 1085 vj
515 1044 546 1077 fi.
573 1045 629 1085 xiij
657 1049 679 1076 5.
704 1045 750 1086 iiij
779 1045 807 1076 d.
832 1045 871 1077 de
896 1045 1100 1078 Glentarcan.
1145 1047 1188 1077 En
1212 1046 1252 1077 (16
1275 1057 1320 1077 xx
1344 1046 1377 1078 fi.

321 1099 480 1125 terrarum
497 1095 535 1126 (16
553 1095 747 1136 Glenbethy,
771 1095 928 1136 Arbethy,
945 1095 1110 1137 Glenogle,
1131 1099 1163 1127 et
1179 1096 1377 1136 Auehinray.

322 1144 365 1175 Et
380 1145 418 1175 de
434 1145 481 1185 liij
499 1149 521 1176 5.
539 1145 585 1185 iiij
603 1144 631 1175 d.
656 1148 739 1176 terre
763 1144 802 1175 (16
825 1144 987 1186 Brigiand.
1035 1145 1076 1176 Et
1100 1145 1140 1176 (16
1162 1146 1209 1186 liij
1233 1150 1255 1177 5.
1273 1145 1320 1186 iiij
1346 1145 1376 1177 (Ῐ.
1426 1176 1429 1178 .

321 1198 404 1225 terre
421 1194 459 1225 de
475 1195 505 1226 16
522 1195 624 1226 Toffls
641 1195 681 1226 de
706 1195 923 1237 Drumquhin.
968 1195 1011 1225 Et
1034 1195 1073 1226 de
1089 1205 1111 1226 v
1133 1195 1165 1226 fi.
1184 1195 1214 1236 vj
1232 1199 1256 1227 5.
1273 1195 1329 1236 viij
1348 1194 1379 1226 ἃ.

323 1342 379 1383 xiij
395 1347 416 1374 5.
430 1343 476 1383 iiij
491 1342 520 1374 d.
533 1346 616 1374 terre
634 1343 672 1374 de
689 1343 887 1374 Thomknok.
927 1343 970 1374 Ec
986 1343 1025 1374 de
1041 1354 1062 1374 x
1080 1347 1103 1374 5.
1121 1343 1221 1374 annui
1232 1343 1378 1374 redditus

322 1395 404 1423 terre
421 1392 460 1431 (16
480 1392 675 1433 Dunglasoh.
721 1392 764 1423 Et
780 1392 818 1423 (16
836 1392 925 1433 xxxij
950 1392 982 1424 fi.
1000 1396 1083 1424 terre
1103 1392 1141 1423 (16
1158 1392 1323 1424 Kiukellis
1340 1392 1378 1423 de

322 1492 379 1531 xiij
398 1496 420 1522 5.
438 1492 485 1532 iiij
510 1492 549 1529 d„
565 1495 724 1523 terrarum
749 1492 787 1523 de
811 1492 898 1523 Esbir
921 1495 953 1523 et
976 1492 1098 1523 Westir
1121 1492 1221 1523 Crefis
1237 1492 1276 1523 de
1292 1492 1378 1523 dicto

322 1552 414 1573 anno.
460 1542 502 1572 Ec
519 1542 558 1572 (16
574 1542 651 1582 xxvj
677 1546 699 1572 5.
717 1541 773 1582 viij
791 1541 819 1572 d.
836 1541 876 1572 de
899 1541 929 1572 16
953 1541 1116 1572 Brodland
1138 1541 1176 1573 de
1195 1542 1288 1573 Creif.
1334 1542 1378 1572 Et

323 1591 362 1622 de
379 1601 400 1622 v
415 1590 447 1622 fi.
463 1594 546 1622 terre
563 1591 602 1623 de
619 1591 780 1631 Drummy
796 1595 828 1622 et
845 1591 1062 1631 Fauquhelye.
1109 1591 1152 1622 Et
1167 1591 1207 1622 de
1223 1591 1285 1623 vh'.
1303 1592 1334 1632 vj
1352 1596 1376 1623 5.

321 1641 378 1681 viij
397 1640 424 1674 d,
442 1644 525 1672 terre
541 1641 580 1672 (16
596 1640 737 1681 Buthny.
784 1640 826 1670 Er.
849 1640 888 1671 de
911 1640 946 1680 iij
963 1640 994 1671 fi.
1019 1640 1051 1680 vj
1069 1644 1091 1673 5.
1116 1641 1174 1681 viij
1192 1640 1220 1672 d.
1238 1644 1320 1672 terre
1336 1641 1377 1672 de

322 1690 610 1731 Lettorbannoehy.
657 1690 700 1722 En
716 1690 755 1721 de
771 1700 792 1720 x
815 1689 847 1722 fi.
872 1689 911 1722 de
935 1689 1120 1720 molendino
1143 1689 1183 1721 (16
1206 1690 1374 1731 Mulynab.

323 1740 366 1771 Et
382 1740 421 1771 de
437 1740 502 1772 xH‘.
528 1740 584 1781 xiij
610 1743 631 1771 5.
656 1739 702 1780 iiij
729 1739 756 1772 d.
775 1742 930 1770 terrarum
955 1739 994 1769 de
1018 1738 1232 1771 Ouchtertire.
1279 1740 1322 1770 Et
1337 1740 1376 1770 de

322 1800 344 1820 v
359 1790 390 1820 fi.
408 1790 447 1821 (16
463 1790 561 1821 firmis
578 1789 754 1821 molendini
771 1789 809 1820 de
828 1788 1059 1821 Aberlednoch.
1106 1788 1149 1819 Et
1169 1789 1208 1820 de
1224 1789 1270 1830 iiij
1287 1788 1318 1820 fi.
1337 1789 1376 1820 (16

322 1840 422 1871 firmis
450 1844 532 1872 terre
559 1840 598 1871 (16
625 1840 765 1871 Raterne
795 1839 834 1870 de
858 1838 996 1870 termino
1027 1838 1250 1870 Pentichostes
1278 1838 1376 1879 hujus

323 1890 475 1931 computi,
488 1900 551 1931 que
567 1893 658 1921 erant
673 1889 707 1922 111
723 1889 872 1921 manibus
895 1888 1058 1930 quondam
1074 1888 1206 1919 Roberti
1222 1889 1375 1930 Cunyng-

323 1939 399 1970 ham
426 1940 465 1970 de
494 1939 726 1980 Auchinbowy,
742 1942 775 1970 et
803 1949 889 1970 nunc
914 1941 1120 1970 revertuntur
1144 1938 1184 1969 ad
1211 1948 1317 1979 regem
1344 1942 1376 1969 et

323 1992 400 2020 sunt
416 1989 454 2020 (16
470 1989 663 2030 proprietate
679 1988 717 2020 de
735 1988 978 2031 Strathernffisst
993 1988 1103 2019 valent
1119 1988 1288 2018 annuahim
1303 1992 1374 2019 octo

322 2038 427 2070 libras.
474 2039 516 2069 Et
532 2039 571 2070 (16
587 2039 619 2079 xj
638 2038 749 2069 martis
766 2037 861 2068 dictis
884 2037 1115 2068 martefodessis
1139 2037 1311 2068 comitatus
1334 2037 1375 2069 de

324 2088 510 2119 Stratherne
528 2088 566 2119 (16
582 2087 719 2119 termino
737 2087 844 2118 Sancti
863 2086 1000 2117 Martini
1016 2086 1113 2127 hujus
1130 2087 1282 2127 computi,
1299 2087 1375 2128 quia

322 2140 401 2168 tuno
413 2137 583 2168 solvuntur
598 2142 732 2168 tantum.
780 2136 914 2169 Summa
929 2136 1026 2178 hujus
1043 2136 1155 2173 oneris,
1167 2135 1328 2177 iij⁰lxxxvj
1342 2136 1373 2168 ri.

323 2188 357 2228 iij
375 2191 398 2218 5.
415 2187 461 2228 iiij
479 2187 507 2218 d.
1315 2214 1325 2218 -

367 2237 460 2274 Item,
476 2237 562 2268 idem
578 2239 689 2268 onerat
705 2247 738 2268 se
755 2236 793 2268 de
805 2235 855 2278 j⁰v
869 2235 900 2267 fi.
919 2236 978 2276 xiij
997 2240 1020 2267 5.
1038 2235 1083 2277 iiij
1102 2235 1130 2267 d.
1147 2235 1185 2267 de
1200 2235 1373 2276 (ξι-6661111116
