1551 2462
81 236 171 265 1463.
389 232 550 264 REGUM
574 231 818 264 SCOTORUM.
1065 232 1101 263 17
1108 234 1124 262 5

78 326 190 363 eidem,
211 336 266 366 per
289 325 483 357 solucionem
506 325 625 356 factam
648 324 826 365 Mergarete
850 324 889 355 de
913 323 1062 355 Balfoure
1086 324 1126 355 ad

79 375 209 406 cofferas
240 375 367 406 domine
397 375 513 416 regine,
543 374 674 405 custode
704 374 823 414 privati
853 374 950 415 sigilli
986 377 1126 404 testante

80 428 243 466 receptum
266 435 361 465 super
383 427 574 465 compotum,
597 423 747 454 videlioeb
770 424 809 454 de
833 423 939 454 warda
968 426 1126 454 terrarum

81 474 203 505 domini
228 473 386 505 Willelmi
408 473 447 504 de
469 473 616 504 Moravia
638 473 677 504 de
700 472 895 510 Tulibardin,
919 472 957 503 de
981 472 1126 503 terminis

79 523 307 554 Pentechostes
330 526 362 553 et,
385 522 494 553 Sancti
523 522 658 553 Marbini
680 522 715 552 in
738 532 822 553 anno
845 524 902 553 etc.
931 522 1126 562 sexagesimo
1140 518 1304 570 {421³}ssssssst

80 572 228 609 secundo,
238 572 281 613 xlj
293 572 326 604 11.
335 572 367 613 vj
381 575 404 603 s.
418 572 473 612 viij
485 571 524 609 (1.,
539 581 595 612 pro
607 571 724 612 quibus
736 571 948 612 respondebih.
996 571 1128 602 Summa
1141 555 1260 600 Baissm-e.

80 624 177 664 hujus
199 634 347 664 expense,
371 621 465 664 j0xxx
491 622 522 654 11.
546 623 602 663 viij
631 627 654 654 s,
681 622 703 664 ij
732 622 761 654 d.
807 623 850 653 Et
872 623 917 654 sic
937 625 1059 654 restant]
1081 622 1129 663 iij⁰

80 673 183 704 lxxxv
197 672 228 704 11.
240 673 296 713 xiij
314 677 336 704 ἔ.
350 673 396 713 iiij
414 672 443 704 d.
489 673 539 703 De
556 683 618 713 qua
634 682 767 709 summa,
783 672 917 704 allocate
933 673 1129 713 compotanti

81 733 137 764 per
153 722 347 753 solucionem
364 722 482 753 factam
501 722 608 753 David
632 722 671 753 de
694 722 876 763 Dalrimpil,
898 723 1066 753 mercatori
1090 722 1129 753 de

82 771 279 812 Edinburgh,
308 771 347 802 de
374 771 524 802 mandato
551 770 679 802 domine
709 771 825 812 regine,
852 772 983 803 custode
1010 772 1130 813 privati

83 821 179 862 sigilli
201 824 339 852 testante
361 820 550 852 mandatum
573 831 668 861 super
691 823 883 861 compotum,
908 821 988 851 lxxx
1010 821 1042 852 11.
1088 821 1131 852 Eiz
1289 857 1294 862 ,

83 870 195 908 01ᾱο111,
204 881 260 911 per
270 870 466 902 solucionem
481 870 599 901 factam
610 870 738 901 domino
754 870 896 901 Henrico
907 870 946 901 de
956 871 1130 912 Kingorne,
1144 857 1308 917 {ffiggfflgm

83 929 140 961 per
165 920 382 960 recepe-ionem
409 919 531 950 domini
556 920 578 950 J
581 919 716 950 ohannis
743 919 856 960 Layng
881 930 900 950 a
931 920 1016 951 dicto
1046 930 1144 966 com--

82 972 214 1011 potante
240 969 325 1010 apud
351 969 467 1006 Peblis,
494 969 579 1000 111οῢ0
609 969 782 1000 senescallo
814 969 935 1000 fatente
965 973 1131 1010 receptum

84 1029 179 1059 super
202 1021 393 1059 compotum,
417 1022 449 1050 et
471 1029 527 1059 pro
551 1018 667 1059 quibus
690 1018 903 1059 respondebit,
926 1019 994 1059 xiiij
1012 1019 1044 1050 n.
1090 1019 1133 1050 Et
1204 1023 1248 1045 Do.

83 1078 140 1109 per
155 1068 348 1099 solucionem
366 1068 484 1100 factam
499 1068 584 1099 (licto
600 1068 728 1099 domino
739 1068 890 1105 Henrico,
906 1068 1022 1100 fatenti
1032 1068 1133 1099 eciam

83 1121 248 1158 receptum
278 1127 374 1158 super
403 1121 587 1158 compotum
617 1120 650 1148 eb
684 1128 740 1158 pro
771 1118 888 1158 quibus
919 1119 1134 1159 respondebib,

83 1177 129 1198 xx
152 1166 183 1197 n.
229 1167 271 1197 Et
293 1177 350 1207 per
372 1167 567 1198 solucionem
590 1166 709 1198 factam
732 1166 839 1197 David
863 1167 957 1207 Boys,
981 1168 1133 1208 magistro

86 1216 202 1247 fabrice
219 1215 257 1247 de
274 1216 522 1257 Ravynniscrag,
542 1226 599 1257 per
620 1215 846 1247 libera-cionem
869 1216 987 1246 factam
1004 1216 1133 1248 domino

86 1265 224 1296 Roberto
248 1265 389 1306 Spanky,
412 1265 575 1306 capellano
598 1275 663 1302 suo,
687 1268 825 1296 testante
852 1265 1025 1297 senescallo
1051 1266 1135 1297 Kin-

86 1325 183 1356 gorne
199 1314 402 1352 solucionem,
417 1314 494 1345 xxii.
533 1315 575 1345 Et
590 1325 646 1355 per
661 1314 857 1345 solucionem
873 1315 991 1346 factam
1007 1315 1136 1347 domino

87 1364 225 1395 Patricio
241 1364 331 1404 Tayt,
344 1363 516 1404 capellano,
529 1364 567 1395 de
583 1363 675 1395 feodo
691 1374 748 1395 suo
764 1364 894 1395 termini
909 1364 1136 1396 Pentechostes

86 1412 200 1444 ultimo
215 1413 368 1453 preteriti,
384 1413 423 1444 de
445 1413 596 1444 mandato
619 1413 734 1454 regine,
751 1413 836 1444 dicto
856 1414 1030 1445 senescallo
1054 1414 1136 1445 Kin-

86 1465 322 1504 gornetesbante
336 1462 524 1493 mandarum
541 1473 636 1504 super
651 1466 843 1504 compotum,
855 1463 889 1503 iij
907 1462 939 1495 11.
952 1464 983 1504 vj
1001 1468 1023 1495 s.
1037 1464 1092 1504 viij
1107 1464 1136 1495 (Ϊ.

86 1512 130 1543 Et
151 1511 264 1549 eidem,
286 1521 343 1552 per
372 1511 567 1543 solucionem
594 1512 712 1543 factam
736 1512 821 1543 dicto
844 1512 972 1544 domino
996 1513 1137 1545 Henrico

89 1560 262 1601 Kingorne,
293 1560 475 1598 senescallo,
506 1560 546 1592 ad
576 1571 732 1601 expensas
763 1561 890 1593 domine
920 1562 1036 1602 regine,
1067 1563 1137 1603 ipso

89 1610 209 1641 fatente
229 1612 394 1650 receptum
416 1620 511 1651 super
534 1614 718 1651 compotum
741 1614 774 1642 ei:
795 1621 852 1652 pro
876 1612 992 1652 quibus
1007 1622 1137 1653 respon·
1210 1624 1254 1647 Do.

90 1708 207 1740 factam
223 1709 308 1739 dicto
324 1708 452 1739 domino
468 1709 610 1740 Henrico
626 1709 803 1750 Kingorne,
819 1710 993 1742 senescallo
1010 1710 1138 1742 domine

92 1758 207 1799 regine,
223 1758 263 1789 ad
280 1768 435 1798 expensas
452 1758 603 1798 ejusdem,
618 1758 687 1799 ipso
712 1759 833 1790 fatente
856 1763 1021 1800 receptum
1043 1771 1139 1801 super

89 1811 272 1848 compotum
290 1810 322 1838 et
337 1817 393 1848 pro
409 1808 526 1848 quibus
549 1807 790 1848 respondebit‚l
812 1808 843 1839 11.
889 1809 932 1839 Et
955 1809 1067 1846 eidem,
1083 1819 1139 1850 per
1212 1822 1256 1845 Do.

91 1855 309 1887 remissionem
336 1856 463 1887 domine
483 1857 591 1898 regine
614 1867 776 1898 gressume
799 1860 955 1889 terrarum
977 1858 1138 1898 quondam

91 1904 250 1936 Willelmi
277 1905 315 1936 de
338 1905 493 1943 Moravia,
509 1917 549 1937 ex
572 1917 608 1938 eo
625 1906 710 1948 quod
732 1907 837 1938 dictus
862 1910 1046 1948 compotans
1074 1907 1137 1938 fuit

91 1957 239 1985 oneratus
270 1955 428 1995 superflue
459 1966 532 1986 cum
559 1956 670 1987 eadem
702 1959 734 1987 eb
764 1956 832 1987 sine
862 1956 1013 1987 mandato
1051 1956 1136 1988 dicte

91 2002 220 2034 domine
249 2003 366 2044 regine,
396 2004 454 2044 xlij
485 2003 527 2041 nt,
561 2005 692 2036 custode
722 2005 840 2046 privati
870 2005 969 2046 sigilli
998 2009 1137 2038 testante

91 2052 309 2083 remissionem
327 2062 422 2093 super
441 2057 633 2095 compotum.
678 2054 721 2085 En
744 2055 855 2092 eidem,
874 2065 931 2095 per
946 2055 1140 2096 superfluam

92 2101 313 2132 oneracionem
344 2102 452 2134 decem
482 2113 660 2134 marcarum
699 2114 772 2135 cum
804 2104 920 2144 quibus
957 2108 1142 2145 compotans

93 2150 239 2191 superius
256 2154 414 2189 oneratur,
429 2152 467 2184 de
483 2152 601 2184 relevio
620 2155 773 2185 terrarum
790 2152 928 2184 Arthuri
945 2153 1085 2194 Cramby
1103 2153 1142 2185 de
