1551 2462
361 250 423 278 354
666 248 830 281 ROTULI
854 247 1091 279 SCACGARH
1321 243 1414 277 1465.

320 343 334 347 “
362 339 459 380 hujus
485 341 635 381 computi5
659 341 690 382 vj
719 341 751 374 ii.
796 342 839 372 Et
866 341 978 378 eidem,
1003 351 1060 382 per
1082 340 1275 372 solucionem
1302 339 1419 371 factam

362 390 543 421 vicecomiti
560 391 598 422 de
621 391 759 428 For-tare,
775 391 965 432 percipienti
988 391 1156 423 annuatim
1171 393 1236 423 tres
1259 390 1357 421 libras
1380 389 1419 420 de

363 439 512 481 thanagio
529 441 567 472 de
584 441 722 482 Kyntor,
741 441 779 472 de
795 442 896 472 tribus
914 441 1058 472 terminis
1075 441 1171 482 hujus
1195 440 1338 481 computi
1360 439 1420 470 sub

363 490 505 531 periculo
536 491 763 531 computantis,
789 491 836 532 iiij
868 491 900 522 11.
932 501 953 521 x
976 495 999 523 ἔ.
1045 491 1087 521 Et
1117 490 1246 522 domino
1277 489 1421 520 Johanni

363 540 490 581 Ogilvy,
507 550 563 581 pro
587 541 685 571 tercia
702 541 809 572 debita
832 551 946 581 sponse
970 551 1026 572 sue
1043 540 1081 572 de
1105 540 1189 571 dicto
1206 539 1357 580 thanagio
1381 538 1420 569 dc

363 589 456 620 dictis
483 590 636 627 terminis,
667 591 746 631 xviij
771 590 802 622 li.
829 591 886 631 xiij
915 595 938 622 ἓ.
964 590 999 631 iij
1025 590 1054 622 d.
1100 590 1143 621 Et
1173 589 1259 621 dicto
1287 588 1416 619 domino

362 639 514 677 Johanni,
531 650 587 680 pro
604 640 702 679 tercia
723 640 858 681 piscarie
882 640 920 671 de
937 640 1043 680 Speya
1066 639 1174 671 debita
1196 638 1281 670 dicte
1304 647 1420 678 sponse

363 699 419 720 sue
436 689 474 720 de
491 690 612 720 eisdem
628 690 784 727 terminis,
800 701 844 721 xv
859 690 891 721 1-1.
937 690 979 720 Et
995 693 1125 730 propter
1137 688 1324 720 vastitatem
1340 687 1418 718 ville

363 739 402 770 de
419 739 597 770 VVestoune
613 739 646 769 in
665 739 811 770 Cromarr
822 740 860 771 de
871 743 986 780 quarta
1000 743 1090 780 parte
1107 738 1259 780 ejusdem,
1272 737 1310 768 de
1325 737 1418 768 dictis

363 789 467 820 tribus
483 789 630 820 terminis
646 789 743 829 hujus
760 790 910 830 computi,
927 799 993 820 xxv
1009 793 1031 820 ἔ.
1078 789 1122 819 Et
1145 789 1292 829 episcopo
1316 787 1418 818 Aber-

363 837 506 875 donensi,
522 849 579 879 pro
597 839 745 870 secundis
761 839 893 870 decimis
909 839 972 870 sibi
985 839 1100 870 debitis
1117 838 1155 870 de
1169 838 1253 869 dicto
1269 837 1419 878 thanagio

364 887 403 918 de
419 887 514 919 dictis
530 889 685 925 terminis,
702 889 732 928 vj
750 888 781 920 fi.
828 889 871 920 Et
893 889 997 919 eidem
1014 889 1169 929 episcopo,
1192 898 1249 929 pro
1273 887 1420 918 secundis

364 936 496 967 decimis
543 937 605 968 sibi
643 937 760 968 debitis
798 937 837 968 de
875 937 975 969 Coule
1010 941 1042 968 et
1081 937 1176 969 Oneil
1220 937 1259 968 de
1297 936 1418 968 eisdem

364 987 519 1024 terminis,
543 987 603 1018 sub
631 987 773 1028 periculo
790 986 1017 1028 computantis,
1047 987 1082 1028 iij
1113 986 1147 1019 fi.
1163 987 1195 1027 vj
1228 991 1250 1018 ἓ.
1296 986 1339 1016 Et
1361 996 1418 1026 per

364 1036 561 1068 solucionem
588 1037 706 1067 factam
737 1036 823 1068 dicto
845 1036 867 1067 J
870 1036 991 1068 ohanni
1014 1036 1132 1077 Ogilvy
1155 1036 1281 1067 racione
1303 1044 1419 1076 sponse

364 1096 422 1117 sue
445 1096 501 1127 pro
525 1087 625 1117 tercia
654 1086 716 1117 sibi
739 1086 847 1117 debita
878 1086 917 1117 de
945 1086 1047 1117 firmis
1072 1081 1248 1117 'comitatus
1275 1084 1420 1116 Moravie

364 1136 450 1167 intra
466 1136 726 1167 vicecomitatum
738 1136 778 1167 de
794 1135 889 1177 Elgin
905 1146 979 1167 cum
996 1134 1185 1173 Glencarne‚
1201 1145 1275 1167 cum
1298 1134 1420 1175 quibus

364 1188 553 1227 computans
578 1186 724 1227 superius
742 1189 900 1222 oneratur,
917 1186 955 1216 de
983 1185 1129 1217 terminis
1144 1185 1241 1225 hujus
1265 1184 1417 1225 computi,

363 1235 402 1266 de
418 1235 517 1266 libere
527 1235 717 1266 introductis
729 1235 857 1266 domino
873 1235 949 1276 regi,
965 1235 1046 1276 lxxij
1063 1235 1095 1266 li.
1113 1239 1166 1266 vs.
1183 1234 1217 1275 iij
1235 1234 1264 1266 d.
1303 1234 1346 1265 Et
1361 1243 1418 1274 pro

363 1285 461 1317 tercia
468 1286 575 1316 debita
586 1285 670 1316 dicte
681 1285 808 1316 domine
820 1285 858 1316 de
869 1285 968 1316 firmis
980 1289 1138 1317 terrarum
1151 1285 1321 1316 comitatus
1331 1284 1419 1314 Mor-

361 1335 432 1366 avie
445 1335 528 1367 infra
538 1335 797 1366 vicecomitatum
808 1334 846 1366 de
857 1336 952 1366 Fores
963 1335 1001 1365 cle
1012 1335 1131 1366 eisdem
1142 1334 1296 1371 terminis,
1305 1333 1374 1374 lviij
1386 1333 1418 1366 11.

361 1386 415 1425 xvj
427 1389 449 1416 ἔ.
458 1385 470 1425 j
482 1385 510 1415 (1.
523 1385 569 1416 οῖ’).
601 1385 643 1415 Et
656 1385 798 1426 quinque
811 1384 984 1425 capellanis
997 1384 1231 1415 celebrantibus
1244 1384 1277 1414 in
1287 1383 1420 1415 ecclesia

362 1434 538 1465 cathedrali
554 1434 751 1465 Moraviensi
767 1435 801 1466 in
817 1434 940 1474 capella
957 1434 1067 1464 Sancti
1082 1434 1202 1464 Thome
1215 1433 1365 1473 martyris
1378 1442 1419 1463 ex

362 1483 554 1514 fundacione
585 1484 707 1514 domini
738 1485 858 1515 Thome
884 1484 1046 1524 Ranulphi
1070 1484 1196 1515 comitis
1219 1483 1363 1514 Moravie
1387 1486 1420 1513 et

362 1532 605 1563 confirmacione
629 1533 750 1564 domini
781 1533 861 1574 regis
886 1533 1017 1563 Roberti
1039 1533 1145 1573 primi,
1168 1533 1298 1573 dempta
1321 1532 1419 1563 tercia

362 1581 470 1612 debita
493 1582 596 1613 eidem
629 1582 766 1619 domine,
789 1583 828 1614 de
851 1582 955 1614 tribus
978 1582 1123 1613 terminis
1147 1582 1243 1622 hujus
1266 1582 1417 1622 computi,

362 1631 442 1671 xxiij
459 1631 490 1662 11.
509 1632 565 1672 xiij
584 1636 605 1663 Ξ.
623 1632 653 1672 vj
672 1632 701 1663 d.
748 1632 790 1662 Et
805 1631 863 1662 uni
876 1630 1041 1671 capellano
1057 1631 1232 1663 celebranti
1248 1630 1282 1661 in
1306 1630 1417 1662 eadem

362 1680 503 1718 ecclesia,
513 1681 702 1722 percipienti
712 1681 881 1712 aunuatim
898 1680 1109 1721 quadraginta
1126 1680 1242 1711 solidos
1259 1680 1298 1711 de
1317 1680 1417 1711 firmis

364 1730 439 1761 ville
456 1731 495 1761 de
521 1731 625 1771 Elgin,
649 1731 823 1763 celebranti
849 1741 907 1771 pro
933 1730 1040 1761 anima
1067 1730 1189 1761 domini
1215 1730 1297 1771 regis
1324 1730 1416 1761 Dun-

362 1780 434 1811 cani
464 1790 504 1811 ex
542 1781 733 1812 fundacione
764 1780 886 1811 domini
926 1780 1106 1811 Alexandri
1152 1780 1235 1821 regis
1277 1779 1417 1815 secundi,

362 1829 401 1860 de
438 1830 558 1861 eisdem
603 1830 749 1861 terminis
795 1830 925 1870 dempta
955 1830 1061 1866 tercia,
1108 1829 1142 1860 xl
1173 1834 1194 1861 ἔ.
1256 1829 1298 1860 Et
1343 1839 1416 1869 cap-

363 1879 467 1910 ellano
506 1879 680 1911 celebranti
726 1880 761 1911 in
808 1879 919 1911 eadem
956 1879 1097 1916 ecclesia,
1141 1879 1276 1909 fundato
1321 1888 1418 1919 super

363 1928 504 1960 dominio
529 1929 567 1961 de
597 1929 768 1961 Lambride
794 1939 851 1971 per
878 1929 1029 1960 baronem
1052 1928 1204 1968 ejusdem,
1226 1928 1417 1969 percipienti

363 1978 531 2009 annuatim
569 1989 625 2010 sex
663 1989 793 2015 marcas,
824 1978 862 2009 de
893 1977 1010 2009 eisdem
1049 1978 1203 2014 terminis,
1232 1978 1264 2018 vj
1297 1977 1328 2008 11.
1374 1977 1417 2008 Et

363 2027 528 2068 capellano
566 2027 690 2058 domini
720 2027 803 2069 regis
835 2027 1009 2058 celebranti
1038 2027 1072 2057 in
1111 2030 1213 2058 castro
1244 2027 1283 2058 de
1320 2026 1416 2067 Elgin

362 2077 497 2108 fundato
535 2088 592 2118 per
630 2077 792 2118 quondam
826 2076 985 2108 Jacobum
1023 2076 1062 2107 de
1100 2076 1236 2107 Dunbar
1265 2076 1415 2107 comitem

362 2125 508 2157 Moravie
525 2126 563 2157 de
580 2127 672 2157 terris
690 2126 728 2157 dc
745 2125 964 2157 Pettindreich
981 2128 1013 2156 et
1029 2125 1230 2166 Greifschipe
1253 2125 1292 2156 de
1311 2125 1414 2166 Elgin,

363 2175 556 2216 percipienti
586 2176 754 2206 annuatim
784 2176 894 2207 decem
925 2185 1054 2211 marcas,
1078 2175 1207 2215 dempta
1245 2175 1342 2206 tercia
1380 2179 1415 2206 ut
