1551 2462
163 612 329 641 Respondebit

165 642 314 671 Culquhone,

163 672 289 696 rotulator.

381 266 442 295 320
693 264 857 296 ROTULI
881 264 1118 296 SOACCARH
1340 268 1428 297 1465.

378 358 478 390 firmis
502 361 657 390 terrarum
681 358 719 390 de
743 358 944 396 Houstoune,
968 357 1112 395 Kirkhil,
1128 360 1160 390 et
1180 357 1211 390 le
1225 357 1430 396 Westmanis,

379 409 535 441 concessis
550 419 607 450 per
623 409 790 440 dominum
804 419 910 450 regem
928 408 1040 440 Colino
1064 408 1174 439 comiti
1189 408 1228 439 de
1243 407 1358 450 Ergile,
1373 418 1430 449 pro

378 469 436 500 pro
461 459 553 490 feodo
579 469 635 490 suo
662 468 764 499 usque
791 458 831 489 ad
858 460 977 490 etatem
1004 458 1127 489 domini
1149 457 1231 499 regis
1247 457 1430 498 quindecim

378 519 537 540 annorum
552 518 609 549 per
624 519 698 540 suas
718 508 828 539 literas
851 508 911 539 sub
933 507 1059 548 privato
1076 507 1155 539 alias
1178 511 1320 538 ostensas
1336 517 1430 548 super

380 562 576 599 computum,
592 561 629 589 ut
651 561 741 599 patet
763 558 798 588 in
821 561 970 598 computo
993 557 1071 589 anni
1094 557 1293 598 precedentis
1317 560 1349 588 et
1371 556 1430 588 sub

378 609 520 650 periculo
571 608 795 649 computantis,
834 607 868 638 xl
910 607 942 638 fi.
1004 607 1063 648 [To
1110 606 1318 647 ComptroHer,
1354 606 1430 637 &60

378 659 442 689 168.
468 657 556 700 07202]
615 658 659 688 Et
683 657 795 694 eidem,
821 667 878 698 per
902 656 1098 688 solucionem
1122 657 1239 688 factam
1267 656 1428 687 Unicorne

379 707 529 749 signifero
567 706 606 738 de
645 707 744 737 firmis
781 709 938 737 terrarum
976 706 1015 737 de
1052 706 1228 737 Drumcors
1266 705 1301 736 in
1338 705 1429 736 feodo

379 767 445 794 suo,
485 756 523 788 de
569 756 722 787 mandato
766 755 889 787 domini
926 756 1017 796 regis,
1048 759 1271 796 computorum
1310 754 1429 786 rotula-

377 810 445 837 tore
460 809 600 837 testante
622 806 819 842 mandatum,
842 808 875 836 et
898 815 993 846 super
1016 815 1079 846 quo
1103 805 1211 836 literas
1234 804 1332 836 habet
1352 804 1430 835 dicti

378 855 500 886 domini
515 855 617 886 nostri
639 855 721 895 regis
744 855 804 885 sub
827 854 960 895 privato,
976 857 1014 885 ut
1036 854 1150 885 asserit
1164 854 1250 885 idem
1266 858 1429 895 computo-

377 915 449 936 rum
465 904 628 941 rotulator,
644 904 703 935 sub
725 904 867 944 periculo
883 904 1108 944 computantis,
1132 914 1153 934 x
1175 903 1207 935 fi.
1254 904 1296 935 Et
1319 904 1430 942 eidem,

378 955 417 985 (16
434 954 543 985 decem
555 954 703 985 marcatis
716 957 798 985 terre
808 954 847 984 (16
857 953 1011 984 Kincavil
1024 953 1180 984 concessis
1196 964 1253 994 per
1265 953 1431 985 dominum

377 1014 484 1045 regem
496 1003 634 1035 Gilelmo
647 1003 802 1044 Trumpat
816 1013 873 1044 per
884 1003 1004 1034 similes
1021 1002 1132 1034 literas
1145 1003 1267 1034 domini
1278 1003 1360 1044 regis
1371 1003 1430 1035 sub

377 1054 502 1094 privato
529 1056 562 1084 et
585 1063 642 1093 per
658 1053 796 1084 similem
824 1052 1044 1090 assercionem,
1069 1052 1108 1083 (16
1133 1052 1270 1083 termino
1291 1052 1428 1084 Penthe-

378 1106 480 1134 costes
507 1102 603 1142 hujus
631 1102 774 1143 computi
800 1105 832 1133 et
856 1102 916 1133 sub
940 1101 1052 1132 eodem
1078 1101 1229 1142 periculo,
1251 1101 1285 1143 iij
1309 1101 1341 1133 E
1358 1102 1389 1143 vj
1407 1106 1428 1134 ἕ.

377 1152 433 1192 viij
451 1151 479 1182 d.
526 1152 568 1182 Et
590 1151 701 1188 eidem,
717 1162 774 1192 pro
791 1151 942 1192 carriagio
966 1151 1103 1182 duarum
1119 1151 1298 1182 celdrarum
1313 1154 1346 1183 et
1361 1155 1430 1183 octo

379 1202 537 1233 bellarum
553 1201 708 1232 frumenti
724 1211 741 1232 a
756 1201 887 1242 grangia
903 1201 942 1232 de
957 1200 1131 1232 Abircorne
1143 1211 1244 1242 usque
1257 1200 1431 1242 Striveling

377 1251 416 1282 de
433 1245 584 1282 mandato
600 1251 723 1282 domini
738 1251 819 1291 regis
835 1251 894 1282 sub
911 1250 1034 1291 signeto
1050 1253 1177 1282 ostenso
1189 1261 1285 1292 super
1301 1261 1429 1292 compu-

324 1338 328 1341 Α
376 1304 456 1338 tum,
483 1312 549 1332 xxv
565 1305 587 1332 s.
634 1301 676 1331 Et
693 1300 804 1337 eidem,
820 1310 877 1341 pro
890 1300 1093 1341 reparacione
1106 1303 1138 1331 et
1155 1303 1280 1332 tectura
1295 1301 1429 1341 coquine

160 2146 324 2176 Respondebit

161 2178 240 2199 custos
252 2176 339 2206 privati

160 2206 240 2236 sigilli.

376 1361 458 1381 nove
483 1351 517 1381 in
544 1350 667 1391 palacio
695 1350 734 1381 de
759 1350 944 1391 Linlithqw,
965 1350 1004 1381 de
1031 1350 1183 1381 mandato
1208 1354 1429 1391 computorum

375 1400 568 1436 rotulatoris,
609 1400 678 1440 ipso
717 1399 839 1431 fatente
887 1403 1053 1440 receptum
1100 1410 1196 1440 super
1233 1403 1429 1441 computum,

376 1449 443 1489 xlvj
476 1454 497 1480 s.
544 1450 587 1480 Et
617 1449 729 1486 eidem,
759 1459 817 1489 pro
846 1449 982 1490 cariagio
1008 1449 1124 1490 viginti
1156 1449 1333 1481 celdrarum
1362 1460 1428 1481 car·
1466 1489 1468 1491 v

376 1500 496 1530 bonum
527 1510 545 1530 a
575 1499 761 1530 carbonario
792 1499 832 1530 ad
855 1498 1015 1539 palacium
1051 1499 1090 1530 (16
1126 1499 1311 1540 Linhthqw,
1342 1499 1376 1531 xl
1405 1510 1428 1531 s.

377 1549 420 1579 Et
447 1549 559 1586 eidem,
589 1559 646 1589 pro
685 1548 889 1579 castriwarda
919 1548 957 1579 de
989 1547 1142 1579 Strabrok
1173 1558 1321 1579 concessa
1351 1549 1427 1580 Fra-

376 1599 478 1630 tribus
510 1598 692 1629 Minoribus
722 1597 761 1628 de
799 1597 917 1629 Dunde
948 1597 987 1628 de
1026 1607 1109 1628 anno
1147 1598 1289 1638 computi
1320 1601 1352 1629 et
1389 1598 1429 1630 de

376 1658 459 1679 anno
493 1647 677 1689 precedenti
713 1646 774 1677 hoc
809 1649 1004 1687 computum,
1042 1646 1122 1686 xxiij
1156 1650 1178 1677 s.
1213 1646 1260 1687 iiij
1296 1646 1324 1678 d.
1385 1648 1427 1678 Et

378 1697 490 1734 eidem,
516 1697 555 1728 de
584 1697 685 1727 firmis
715 1699 873 1726 terrarum
900 1695 939 1726 de
962 1695 1162 1733 Gunstonne,
1189 1695 1428 1728 Crounareland

375 1746 590 1787 Mannuelrig,
619 1745 704 1776 infra
734 1745 897 1776 baroniam
929 1745 967 1776 de
1003 1744 1154 1783 Manwel,
1181 1747 1214 1776 et
1251 1745 1290 1776 de
1327 1746 1427 1777 firmis

375 1800 531 1828 terrarum
547 1796 631 1826 infra
646 1795 765 1826 dictam
780 1794 945 1826 baroniam
968 1794 1187 1835 spectancium
1202 1794 1321 1826 Thome
1344 1794 1427 1827 Mal-

375 1846 456 1883 wile,
498 1845 636 1886 demptis
667 1845 791 1876 duabus
820 1844 937 1882 terciis,
967 1854 1041 1875 cum
1082 1844 1198 1885 quibus
1239 1848 1428 1885 computans

375 1896 520 1937 superius
544 1898 694 1926 oneratur
715 1895 749 1925 in
765 1894 825 1925 hoc
840 1896 998 1935 computo,
1022 1894 1189 1934 assignatis
1212 1893 1252 1925 ad
1275 1894 1428 1926 fabricam

375 1946 501 1986 collegii
514 1945 629 1976 Sancte
642 1944 807 1975 Trinitatis
819 1954 917 1984 prope
930 1943 1172 1985 Edinb111·gh‚et
1181 1944 1220 1975 ad
1230 1944 1426 1976 levacionem

375 1995 519 2036 magistri
535 1995 556 2025 J
559 1994 648 2025 acobi
665 1994 843 2035 Lyndesay,
874 1993 1014 2024 custodis
1031 1993 1149 2034 privati
1165 1993 1271 2034 sigilli,
1287 1996 1324 2024 ut
1339 1996 1428 2034 patet

374 2055 430 2085 per
445 2044 553 2075 literas
566 2043 687 2074 domini
711 2043 794 2083 regis
821 2042 882 2074 sub
909 2042 1032 2083 signeto
1048 2042 1087 2073 de
1112 2046 1261 2083 precepto
1286 2045 1426 2074 ostensas

375 2104 470 2134 super
486 2096 682 2134 computum,
695 2092 786 2132 xxiiij
803 2092 834 2123 fi.
852 2092 908 2131 viij
937 2096 959 2123 Ξ.
977 2091 1029 2122 xd.
1046 2091 1080 2132 iij
1099 2091 1182 2123 bolle
1195 2092 1208 2132 j
1225 2091 1339 2123 ferlota
1354 2102 1426 2124 cum

375 2143 473 2174 tercia
489 2146 580 2183 parte
596 2142 710 2173 ferlote
725 2141 843 2172 farrine
867 2141 1040 2178 avenatice,
1056 2151 1113 2181 pro
1136 2141 1254 2181 quibus
1276 2140 1426 2183 respond-

375 2193 448 2224 ebit.
495 2193 537 2223 Et
553 2192 665 2229 eidem,
681 2201 737 2233 per
752 2191 949 2222 solucionem
965 2190 1084 2222 factam
1100 2190 1278 2222 Cuthberto
1294 2189 1424 2222 Colwile
