1551 2462
139 403 214 435 Are.

134 839 241 872 North
260 841 336 873 Ber-

135 884 202 915 wic.

133 1097 298 1128 Respondebit

133 1127 242 1158 Mun-ay
244 1128 253 1158 1

133 1241 329 1284 Edinburgb.

354 304 396 336 40
476 302 480 306 ’
668 302 832 334 ROTULI
857 301 1093 334 SGACCARII
1316 303 1407 332 1460.

398 396 592 437 Compotum
630 395 824 427 ballivorum
854 395 947 436 burgi
978 395 1016 426 de
1043 395 1118 432 Are,
1145 394 1356 436 [Edinburyla
1385 394 1406 425 9

352 446 465 477 March
480 446 575 484 1460,
582 446 673 486 from
688 446 708 476 1
724 445 805 485 Jaly
820 445 928 482 146Ο,·
952 445 971 475 1
990 448 1073 475 tevm.

395 496 525 532 Fermes,
549 495 586 536 by
608 495 668 535 feu
691 495 820 532 charter,
843 493 941 534 1910]
988 494 1094 532 Quam
1120 503 1279 525 summam
1309 492 1406 525 solvit

351 545 517 576 Fratribus
548 544 804 575 Predicatoribus
842 544 881 575 de
911 544 986 581 Are,
1015 543 1266 585 percipientibus
1289 543 1406 585 viginti

351 594 449 626 libras
480 593 519 625 de
544 594 643 625 firmis
667 593 745 625 dicti
767 593 859 635 burgi
887 594 920 625 in
944 604 1037 631 anno,
1060 597 1097 624 ut
1119 597 1210 634 patet
1232 594 1266 624 in
1288 593 1403 625 rotulis

352 644 503 685 antiquis,
519 647 551 675 et
567 654 622 685 per
633 643 744 675 literas
755 643 871 684 prioris
888 643 1047 674 dictorum
1059 644 1208 675 Fratrum
1219 643 1259 675 de
1269 647 1404 684 recepto,

352 694 392 726 de
407 694 545 725 termino
569 693 666 735 hujus
683 693 824 734 compoti
840 696 983 725 ostensas
1007 703 1102 734 super
1125 697 1318 734 compotum,
1334 704 1356 724 x
1370 693 1403 725 n.

351 744 394 775 Et
410 744 455 776 sic
471 754 559 785 eque.

394 843 586 884 Compotum
615 841 806 874 ballivorum
833 842 926 884 burgi
950 842 989 874 de
1013 841 1120 873 North
1137 842 1260 873 Berwic
1285 842 1402 883 [Edin-

350 892 456 933 burqlz,
471 893 515 923 18
534 893 646 923 *March
667 893 763 930 1460,
770 893 860 933 from
882 892 902 922 1
926 891 1006 932 July
1028 892 1115 930 1460
1137 895 1167 923 to
1189 892 1402 933 Whitsunday

348 946 442 980 φωτί,-
467 944 488 973 ἒ
504 945 604 973 terme.

395 991 519 1033 Uharqe.
565 992 712 1029 Arrears,
735 992 790 1022 A?
810 992 852 1022 23.
908 991 1037 1028 Formas,
1060 992 1096 1032 by
1111 991 1315 1033 feu-charbem
1338 991 1400 1023 ΕΙ.

349 1041 435 1078 Sum,
451 1042 506 1072 ,439
521 1043 564 1072 933.

391 1091 567 1132 Disclzarqc.
609 1091 652 1122 To
667 1091 786 1122 Master
799 1090 979 1121 Alexander
994 1090 1139 1131 AIzorray.
1151 1088 1213 1122 ΕΙ.
1258 1090 1402 1128 Balance,

349 1141 403 1172 ⁰8
418 1141 476 1182 aa]

392 1240 584 1281 Compotum
609 1238 801 1271 ballivorum
831 1239 923 1281 burgi
952 1239 990 1271 de
1017 1238 1215 1281 Edinburgh,
1239 1239 1402 1271 redditum

347 1290 468 1321 ibidem
496 1300 552 1330 per
578 1289 781 1320 willelmum
808 1289 965 1327 Baroune,
995 1290 1229 1321 thezaurarium
1258 1290 1401 1331 ejusdem

348 1339 449 1380 burgi,
466 1339 524 1379 [923
538 1338 650 1369 March
665 1339 761 1376 1460,
770 1338 860 1379 from
875 1340 919 1370 233
933 1339 1018 1370 June
1033 1340 1120 1377 1460
1132 1351 1143 1377 ,¹
1167 1340 1186 1370 J
1205 1343 1290 1371 term.

395 1388 519 1428 Charye.
574 1388 721 1424 Arrears,
741 1389 825 1419 1920.
880 1388 1008 1426 Fermes,
1034 1389 1072 1429 by
1088 1389 1293 1429 seza-charbem
1323 1390 1376 1420 ,61
1380 1390 1400 1421 7

349 1439 391 1470 63.
407 1439 458 1469 Sd.
504 1437 590 1475 Sum,
607 1437 684 1469 ,4⁰37
699 1438 740 1468 68.
757 1438 822 1478 8d.]

392 1488 443 1518 De
465 1487 591 1528 quibus,
619 1486 754 1518 allocate
779 1486 976 1527 compotanti
990 1497 1047 1528 per
1069 1487 1265 1520 solucionem
1280 1488 1400 1519 factam

349 1537 458 1568 abbati
486 1540 519 1567 et
549 1536 723 1567 conventui
760 1536 799 1566 de
837 1536 1112 1578 Dumfermelyne‚
1148 1537 1399 1578 percipientibus

349 1587 516 1618 aunuatim
533 1587 676 1627 quinque
691 1586 788 1617 libras
804 1586 843 1617 de
859 1586 958 1617 firmis
975 1587 1054 1618 dicti
1069 1587 1161 1628 burgi
1177 1598 1217 1619 ex
1233 1587 1400 1620 elimosina

347 1637 430 1679 regis
446 1636 587 1677 antiqua,
602 1636 672 1676 ipso
688 1636 802 1667 abbate
812 1646 869 1676 per
884 1646 957 1667 suas
973 1636 1082 1668 literas
1097 1637 1220 1668 fatente
1235 1638 1399 1679 receptum

348 1697 444 1728 super
473 1690 665 1727 compotum,
697 1685 736 1717 de
763 1686 899 1716 termino
926 1687 1074 1727 compoti,
1103 1686 1116 1717 1
1145 1691 1169 1718 ἓ.
1215 1687 1257 1718 Et
1286 1687 1398 1725 eidem,

304 1742 307 1743 ’
347 1736 450 1767 tribus
488 1735 661 1776 capellanis
699 1735 842 1766 fundatis
881 1736 914 1766 in
945 1736 1078 1767 ecclesia
1115 1737 1202 1768 beati
1238 1737 1397 1770 Johannis

349 1785 494 1826 Baptiste
524 1785 672 1826 contigue
698 1784 829 1815 ecclesie
860 1785 899 1816 de
924 1785 1130 1827 Corstorfyne
1152 1797 1209 1827 per
1231 1787 1398 1818 dominum

347 1835 370 1866 J
372 1834 506 1865 acobum
517 1834 656 1874 primum
668 1844 773 1874 regem
787 1833 960 1871 Scotorum,
970 1835 1219 1876 percipientibus
1230 1837 1398 1868 aunuatim

348 1885 465 1926 viginti
479 1884 577 1915 libras
594 1883 633 1914 de
648 1883 748 1914 firmis
772 1883 957 1923 burgalibus
981 1885 1058 1916 dicti
1081 1885 1182 1926 burgi,
1205 1890 1242 1917 ut
1257 1890 1347 1927 patet
1361 1887 1396 1918 in

347 1934 461 1965 rotulis
466 1933 711 1975 precedentibus
722 1935 754 1963 et
766 1943 823 1973 per
834 1932 942 1964 literas
953 1934 1106 1974 prepositi
1116 1939 1147 1966 et
1159 1935 1396 1976 capellanorum

347 1984 407 2015 sub
423 1983 586 2015 communi
601 1982 706 2023 sigillo
730 1977 902 2013 eorundem
925 1982 963 2014 de
986 1987 1113 2024 recepto
1137 1988 1278 2016 ostensas
1301 1996 1397 2027 super

347 2036 540 2074 compotum,
569 2032 609 2064 de
638 2031 776 2063 termino
807 2032 954 2072 compoti,
985 2043 1006 2063 x
1036 2033 1068 2064 li.
1121 2034 1164 2065 Et
1199 2035 1313 2072 eidem,
1338 2046 1396 2077 per

346 2083 541 2114 solucionem
560 2082 678 2113 factam
695 2081 859 2112 Fratribus
875 2081 1131 2114 Predicatoribus
1142 2083 1181 2114 de
1197 2083 1395 2126 Edinburgh,

345 2131 595 2173 percipientibus
607 2130 776 2162 annuatim
786 2130 894 2161 decem
908 2141 1029 2162 marcas
1042 2132 1080 2163 de
1092 2132 1191 2163 firmis
1208 2133 1393 2174 burgalibus

344 2182 424 2213 dicti
447 2182 547 2222 burgi,
564 2181 649 2212 dicto
673 2180 776 2221 priore
791 2190 848 2220 per
863 2190 935 2211 suas
956 2180 1067 2212 literas
1084 2181 1205 2214 fatente
1229 2187 1393 2224 receptum

344 2242 439 2272 super
462 2234 645 2272 compotum
662 2230 700 2262 de
717 2230 852 2261 termino
869 2231 1016 2271 compoti,
1029 2231 1062 2272 iij
1074 2231 1105 2262 n.
1120 2232 1150 2272 vj
1165 2236 1186 2263 s.
1201 2233 1257 2274 viij
1272 2233 1301 2265 d.
1333 2233 1393 2274 [To

1280 0 1551 400 ἒ
