1551 2462
113 291 202 322 1467.
421 289 583 321 REGUM
607 289 853 322 SCOTORUM.
1097 295 1155 324 461

107 383 131 424 ij
156 382 235 414 albis
259 382 389 414 merulis
417 382 488 414 albe
504 383 594 414 firme
619 385 702 414 terre
729 383 768 415 de
795 383 984 421 Quhitoorse
1009 383 1047 415 de
1075 385 1159 416 dicto

109 433 252 464 termino.
298 433 340 464 Et
356 433 395 464 de
410 433 442 473 vj
460 437 482 464 ἔ.
507 433 562 474 viij
581 433 609 464 d.
633 443 690 474 per
711 433 933 464 vendicionem
957 434 1051 465 unius
1075 435 1159 475 paris

108 482 279 513 calcarium
309 482 532 513 deauratorum
555 485 711 513 terrarum
735 482 774 513 de
802 482 964 523 Lethindy
987 483 1026 514 de
1049 483 1160 514 eodem

109 531 252 563 termino.
298 531 340 562 Et
356 531 395 562 de
413 530 467 572 viij
485 531 517 562 fi.
535 532 566 571 vj
585 535 607 562 Ξ.
629 531 683 572 viij
702 531 731 563 d.
755 531 794 562 de
817 532 918 563 firmis
940 536 1097 563 terrarum
1121 533 1159 564 de

109 581 251 612 Wardris
268 584 300 612 et
321 580 352 612 le
368 581 474 612 Wrais
491 580 529 611 de
558 580 588 611 16
612 581 686 613 81(16
711 591 784 612 cum
808 581 991 612 molendino
1016 582 1160 623 Sagaden

109 634 142 663 et
178 630 355 668 Erlisfelde,
395 630 640 662 Knokinlochin
681 641 755 662 cum
793 631 986 669 molendino,
1023 636 1160 672 quatuor

110 680 297 712 bovatarum
327 680 366 711 de
390 680 530 717 Harlaw,
558 683 590 711 et
614 680 736 711 decime
763 681 852 711 sexte
882 682 982 721 partis
1013 682 1090 712 ville
1121 683 1160 713 (16

110 729 279 767 Rossiniot,
296 730 505 761 existencium
521 730 556 760 in
571 729 720 761 manibus
737 730 862 761 comitis
884 731 923 761 de
942 731 1102 762 Garviach
1121 732 1160 763 (16

110 779 245 810 termino
270 779 496 810 Penthecostes
520 779 606 810 infra
631 779 691 810 hoc
721 784 916 820 computum,
948 781 1066 812 saisina
1095 792 1160 813 non

110 831 294 869 recuperata
310 829 348 860 de
359 829 479 860 eisdem
491 839 547 869 per
559 829 685 860 obitum
695 830 857 870 quondam
870 830 992 861 domini
1002 831 1161 863 Willelmi

111 877 213 919 Lesly.
258 879 300 909 Et
321 879 360 909 de
380 888 445 909 xxv
461 878 492 909 fi.
510 878 549 909 de
574 878 692 910 relevio
719 880 892 911 earundem
915 883 1071 911 terrarum
1095 883 1161 923 regi

110 928 216 960 debito
240 939 296 969 per
322 928 474 960 saisinam
496 928 606 959 datam
631 928 815 960 Alexandro
842 929 947 970 Lesly,
973 931 1097 968 seniori,
1122 932 1161 962 de

111 978 238 1010 eisdem.
283 979 325 1009 Et
356 978 393 1009 (16
425 979 501 1019 xxvj
530 983 554 1010 ἓ.
580 978 637 1018 viij
658 978 686 1009 d.
715 978 754 1010 de
783 979 902 1010 relevio
933 982 1092 1010 terrarum
1122 981 1162 1019 (16

111 1028 271 1069 Ardunyn
297 1038 354 1069 per
375 1028 526 1059 saisinam
553 1028 663 1058 datam
686 1028 827 1059 Henrico
853 1028 948 1069 Lesly
971 1028 1010 1059 de
1033 1029 1160 1061 eisdem.

113 1077 244 1108 Summa
284 1078 381 1118 hujus
423 1077 536 1115 oneris,
564 1076 648 1118 j⁰lxij
681 1077 713 1108 11.
744 1088 787 1108 xv
818 1081 839 1109 ἓ.
880 1078 925 1118 xij
967 1078 1163 1110 columbaria

111 1126 340 1167 leporariorum
356 1130 388 1158 et
397 1127 418 1167 ij
436 1126 501 1157 albi
516 1126 640 1158 meruli.
687 1126 818 1157 Summa
833 1126 941 1158 totalis
958 1129 1162 1166 oneracionis,

112 1175 260 1217 v⁰1xxxiij
280 1176 312 1207 11.
329 1176 384 1216 viij
403 1180 424 1207 ἓ.
442 1176 488 1216 iiij
506 1176 535 1208 d.
554 1176 597 1216 xij
616 1176 810 1207 columbaria
826 1179 858 1207 et
873 1176 895 1217 ij
913 1176 978 1208 albi
994 1178 1117 1210 meruli.

156 1226 198 1257 Et
222 1236 286 1257 non
314 1229 424 1257 onerat
449 1236 481 1257 se
508 1225 548 1257 de
572 1226 671 1256 firmis
698 1225 841 1266 thanagii
865 1225 902 1257 de
926 1226 1063 1267 Kyntor,
1087 1229 1163 1269 quia

112 1275 252 1306 Jacobus
277 1275 420 1316 Douglas
445 1275 653 1306 constituitur
680 1275 870 1306 camerarius
897 1276 1047 1316 ejusdem.
1093 1278 1162 1309 Nec

113 1325 152 1357 de
191 1325 290 1356 firmis
315 1328 471 1355 terrarum
496 1324 535 1355 de
560 1324 757 1365 Abernethy,
784 1324 860 1365 quia
887 1325 991 1357 dictus
1022 1327 1163 1358 Jacobus

113 1375 252 1406 reddidit
268 1378 455 1415 computum
472 1374 510 1405 de
527 1375 653 1405 eisdem.

156 1425 304 1465 Expense
329 1424 479 1465 ejusdem.
525 1424 566 1454 In
589 1424 709 1465 primis,
737 1423 870 1455 allocate
898 1426 1098 1466 computanti
1125 1427 1163 1458 de

114 1474 213 1505 firmis
230 1477 390 1505 terrarum
406 1473 541 1505 dominii
557 1473 596 1505 (16
613 1473 825 1505 Strathdeein
841 1474 995 1505 comitatu
1011 1475 1050 1506 de
1067 1475 1164 1514 Marr,

115 1534 156 1555 ex
170 1534 206 1555 eo
223 1523 309 1564 quod
324 1523 447 1554 rentale
464 1523 567 1554 solum
581 1524 724 1554 continet
732 1523 767 1554 in
780 1534 812 1554 se
828 1524 1012 1564 octuaginta
1028 1528 1165 1565 quatuor

114 1572 211 1604 libras
228 1573 398 1605 tresdecim
414 1573 530 1604 solidos
546 1576 578 1604 et
594 1576 664 1603 octo
685 1573 830 1604 denarios
847 1576 879 1604 et
894 1574 1018 1605 rotulus
1034 1578 1163 1607 eentum

115 1623 223 1654 decem
239 1623 337 1654 libras
353 1633 408 1654 sex
422 1622 539 1654 solidos
551 1626 582 1653 et
598 1625 669 1653 octo
681 1622 836 1659 denarios,
847 1626 884 1653 ut
894 1626 983 1664 patet
999 1624 1033 1655 in
1043 1625 1163 1657 eisdem

114 1672 349 1713 particulariter
371 1672 561 1703 examinatis
585 1682 680 1713 super
703 1675 898 1712 computum,
921 1683 986 1703 xxv
1009 1673 1041 1705 fi.
1066 1674 1121 1715 xiij
1139 1679 1163 1706 Ξ.

116 1722 158 1753 Et
182 1722 294 1760 eidem,
318 1732 375 1763 per
397 1721 613 1753 decidenciam
639 1721 801 1752 firmarum
819 1721 952 1752 dominii
975 1722 1015 1754 de
1039 1723 1163 1755 strath-

117 1772 198 1803 done
213 1772 292 1803 dicti
308 1771 488 1807 comitatus,
504 1781 544 1802 ex
560 1781 596 1802 eo
612 1771 697 1811 quod
713 1774 902 1811 computans
925 1771 997 1812 plus
1014 1776 1164 1804 oneratur

116 1821 150 1852 in
164 1821 268 1852 rotulo
284 1831 382 1862 quam
396 1820 518 1851 rentale
535 1820 678 1851 continet
693 1830 748 1861 per
765 1820 895 1861 triginta
911 1824 1048 1861 quatuor
1057 1821 1163 1860 libras,

117 1870 155 1902 de
179 1871 263 1902 dicto
294 1881 385 1908 anno,
412 1870 525 1910 xxxiiij
563 1870 594 1900 11.
662 1870 704 1900 Et
730 1869 840 1907 eidem,
866 1880 923 1910 per
947 1870 1163 1903 decidenciam

117 1920 279 1952 firmarum
303 1920 436 1951 dominii
453 1920 491 1950 (16
508 1919 675 1950 Croomarr
698 1919 737 1950 de
760 1919 846 1950 dicto
863 1929 956 1957 anno,
971 1923 1008 1950 ut
1024 1924 1113 1960 patet
1128 1921 1163 1952 in

117 1973 264 2010 computo
288 1969 476 2011 precedente
500 1972 531 1999 et
555 1968 679 2006 rentali,
696 1968 773 2008 xviij
799 1968 831 1999 ti.
848 1969 902 2008 xvj
928 1973 954 1999 ἔ.
971 1969 1026 2009 viij
1045 1969 1073 2000 d.
1120 1971 1163 2002 Et

118 2019 229 2057 eidem,
245 2019 283 2050 de
299 2019 398 2050 firmis
417 2022 574 2049 terrarum
591 2018 629 2048 de
654 2017 892 2058 Crakynharde,
909 2018 1114 2059 Innerrenye,
1130 2024 1163 2051 et

118 2068 334 2110 Oammyskist
357 2069 391 2099 in
414 2068 555 2099 dominio
578 2067 617 2098 de
635 2067 811 2104 Strathdee‚
827 2071 956 2108 propter
978 2069 1162 2100 vastitatem

117 2119 295 2157 earundem,
321 2122 415 2160 prout
430 2121 520 2159 patet
543 2118 577 2148 in
601 2117 716 2148 rentali
732 2116 770 2147 de
793 2127 877 2148 anno
900 2118 1050 2158 computi,
1073 2118 1107 2148 ix
1129 2118 1161 2149 fi.

118 2167 173 2208 xiij
190 2172 212 2200 ἓ.
229 2168 275 2208 iiij
299 2168 338 2206 d„
361 2168 416 2199 sed
440 2177 525 2198 nune
541 2167 625 2197 dicte
648 2170 730 2198 terre
745 2166 940 2198 assedantur.
985 2167 1027 2198 Et
1050 2167 1162 2205 eidem,

118 2216 157 2248 (16
186 2217 284 2248 firmis
315 2221 470 2248 terrarum
501 2216 540 2247 de
572 2215 852 2257 Estirglenbuchat
882 2219 915 2247 et
953 2216 1162 2257 WVestirglen-
