1551 2462
0 1417 23 1534 fimes-rur
0 1340 23 1399 .-„

114 278 204 310 1467.
422 277 584 309 REGUM
609 277 854 310 SCOTORUM.
1096 281 1154 309 481

109 370 235 411 privato
259 370 336 402 alias
352 373 494 402 ostensas
510 381 606 412 super
628 373 824 412 computum,
848 370 1037 411 percipienti
1056 381 1158 401 annu-

110 419 188 451 atim
204 420 414 461 quadraginta
435 421 541 458 libras,
557 421 596 451 de
619 431 703 452 anno
727 421 869 461 computi
893 424 925 451 et
941 421 1000 451 sub
1016 420 1157 461 periculo

110 469 333 509 computantis,
349 480 370 500 x
385 469 418 501 11⁸,
463 470 505 500 Et
521 469 633 507 eidem,
657 470 696 501 de
712 470 812 501 firmis
836 473 993 501 terrarum
1009 470 1047 501 de
1069 470 1157 500 Estir

111 521 143 550 et
164 519 284 550 Westir
306 519 445 560 Busbyis
468 520 625 551 concessis
648 520 822 550 Laurencio
847 519 989 550 Dridene
1012 519 1047 549 in
1063 519 1154 549 feodo

112 567 151 599 de
173 568 323 599 mandato
345 568 468 599 domini
490 569 581 610 regis,
605 568 644 600 de
671 568 755 599 dioto
787 579 871 599 anno
895 572 927 599 et
951 569 1010 599 sub
1042 568 1152 599 eodem

111 617 258 658 pen'culQ
282 628 303 648 v
332 617 365 648 H.
393 618 424 658 vj
457 622 479 649 s.
507 618 564 658 viij
596 618 625 649 d.
671 618 714 649 Et
740 618 852 655 eidem,
879 628 936 658 per
960 617 1155 648 solucionem

111 667 227 698 factam
253 667 360 698 David
384 667 424 698 de
448 667 623 708 Dalrimpil
648 670 727 698 tunc
752 668 913 708 temporis,
939 667 978 698 de
1004 667 1156 698 mandato

111 716 192 747 bone
208 716 357 747 memorie
374 716 477 748 Marie
500 717 608 758 regine
625 716 742 754 Scocie,
758 727 814 758 pro
837 717 1070 757 composicione
1093 720 1155 747 ter-

109 776 214 797 rarum
230 766 269 797 de
285 766 451 804 Boltoune,
474 766 604 798 custode
627 767 746 807 privati
768 767 866 808 sigilli
889 769 1027 798 testante
1043 766 1154 796 mand-

109 819 198 847 atum
221 826 316 856 super
342 820 537 857 computum,
562 820 599 847 ut
624 819 715 858 patet
739 817 840 847 eciam
863 827 919 857 per
941 816 1050 847 literas
1078 815 1154 846 dicti

109 915 218 952 eidem,
234 925 291 956 pro
309 916 441 957 triginta
456 916 558 947 tribus
574 916 686 947 martis
709 916 825 956 emptis
841 926 897 956 per
913 918 1154 956 computantem

108 968 140 996 et
162 965 274 1006 positis
298 965 333 995 in
356 965 528 996 lardinaria
551 965 635 996 dicte
659 965 787 997 domine
810 966 928 1006 regine,
944 975 1005 1006 que
1024 975 1089 995 non
1104 965 1154 995 in-

107 1016 232 1045 trantur
246 1014 280 1045 in
296 1014 385 1046 libris
401 1015 559 1046 dietarum
583 1015 666 1046 dicte
683 1015 811 1046 domine
832 1015 949 1055 regine,
965 1017 1059 1055 prout
1075 1014 1154 1045 fides

108 1063 190 1094 facta
220 1063 283 1095 fuit
306 1074 401 1105 super
427 1067 625 1105 computum,
652 1064 756 1105 xxxiij
784 1064 817 1096 fi.
844 1064 876 1104 xj
903 1068 936 1101 s„
961 1074 1023 1104 que
1052 1067 1153 1094 marte

107 1116 230 1154 recepte
246 1117 337 1145 erant
353 1114 392 1145 ad
409 1125 565 1155 expensas
589 1114 712 1145 domini
735 1114 817 1155 regis
841 1116 913 1155 post
930 1114 1054 1145 obitum
1069 1113 1154 1144 dicte

108 1162 234 1194 domine
256 1163 370 1204 regine.
416 1164 459 1194 Et
482 1164 593 1201 eidem,
617 1163 657 1195 ad
681 1174 838 1205 expensas
865 1166 1026 1195 certorum
1053 1163 1154 1194 verle—

107 1214 211 1243 torum
227 1215 259 1243 et
279 1213 415 1244 aliorum
439 1213 631 1244 servitorum
653 1213 859 1244 manencium
882 1214 916 1244 in
938 1213 1096 1244 Methven
1119 1213 1154 1244 in

107 1262 249 1294 custodia
271 1273 427 1304 equorum
455 1263 577 1294 domini
599 1263 682 1304 regis
707 1273 763 1304 per
786 1266 914 1304 tempus
939 1263 1090 1304 computi,
1117 1267 1154 1293 ut

106 1315 192 1352 patet
208 1312 242 1343 in
259 1313 370 1344 cedula
394 1313 608 1354 computantis
632 1313 815 1344 examinata
839 1323 934 1353 super
957 1316 1154 1353 computum,

105 1362 139 1402 iij
163 1362 195 1393 n'.
219 1373 262 1393 xv
285 1367 307 1394 ἔ.
353 1363 397 1394 Et
421 1363 533 1399 eidem,
560 1373 617 1403 per
642 1362 838 1394 solucionem
866 1363 984 1394 factam
1009 1362 1152 1393 Johanni

106 1411 173 1443 Ker
187 1411 227 1443 de
242 1412 367 1443 stabulo
383 1413 464 1453 regis
481 1412 519 1443 de
536 1412 627 1443 feodo
651 1422 707 1443 suo
723 1412 763 1443 de
786 1412 922 1443 termino
939 1412 1048 1443 Sancti
1064 1412 1152 1442 Mar-

105 1460 166 1491 tini
188 1471 271 1492 anno
294 1464 351 1493 etc.
376 1462 571 1502 sexagesimo
595 1461 716 1502 quinto,
733 1472 773 1492 ex
793 1462 944 1492 mandato
968 1461 1090 1492 domini
1112 1461 1150 1492 de

106 1509 194 1547 Luss,
209 1513 286 1541 tunc
301 1510 454 1551 temporis
477 1514 700 1551 computorum
723 1511 915 1548 rotulatoris,
939 1514 975 1541 ut
992 1514 1080 1551 patet
1096 1521 1152 1551 per

107 1558 232 1590 literam
248 1570 339 1590 suam
354 1570 453 1590 manu
470 1570 526 1590 sua
542 1560 755 1600 subscriptam
772 1563 804 1591 et
817 1560 975 1600 signatam
992 1564 1151 1591 ostensam

107 1617 200 1648 super
226 1611 422 1649 computum,
447 1619 520 1640 cum
545 1609 661 1649 quibus
688 1609 792 1640 dictus
815 1609 971 1640 rotulator
993 1619 1059 1640 non
1085 1612 1151 1640 erat
1165 1607 1357 1659 ggffifflfflseffi

107 1658 297 1689 oneratusin
307 1658 421 1689 ultimo
438 1662 587 1699 computo
604 1669 669 1695 suo,
686 1658 740 1689 sed
757 1659 936 1690 onerandus
947 1662 995 1690 est
1011 1659 1050 1690 de
1060 1669 1151 1697 novo,
1165 1666 1225 1688 Luss
1235 1666 1265 1689 de
1276 1673 1344 1689 novo.

107 1707 183 1747 xxvj
200 1711 222 1738 s.
235 1707 291 1747 viij
316 1707 345 1738 d.
391 1708 433 1738 Et
457 1708 570 1745 eidem,
592 1718 649 1749 pro
666 1708 765 1749 gagiis
782 1712 942 1739 certorum
958 1708 1151 1739 verletorum

107 1757 346 1797 expectancium
356 1757 389 1788 in
399 1757 556 1788 Methven
573 1758 706 1789 diversis
718 1758 842 1789 vicibus
860 1758 897 1789 de
910 1758 1060 1789 mandato
1073 1758 1151 1789 dicti

107 1805 226 1837 domini
256 1807 345 1844 Luss,
368 1811 445 1838 tunc
469 1807 620 1848 temporis
648 1811 869 1848 computorum
900 1807 1091 1844 rotulatoris‚
1114 1811 1151 1838 ut

106 1857 193 1895 patet
208 1856 306 1887 eciam
328 1867 385 1897 per
408 1861 593 1897 preceptum
616 1867 710 1888 suum
734 1858 950 1897 subscriptum
972 1867 1068 1887 manu
1093 1867 1151 1888 sua

108 1907 269 1936 ostensum
292 1916 387 1947 super
410 1910 604 1947 computum,
628 1917 751 1938 necnon
774 1917 831 1947 pro
855 1907 964 1938 ferreis
987 1917 1150 1947 equorum,

109 1955 363 1995 reparacionibus
380 1956 588 1994 stabulorum,
604 1960 640 1987 ut
655 1959 745 1997 patet
760 1957 793 1987 in
807 1956 919 1987 cedula
935 1957 1150 1997 computantis

108 2004 286 2036 examinata
301 2016 396 2046 super
411 2009 605 2047 computum,
622 2017 688 2037 xxv
703 2006 734 2036 fi.
752 2006 806 2036 xix
824 2010 846 2036 ἕ.
864 2016 884 2035 x
901 2005 929 2036 d,
975 2006 1018 2036 Et
1038 2006 1149 2043 eidem,

109 2063 165 2094 pro
180 2055 327 2095 expensis
350 2055 543 2087 verletorum
566 2059 598 2086 et
620 2055 893 2086 arehitenencium
917 2065 935 2085 a
958 2055 1008 2086 die
1032 2054 1149 2086 duode-

109 2103 189 2134 cimo
204 2104 389 2136 Decembris
405 2115 488 2136 anno
505 2104 582 2135 LXV⁰
599 2115 700 2145 usque
716 2105 750 2135 in
766 2105 918 2135 ult-imum
934 2104 1018 2135 diem
1031 2106 1149 2136 mensis

110 2151 254 2183 Januarii
277 2153 420 2193 ejusdem
444 2154 529 2191 anni,
552 2154 645 2185 factis
668 2164 725 2194 per
747 2156 994 2194 computantem,
1011 2164 1150 2185 unacum

108 2200 223 2241 viginti
247 2202 355 2234 solidis
385 2203 468 2234 datis
494 2213 551 2244 pro
578 2202 722 2234 custodia
748 2203 831 2243 prati
855 2213 912 2243 per
936 2203 1014 2234 duos
1041 2213 1150 2240 annos,

148 2257 217 2282 voL.
233 2259 287 2282 vn.
957 2252 974 2282 2
993 2260 1015 2282 H
