1551 2462
170 1587 217 1609 Res
236 1586 334 1609 ondebit

173 1617 223 1639 Gut
241 1623 277 1650 ry,
290 1616 340 1639 the-

172 1652 299 1669 saux-anus

175 1788 300 1830 rebiys.

170 2131 217 2154 Res
236 2131 334 2153 ondebit

170 2138 272 2194 Gutbry,
284 2160 335 2183 the-

170 2196 296 2214 saux-arius.

387 258 447 287 158
688 257 852 289 ROTULI
876 257 1111 290 SCACCARII
1341 260 1355 288 1
1362 260 1433 290 462.

384 348 493 389 1462],
517 359 573 390 per
595 349 770 381 Robertum
794 350 832 382 de
855 350 988 387 Duchir,
1011 360 1113 381 unum
1136 349 1330 381 ballivomm
1352 349 1432 381 dicti

385 397 485 439 burgi,
501 398 512 439 [
515 399 604 439 from
619 400 641 430 5
655 399 735 440 July
749 400 858 437 1459,-
880 400 903 430 3
917 410 1012 440 years.

430 448 555 488 (ΒΖΜ-ρὰ
600 448 729 487 Ferme-s,
746 449 990 490 byfezc-chfartor,
1005 448 1105 489 2360]

427 497 575 538 Expense
590 498 769 529 eorundem.
816 499 856 529 In
872 498 992 538 primis,
1005 497 1138 529 allocate
1162 497 1359 539 compotanti
1375 507 1435 539 per

383 546 577 578 solucionem
593 547 711 578 factam
726 547 869 578 Johanni
886 547 1116 588 Skrimgeoure,
1132 547 1238 584 militi,
1261 547 1430 578 constabu-

383 596 462 627 lario
489 596 527 627 de
550 597 677 634 Dunde,
699 596 888 637 percipienti
912 597 1079 627 annuatim
1106 596 1221 637 viginti
1252 596 1370 628 solidos
1392 596 1431 628 de

382 646 483 677 firmis
503 645 679 676 molendini
695 646 773 677 dicti
795 645 896 686 burgi,
911 649 948 676 ut
964 649 1053 686 patet
1075 646 1109 677 in
1124 646 1238 677 rotulis
1260 646 1431 687 preceden-

383 696 478 733 tibus,
494 695 578 726 dicto
594 695 615 726 J
618 695 742 726 ohanne
759 695 880 726 fatente
902 705 959 736 per
974 694 1083 726 literas
1099 706 1172 727 suas
1188 696 1227 727 de
1249 698 1377 737 recepto
1393 695 1433 726 de

384 745 478 776 dictis
493 745 606 781 tribus,
629 744 729 781 annis,
745 744 778 784 iij
796 744 828 775 li„
874 744 916 775 Et
938 744 1035 785 priori
1058 748 1090 776 et
1113 746 1285 776 conventui
1309 745 1433 776 Sancti-

384 795 509 830 andree,
524 794 773 835 percipientibus
797 794 964 825 annuatim
986 804 1084 825 unam
1107 805 1248 826 marcam
1270 795 1309 826 de
1332 795 1433 825 firmis

383 844 567 885 burgalibus
584 843 661 874 dicti
676 843 775 884 burgi,
788 843 827 874 de
839 843 932 874 dictis
948 843 1051 874 tribus
1067 844 1158 875 annis
1175 847 1207 876 et
1221 837 1281 875 sub
1292 843 1434 885 periculo

385 893 604 934 compotantis,
636 892 670 923 xl
696 897 719 924 s.
764 893 807 923 Et
833 893 998 924 Fratribus
1029 893 1210 925 Minoribus
1237 894 1277 924 de
1305 894 1434 931 Dunde,

383 943 632 984 percipientibus
649 942 816 973 annuatim
832 943 974 983 quinque
988 942 1086 974 libras
1101 942 1141 974 de
1156 943 1250 974 dictis
1266 943 1374 981 firmis,
1396 946 1435 974 ut

385 996 475 1033 patet
511 993 546 1023 in
576 992 696 1023 eisdem
725 992 839 1023 rotulis
877 991 1129 1032 precedentibus,
1159 992 1257 1023 fratre
1294 993 1434 1023 Robe1to

385 1043 559 1079 Fentoune,
575 1042 693 1072 vicario
712 1041 852 1082 generali
877 1041 954 1072 dicti
979 1041 1108 1079 ordinis,
1133 1041 1254 1073 fatente
1279 1052 1335 1083 per
1359 1052 1433 1073 suas

384 1091 493 1123 literas
516 1094 680 1133 receptum
705 1101 800 1132 super
822 1094 1005 1132 compotum
1026 1090 1065 1121 de
1088 1090 1182 1122 dictis
1206 1091 1309 1123 tribus
1332 1091 1434 1128 annis,

387 1151 431 1171 xv
456 1141 488 1172 fi.
534 1137 577 1172 Et
611 1141 735 1172 duobus
762 1140 935 1181 capellanis
970 1140 1205 1172 celebrantibus
1231 1141 1266 1171 in
1302 1140 1434 1172 ecclesia
1483 1138 1492 1146 ⁶

386 1190 560 1222 cathedrali
590 1190 799 1222 Brechinensi
829 1190 971 1221 fundatis
996 1200 1053 1231 per
1079 1190 1240 1231 quondam
1267 1189 1434 1221 dominum

384 1240 561 1271 Robertum
576 1239 734 1280 Erskyne,
745 1239 996 1280 percipientibus
1008 1239 1176 1270 annuatim
1187 1239 1296 1271 decem
1311 1249 1434 1271 marcas

385 1290 424 1321 de
439 1290 539 1321 firmis
563 1289 641 1321 dicti
661 1289 762 1330 burgi,
788 1292 825 1319 ut
851 1292 940 1329 patet
962 1289 997 1320 in
1023 1289 1136 1320 rotulis
1163 1289 1312 1330 antiquis,
1339 1289 1434 1321 dictis
1498 1305 1507 1308 -

384 1338 556 1379 capellanis
572 1349 629 1380 per
643 1349 716 1370 suas
731 1338 841 1369 literas
856 1338 1030 1369 fatentibus
1053 1341 1217 1379 receptum
1232 1349 1327 1380 super
1349 1348 1434 1369 com-

384 1393 497 1429 potum
513 1388 551 1419 de
568 1388 661 1419 dictis
687 1388 791 1423 tribus
815 1387 916 1424 annis,
941 1397 985 1417 xx
1008 1387 1040 1417 li.
1086 1388 1128 1418 Et
1152 1387 1280 1418 Andree
1305 1387 1434 1418 domino

386 1438 482 1479 Gray,
498 1437 687 1478 percipient-i
702 1437 868 1467 annuatim
885 1445 940 1467 sex
955 1436 1053 1467 libras
1068 1436 1107 1467 de
1123 1436 1223 1467 firmis
1246 1436 1323 1468 dicti
1333 1437 1434 1478 burgi,

384 1492 421 1518 ut
432 1490 520 1528 patet
531 1496 588 1527 per
600 1496 672 1517 suas
684 1486 792 1517 literas
805 1485 844 1516 de
855 1488 982 1526 recepto
992 1489 1134 1516 ostensas
1146 1496 1241 1526 super
1251 1490 1434 1527 compotum

385 1537 424 1568 de
446 1536 540 1568 dictis
568 1536 660 1566 annis
683 1535 721 1566 de
748 1534 914 1566 duodecim
941 1535 1040 1572 libris,
1067 1539 1099 1566 et
1125 1535 1245 1566 Thome
1268 1536 1434 1577 Olyphant

384 1587 510 1617 racione
526 1595 640 1626 sponse
656 1595 712 1615 sue
727 1595 784 1625 pro
800 1594 856 1615 sua
872 1584 970 1615 tercia
986 1584 1024 1615 de
1041 1584 1134 1616 dictis
1154 1585 1300 1617 terminis
1316 1585 1355 1617 de
1377 1596 1434 1617 sex

385 1636 484 1672 libris,
508 1635 585 1675 xviij
610 1634 642 1666 fi.
688 1634 747 1674 [To
772 1633 947 1672 Trcasurer,
970 1634 1031 1665 Aa).
1077 1634 1165 1672 Sum,
1188 1635 1286 1676 ἔθα]
1330 1635 1373 1666 Et
1388 1636 1434 1667 sic

386 1695 473 1726 eque.

429 1784 620 1825 Compotum
635 1782 828 1814 ballivorum
843 1781 935 1823 burgi
958 1781 996 1813 de
1013 1781 1129 1819 Peblis,
1146 1781 1302 1824 [Stirlinffi
1319 1783 1340 1814 6¹
1354 1783 1435 1825 szy

384 1834 494 1875 1462}
524 1843 581 1874 per
609 1832 632 1864 J
634 1832 791 1864 ohannem
821 1831 940 1868 Vache,
969 1832 1098 1863 nomine
1129 1832 1320 1864 ballivorum
1354 1832 1433 1865 dicti

386 1883 486 1925 burgi,
503 1882 606 1924 [from
622 1883 665 1913 10
679 1881 790 1912 Illarch
805 1882 892 1919 1460
903 1892 915 1919 ;
937 1882 961 1912 3
975 1885 1075 1912 tcrms.

431 1933 556 1973 olm-92.
599 1932 728 1968 Formas,
750 1931 787 1971 by
801 1931 1005 1971 feu-chartam
1028 1931 1112 1969 2814„
1172 1930 1377 1962 Annualrent
1401 1931 1439 1972 of

385 1982 476 2013 lancis
488 1983 524 2022 of
539 1981 683 2012 William
692 1977 787 2022 Doby,
796 1990 869 2020 asp.
883 1981 925 2017 41
929 2005 934 2017 ‚
946 1982 988 2012 53.
1025 1981 1125 2012 Issues
1136 1981 1200 2021 osa
1209 1981 1434 2013 chamberlain-

384 2043 466 2073 (ψη,
481 2032 536 2063 ,ΕΒ
552 2032 592 2062 63.
609 2031 659 2062 802.
704 2029 791 2067 Sum,
803 2030 879 2061 :4⁰17
893 2030 957 2060 113.
974 2030 1024 2060 Sd.

428 2081 604 2121 Discharye.
661 2080 704 2111 To
730 2078 877 2119 Hospital
902 2079 939 2119 of
963 2079 1006 2110 St.
1031 2079 1183 2117 Lconard,
1206 2090 1242 2110 as
1270 2090 1301 2121 p.
1325 2080 1376 2117 41,
1399 2082 1433 2111 at

385 2131 458 2168 risle,
474 2131 536 2161 2312.
584 2130 629 2160 To
655 2128 830 2166 Treasurer,
845 2129 928 2166 ,5³14
974 2127 1061 2165 Sum,
1076 2129 1160 2159 ‚effi
1213 2129 1358 2167 Balanea,
1378 2129 1431 2160 ,431
1480 2124 1493 2131 ’

389 2182 452 2211 113.
469 2180 534 2220 sa]
