1551 2462
330 242 344 270 1
353 241 391 270 96
642 237 811 270 ROTULI
835 237 1070 270 SGACCARII
1293 238 1383 266 1463.

322 332 433 364 -celdre
450 332 493 373 vij
510 331 595 363 bolle
610 332 632 373 ij
650 332 763 364 ferlote
780 332 801 374 ij
819 342 914 373 pecce
926 342 1000 363 cum
1015 331 1113 363 tercia
1124 333 1214 372 parte
1227 329 1339 362 ferlote
1352 332 1384 360 et

329 383 351 423 ij
365 382 460 413 bollis
477 382 579 413 farine
597 383 771 414 avenatice.
818 382 949 413 Summa
965 382 1149 419 carbonum,
1163 380 1253 421 xxxij
1271 379 1382 411 celdre.

373 432 523 473 Expense
547 432 699 473 ejusdem.
745 432 786 463 In
812 432 933 472 primis,
957 431 1091 463 allocate
1116 429 1313 472 compotanti
1327 439 1385 470 per

330 481 527 513 solucionem
558 482 677 514 factam
714 482 880 514 Fratribus
918 481 1173 513 Predicatoribus
1204 480 1244 512 de
1268 479 1384 520 Cupro,

329 532 581 574 percipientibus
599 532 766 563 annuatim
781 531 821 562 ad
836 542 950 563 manus
967 531 1110 572 proprias
1127 530 1270 571 quinque
1284 529 1384 560 libras

331 582 431 612 annui
446 582 591 613 redditus
607 581 645 613 de
661 581 753 613 terris
778 582 816 612 de
840 581 998 618 Rothulit,
1013 583 1050 611 ut
1076 583 1166 621 patet
1190 580 1224 610 in
1240 577 1383 619 antiquis

329 630 444 662 rotulis
475 634 508 661 et
538 630 597 661 sub
627 631 768 671 periculo
799 630 1021 671 compotantis‚
1050 640 1072 660 v
1101 629 1134 661 n.
1179 630 1222 660 Et
1254 627 1383 659 domino

330 680 478 721 episcopo
524 680 757 717 Dmkeldensi,
793 679 984 721 percipienti
1030 679 1199 710 annuatim
1246 681 1385 719 quatuor

330 740 453 761 marcas
474 730 574 761 annui
597 730 739 762 redditus
764 733 846 761 terre
869 730 908 761 de
924 730 1080 766 Urchard,
1097 729 1143 770 liij
1161 733 1184 760 s.
1201 728 1247 769 iiij
1266 727 1295 758 d.
1340 727 1383 758 Et

330 780 517 812 Alexandro
527 780 667 821 Ramsay
673 780 711 811 de
717 779 1097 821 Brekmont,percipienti
1107 779 1274 810 annuatim
1284 787 1382 808 unam

329 839 470 860 marcam
486 830 587 860 annui
602 830 746 861 redditus
762 840 819 870 pro
842 829 1025 871 aqueductu
1040 826 1081 861 ad
1105 829 1327 860 molendinum
1342 827 1382 858 de

329 878 576 916 Thomastoune,
599 879 655 920 xiij
680 883 703 911 s.
726 879 772 920 iiij
795 879 824 910 d.
871 880 913 910 Et
939 879 1067 910 domino
1092 878 1131 909 de
1156 877 1383 918 Munquhany,

328 927 519 968 percipienti
550 929 718 960 annuatim
755 931 826 959 octo
863 938 985 959 marcas
1023 928 1122 958 annui
1160 927 1302 959 redditus
1340 926 1380 957 de

328 977 519 1017 Estirferny,
531 977 570 1008 de
585 977 731 1009 terminis
743 978 880 1018 compoti
891 980 923 1008 et
934 977 994 1008 sub
1005 977 1147 1020 periculo
1157 976 1378 1017 compotantis,

329 1036 350 1055 v
365 1025 397 1057 n.
414 1026 446 1067 vj
464 1031 487 1057 5.
504 1027 559 1067 viij
577 1026 607 1059 d.
652 1027 696 1057 Et
711 1026 876 1067 capellano
900 1026 1075 1059 celebranti
1097 1026 1139 1057 ad
1157 1026 1256 1057 altare
1273 1024 1383 1056 Sancti

328 1076 498 1107 Laurencii
524 1076 557 1107 in
577 1076 708 1108 ecclesia
733 1076 772 1107 de
799 1076 952 1118 Collessy,
976 1087 1015 1108 ex
1035 1076 1227 1107 fundacione
1241 1079 1383 1107 anteces-

329 1135 437 1157 sorum
452 1125 574 1157 domini
590 1126 681 1167 regis,
696 1126 887 1167 percipienti
902 1126 1070 1158 annuatim
1082 1126 1121 1158 de
1137 1126 1236 1157 firmis
1248 1128 1331 1157 terre
1343 1125 1383 1157 de

328 1174 472 1206 Kinloch
495 1175 605 1206 decem
630 1185 761 1213 marcas,
782 1176 821 1207 de
837 1186 921 1207 anno
946 1175 1086 1217 compoti
1110 1179 1142 1208 et
1165 1176 1225 1207 sub
1240 1175 1382 1216 periculo

327 1225 550 1265 compotantis,
567 1225 599 1266 vj
616 1224 648 1258 u'.
666 1225 723 1266 xiij
740 1230 764 1258 s.
779 1225 825 1266 iiij
841 1225 870 1260 d.
908 1226 951 1257 Et
963 1226 1111 1267 episcopo
1124 1225 1233 1257 Sancti
1244 1224 1383 1261 Andree,

327 1284 383 1315 pro
400 1284 479 1305 cana
495 1274 534 1305 de
551 1274 657 1315 Cupro
680 1275 742 1306 sibi
765 1278 798 1306 et
820 1275 952 1306 ecclesie
975 1285 1031 1307 sue
1054 1275 1162 1306 debita
1183 1275 1223 1306 ab
1239 1275 1383 1315 antiquo,

327 1326 365 1355 ut
379 1327 469 1364 patet
483 1324 518 1354 in
534 1324 648 1356 rotulis
674 1325 928 1365 precedentibus,
953 1325 992 1356 de
1019 1335 1103 1356 anno
1128 1324 1268 1365 compoti
1294 1327 1327 1355 et
1342 1324 1382 1355 de

329 1383 413 1404 anno
429 1373 619 1413 precedente
645 1374 705 1405 hoc
727 1378 920 1415 compotum,
936 1374 1012 1415 quia.
1034 1374 1070 1406 in
1091 1374 1207 1405 ultimo
1234 1377 1381 1414 compoto

329 1432 386 1453 suo
403 1422 540 1454 oblitum
556 1423 619 1454 fuit
634 1423 769 1455 ancare
785 1423 904 1454 dictam
927 1434 1049 1461 canam,
1065 1424 1124 1455 sub
1139 1423 1280 1464 periculo
1296 1433 1381 1454 com-

326 1472 478 1513 potantis,
494 1472 563 1512 ipso
579 1473 727 1514 episcopo
748 1473 922 1514 recipiente
937 1473 1104 1505 annuatim
1121 1476 1258 1514 quatuor
1274 1472 1380 1510 libras,

328 1521 367 1552 de
397 1521 492 1552 dictis
523 1522 647 1554 duobus
678 1523 778 1559 annis,
809 1522 864 1563 viij
896 1523 928 1554 n.
961 1523 1039 1564 xviij
1078 1527 1101 1555 ἒ.
1156 1523 1199 1554 Et
1237 1522 1379 1564 Georgeo

326 1570 551 1612 Bannachtyn,
574 1581 631 1612 pro
661 1571 863 1612 reparaciqne
893 1575 925 1606 et
949 1572 1185 1604 sustentacione
1215 1582 1307 1612 parce
1338 1571 1376 1602 de

326 1619 491 1651 Faucland
518 1620 557 1651 de
584 1631 668 1651 anno
695 1621 844 1661 compoti,
868 1621 903 1653 xl
927 1625 951 1652 s.
996 1622 1039 1656 Et
1058 1621 1203 1652 Johanni
1218 1620 1377 1658 Balfoure,

327 1669 603 1700 connestabulario
620 1670 716 1701 castri
730 1670 768 1701 de
778 1670 951 1709 Fauoland,
962 1681 1019 1712 pro
1033 1670 1123 1702 feodo
1133 1680 1191 1703 suo
1203 1670 1242 1701 de
1254 1670 1378 1701 duobus

326 1718 474 1749 terminis
499 1718 596 1760 hujus
612 1720 760 1760 compoti,
783 1720 862 1761 xviij
888 1720 920 1752 u.
965 1721 1008 1752 Et
1033 1720 1198 1752 Willelmo
1222 1720 1378 1757 Dravare,

326 1778 383 1809 pro
413 1768 617 1808 reparacione
655 1769 853 1809 aqueductus
891 1770 930 1801 de
969 1769 1133 1801 Fauoland
1162 1779 1218 1812 per
1249 1773 1377 1811 tempus

325 1818 474 1858 compoti,
491 1818 522 1858 xj
545 1822 568 1849 s.
613 1818 656 1850 Et
678 1811 736 1859 pro
759 1818 933 1850 falcacione
957 1822 990 1853 et
1012 1819 1192 1850 lucracione
1217 1818 1284 1851 feni
1306 1829 1377 1860 pra-

324 1870 432 1898 torum
456 1867 494 1898 de
511 1867 674 1900 Faucland
699 1871 731 1901 et
754 1867 992 1909 Uohtermukty
1016 1868 1055 1900 de
1080 1878 1196 1909 oroppo
1220 1868 1377 1908 presentis

325 1916 411 1954 anni,
450 1917 504 1957 xvj
544 1916 576 1949 u.
615 1917 671 1957 xiij
718 1921 741 1948 5.
779 1917 825 1957 iiij
865 1917 893 1948 d.
963 1918 1006 1949 Et
1048 1921 1185 1960 quatuor
1222 1917 1377 1958 serjandis

326 1966 566 1999 vicecomitatus
598 1966 637 1998 de
668 1966 758 2007 Fyffe
792 1976 848 2007 pro
883 1966 983 1998 feodis
1020 1964 1095 2004 suis,
1129 1966 1273 2008 quolibet
1305 1976 1376 2007 per·

325 2065 448 2097 sionem
471 2065 589 2097 factam
612 2076 669 2107 per
694 2065 857 2098 dominam
883 2066 1025 2107 reginam
1056 2065 1221 2097 Willelmo
1253 2066 1378 2096 Bonare

325 2114 365 2144 dc
390 2115 489 2146 firmis
504 2114 590 2148 Aule
615 2115 654 2146 de
679 2115 782 2156 Rossy
806 2125 880 2146 cum
896 2115 1014 2155 quibus
1030 2118 1216 2155 compotans
1231 2114 1377 2155 superius

326 2166 483 2202 oneratur,
519 2164 649 2197 custode
688 2164 804 2207 privati
844 2163 942 2206 sigilli
981 2167 1121 2197 testante
1160 2164 1379 2196 remissionem
