<?xml version="1.0" encoding="UTF-8"?>
<!DOCTYPE html PUBLIC "-//W3C//DTD XHTML 1.0 Transitional//EN"
    "http://www.w3.org/TR/xhtml1/DTD/xhtml1-transitional.dtd">
<html xmlns="http://www.w3.org/1999/xhtml" xml:lang="en" lang="en">
 <head>
  <title>
</title>
<meta http-equiv="Content-Type" content="text/html;charset=utf-8" />
  <meta name='ocr-system' content='tesseract 3.04.00' />
  <meta name='ocr-capabilities' content='ocr_page ocr_carea ocr_par ocr_line ocrx_word'/>
</head>
<body>
  <div class='ocr_page' id='page_1' title='image "./rotuliscaccariir07scot_0528.png"; bbox 0 0 1551 2462; ppageno 0'>
   <div class='ocr_carea' id='block_1_1' title="bbox 1177 0 1551 292">
    <p class='ocr_par' dir='ltr' id='par_1_1' title="bbox 1177 0 1551 292">
     <span class='ocr_line' id='line_1_1' title="bbox 1177 0 1551 292; baseline 0 2170"><span class='ocrx_word' id='word_1_1' title='bbox 1177 0 1551 292; x_wconf 95' lang='lat' dir='ltr'> </span> 
     </span>
    </p>
   </div>
   <div class='ocr_carea' id='block_1_2' title="bbox 362 302 1466 355">
    <p class='ocr_par' dir='ltr' id='par_1_2' title="bbox 362 302 1466 355">
     <span class='ocr_line' id='line_1_2' title="bbox 362 302 1466 355; baseline -0.002 -1"><span class='ocrx_word' id='word_1_2' title='bbox 362 326 424 355; x_wconf 87' lang='lat'>450</span> <span class='ocrx_word' id='word_1_3' title='bbox 677 302 841 354; x_wconf 70' lang='lat' dir='ltr'>Rerum</span> <span class='ocrx_word' id='word_1_4' title='bbox 866 320 1103 354; x_wconf 79' lang='lat' dir='ltr'>SOAGOARH</span> <span class='ocrx_word' id='word_1_5' title='bbox 1326 321 1410 353; x_wconf 80' lang='lat'><strong>146⁷</strong></span> <span class='ocrx_word' id='word_1_6' title='bbox 1458 317 1466 322; x_wconf 89' lang='lat'>·</span> 
     </span>
    </p>
   </div>
   <div class='ocr_carea' id='block_1_3' title="bbox 356 414 1419 1100">
    <p class='ocr_par' dir='ltr' id='par_1_3' title="bbox 356 414 1417 596">
     <span class='ocr_line' id='line_1_3' title="bbox 356 414 1414 457; baseline -0.002 -10"><span class='ocrx_word' id='word_1_7' title='bbox 356 416 369 457; x_wconf 84' lang='lat' dir='ltr'><strong>j</strong></span> <span class='ocrx_word' id='word_1_8' title='bbox 409 425 506 457; x_wconf 87' lang='lat' dir='ltr'>pecca</span> <span class='ocrx_word' id='word_1_9' title='bbox 540 425 615 447; x_wconf 89' lang='lat' dir='ltr'>cum</span> <span class='ocrx_word' id='word_1_10' title='bbox 650 414 790 446; x_wconf 88' lang='lat' dir='ltr'>dimedia</span> <span class='ocrx_word' id='word_1_11' title='bbox 820 415 984 457; x_wconf 84' lang='lat' dir='ltr'>frumenti.</span> <span class='ocrx_word' id='word_1_12' title='bbox 1041 414 1173 446; x_wconf 86' lang='lat' dir='ltr'>Summa</span> <span class='ocrx_word' id='word_1_13' title='bbox 1203 424 1414 455; x_wconf 84' lang='lat' dir='ltr'>expensarum</span> 
     </span>
     <span class='ocr_line' id='line_1_4' title="bbox 360 464 1416 506; baseline -0.001 -10"><span class='ocrx_word' id='word_1_14' title='bbox 360 465 516 497; x_wconf 73' lang='lat' dir='ltr'>frumenti</span> <span class='ocrx_word' id='word_1_15' title='bbox 531 468 626 506; x_wconf 90' lang='lat' dir='ltr'>patet.</span> <span class='ocrx_word' id='word_1_16' title='bbox 673 465 716 496; x_wconf 90' lang='lat' dir='ltr'>Et</span> <span class='ocrx_word' id='word_1_17' title='bbox 731 465 777 496; x_wconf 90' lang='lat' dir='ltr'>sic</span> <span class='ocrx_word' id='word_1_18' title='bbox 792 467 915 495; x_wconf 85' lang='lat' dir='ltr'>restant</span> <span class='ocrx_word' id='word_1_19' title='bbox 931 475 975 495; x_wconf 82' lang='lat' dir='ltr'>xv</span> <span class='ocrx_word' id='word_1_20' title='bbox 999 464 1104 496; x_wconf 88' lang='lat' dir='ltr'>eeldre</span> <span class='ocrx_word' id='word_1_21' title='bbox 1119 475 1141 496; x_wconf 88' lang='lat' dir='ltr'><strong>x</strong></span> <span class='ocrx_word' id='word_1_22' title='bbox 1164 464 1248 496; x_wconf 89' lang='lat' dir='ltr'>bolle</span> <span class='ocrx_word' id='word_1_23' title='bbox 1263 465 1285 505; x_wconf 87' lang='lat' dir='ltr'>ij</span> <span class='ocrx_word' id='word_1_24' title='bbox 1303 464 1416 496; x_wconf 82' lang='lat' dir='ltr'>ferlote</span> 
     </span>
     <span class='ocr_line' id='line_1_5' title="bbox 360 514 1417 556; baseline -0.002 -9"><span class='ocrx_word' id='word_1_25' title='bbox 360 515 395 556; x_wconf 87' lang='lat' dir='ltr'>iij</span> <span class='ocrx_word' id='word_1_26' title='bbox 426 525 521 556; x_wconf 85' lang='lat' dir='ltr'>pecce</span> <span class='ocrx_word' id='word_1_27' title='bbox 547 515 708 546; x_wconf 72' lang='lat' dir='ltr'>frumenti.</span> <span class='ocrx_word' id='word_1_28' title='bbox 755 515 798 545; x_wconf 87' lang='lat' dir='ltr'>Et</span> <span class='ocrx_word' id='word_1_29' title='bbox 825 514 973 545; x_wconf 85' lang='lat' dir='ltr'>similiter</span> <span class='ocrx_word' id='word_1_30' title='bbox 999 517 1122 545; x_wconf 86' lang='lat' dir='ltr'>restant</span> <span class='ocrx_word' id='word_1_31' title='bbox 1149 514 1290 552; x_wconf 88' lang='lat' dir='ltr'>ordeum,</span> <span class='ocrx_word' id='word_1_32' title='bbox 1314 514 1417 545; x_wconf 84' lang='lat' dir='ltr'>farina</span> 
     </span>
     <span class='ocr_line' id='line_1_6' title="bbox 361 568 518 596; baseline 0 -1"><span class='ocrx_word' id='word_1_33' title='bbox 361 568 394 596; x_wconf 90' lang='lat' dir='ltr'>et</span> <span class='ocrx_word' id='word_1_34' title='bbox 410 574 518 595; x_wconf 83' lang='lat' dir='ltr'>avene.</span> 
     </span>
    </p>

    <p class='ocr_par' dir='ltr' id='par_1_4' title="bbox 361 612 1419 1001">
     <span class='ocr_line' id='line_1_7' title="bbox 405 612 1417 654; baseline -0.002 -9"><span class='ocrx_word' id='word_1_35' title='bbox 405 614 499 651; x_wconf 91' lang='lat' dir='ltr'>Item,</span> <span class='ocrx_word' id='word_1_36' title='bbox 525 613 611 645; x_wconf 88' lang='lat' dir='ltr'>idem</span> <span class='ocrx_word' id='word_1_37' title='bbox 639 616 749 645; x_wconf 87' lang='lat' dir='ltr'>onerat</span> <span class='ocrx_word' id='word_1_38' title='bbox 776 623 809 644; x_wconf 82' lang='lat' dir='ltr'>se</span> <span class='ocrx_word' id='word_1_39' title='bbox 834 613 872 644; x_wconf 87' lang='lat' dir='ltr'>de</span> <span class='ocrx_word' id='word_1_40' title='bbox 900 623 956 644; x_wconf 80' lang='lat' dir='ltr'>sex</span> <span class='ocrx_word' id='word_1_41' title='bbox 982 612 1094 644; x_wconf 83' lang='lat' dir='ltr'>martis</span> <span class='ocrx_word' id='word_1_42' title='bbox 1120 612 1214 644; x_wconf 78' lang='lat' dir='ltr'>dictis</span> <span class='ocrx_word' id='word_1_43' title='bbox 1241 612 1417 654; x_wconf 78' lang='lat' dir='ltr'>rynmartis</span> 
     </span>
     <span class='ocr_line' id='line_1_8' title="bbox 362 662 1416 704; baseline -0.002 -9"><span class='ocrx_word' id='word_1_44' title='bbox 362 664 532 695; x_wconf 73' lang='lat' dir='ltr'><strong>comitatus</strong></span> <span class='ocrx_word' id='word_1_45' title='bbox 555 663 700 694; x_wconf 86' lang='lat' dir='ltr'>Moravie</span> <span class='ocrx_word' id='word_1_46' title='bbox 723 663 808 694; x_wconf 78' lang='lat' dir='ltr'>infra</span> <span class='ocrx_word' id='word_1_47' title='bbox 832 663 1091 694; x_wconf 72' lang='lat' dir='ltr'>vicecomitatum</span> <span class='ocrx_word' id='word_1_48' title='bbox 1115 662 1154 694; x_wconf 85' lang='lat' dir='ltr'>de</span> <span class='ocrx_word' id='word_1_49' title='bbox 1177 663 1273 704; x_wconf 81' lang='lat' dir='ltr'>Elgin</span> <span class='ocrx_word' id='word_1_50' title='bbox 1298 663 1336 694; x_wconf 91' lang='lat' dir='ltr'>de</span> <span class='ocrx_word' id='word_1_51' title='bbox 1353 665 1416 693; x_wconf 87' lang='lat' dir='ltr'>ter-</span> 
     </span>
     <span class='ocr_line' id='line_1_9' title="bbox 361 712 1418 754; baseline -0.001 -10"><span class='ocrx_word' id='word_1_52' title='bbox 361 713 450 744; x_wconf 88' lang='lat' dir='ltr'>mino</span> <span class='ocrx_word' id='word_1_53' title='bbox 482 713 591 744; x_wconf 85' lang='lat' dir='ltr'>Sancti</span> <span class='ocrx_word' id='word_1_54' title='bbox 620 713 757 744; x_wconf 84' lang='lat' dir='ltr'>Martini</span> <span class='ocrx_word' id='word_1_55' title='bbox 787 713 872 744; x_wconf 83' lang='lat' dir='ltr'>infra</span> <span class='ocrx_word' id='word_1_56' title='bbox 909 713 969 744; x_wconf 93' lang='lat' dir='ltr'>hoc</span> <span class='ocrx_word' id='word_1_57' title='bbox 1000 715 1196 754; x_wconf 87' lang='lat' dir='ltr'>computum,</span> <span class='ocrx_word' id='word_1_58' title='bbox 1227 712 1303 754; x_wconf 86' lang='lat' dir='ltr'>quia</span> <span class='ocrx_word' id='word_1_59' title='bbox 1339 716 1418 744; x_wconf 84' lang='lat' dir='ltr'>tunc</span> 
     </span>
     <span class='ocr_line' id='line_1_10' title="bbox 362 761 1418 802; baseline -0.002 -9"><span class='ocrx_word' id='word_1_60' title='bbox 362 762 507 793; x_wconf 79' lang='lat' dir='ltr'>redditur</span> <span class='ocrx_word' id='word_1_61' title='bbox 529 765 665 793; x_wconf 86' lang='lat' dir='ltr'>tantum.</span> <span class='ocrx_word' id='word_1_62' title='bbox 711 762 754 792; x_wconf 88' lang='lat' dir='ltr'>Et</span> <span class='ocrx_word' id='word_1_63' title='bbox 777 762 816 793; x_wconf 90' lang='lat' dir='ltr'>de</span> <span class='ocrx_word' id='word_1_64' title='bbox 839 762 882 802; x_wconf 86' lang='lat' dir='ltr'>vij</span> <span class='ocrx_word' id='word_1_65' title='bbox 908 762 1020 793; x_wconf 84' lang='lat' dir='ltr'>martis</span> <span class='ocrx_word' id='word_1_66' title='bbox 1044 761 1122 793; x_wconf 87' lang='lat' dir='ltr'>dicti</span> <span class='ocrx_word' id='word_1_67' title='bbox 1146 761 1317 793; x_wconf 74' lang='lat' dir='ltr'>comitatus</span> <span class='ocrx_word' id='word_1_68' title='bbox 1333 761 1418 792; x_wconf 81' lang='lat' dir='ltr'>infra</span> 
     </span>
     <span class='ocr_line' id='line_1_11' title="bbox 362 811 1416 852; baseline -0.001 -10"><span class='ocrx_word' id='word_1_69' title='bbox 362 812 622 843; x_wconf 80' lang='lat' dir='ltr'>vicecomitatum</span> <span class='ocrx_word' id='word_1_70' title='bbox 661 811 700 843; x_wconf 84' lang='lat' dir='ltr'>de</span> <span class='ocrx_word' id='word_1_71' title='bbox 738 812 842 842; x_wconf 81' lang='lat' dir='ltr'>Fores.</span> <span class='ocrx_word' id='word_1_72' title='bbox 888 812 931 842; x_wconf 92' lang='lat' dir='ltr'>Et</span> <span class='ocrx_word' id='word_1_73' title='bbox 968 811 1007 842; x_wconf 87' lang='lat' dir='ltr'>de</span> <span class='ocrx_word' id='word_1_74' title='bbox 1045 812 1076 852; x_wconf 86' lang='lat' dir='ltr'>vj</span> <span class='ocrx_word' id='word_1_75' title='bbox 1116 814 1293 852; x_wconf 88' lang='lat' dir='ltr'>rynmuton</span> <span class='ocrx_word' id='word_1_76' title='bbox 1332 811 1416 842; x_wconf 89' lang='lat' dir='ltr'>vice-</span> 
     </span>
     <span class='ocr_line' id='line_1_12' title="bbox 363 861 1418 902; baseline -0.001 -10"><span class='ocrx_word' id='word_1_77' title='bbox 363 862 534 893; x_wconf 81' lang='lat' dir='ltr'>comitatus</span> <span class='ocrx_word' id='word_1_78' title='bbox 550 861 590 892; x_wconf 87' lang='lat' dir='ltr'>de</span> <span class='ocrx_word' id='word_1_79' title='bbox 605 861 708 902; x_wconf 83' lang='lat' dir='ltr'>Elgin.</span> <span class='ocrx_word' id='word_1_80' title='bbox 755 861 798 892; x_wconf 88' lang='lat' dir='ltr'>Et</span> <span class='ocrx_word' id='word_1_81' title='bbox 818 861 857 892; x_wconf 89' lang='lat' dir='ltr'>de</span> <span class='ocrx_word' id='word_1_82' title='bbox 873 861 916 902; x_wconf 90' lang='lat' dir='ltr'>vij</span> <span class='ocrx_word' id='word_1_83' title='bbox 942 864 1159 901; x_wconf 89' lang='lat' dir='ltr'>rynmutoune</span> <span class='ocrx_word' id='word_1_84' title='bbox 1175 861 1418 891; x_wconf 83' lang='lat' dir='ltr'>vicecomitatus</span> 
     </span>
     <span class='ocr_line' id='line_1_13' title="bbox 363 910 1419 950; baseline -0.001 -9"><span class='ocrx_word' id='word_1_85' title='bbox 363 911 403 942; x_wconf 86' lang='lat' dir='ltr'>de</span> <span class='ocrx_word' id='word_1_86' title='bbox 424 911 526 942; x_wconf 87' lang='lat' dir='ltr'>Fores.</span> <span class='ocrx_word' id='word_1_87' title='bbox 581 910 714 942; x_wconf 84' lang='lat' dir='ltr'>Summa</span> <span class='ocrx_word' id='word_1_88' title='bbox 744 914 929 947; x_wconf 70' lang='lat' dir='ltr'>marterum,</span> <span class='ocrx_word' id='word_1_89' title='bbox 959 910 1025 950; x_wconf 77' lang='lat' dir='ltr'>xiij.</span> <span class='ocrx_word' id='word_1_90' title='bbox 1080 910 1212 941; x_wconf 87' lang='lat' dir='ltr'>Summa</span> <span class='ocrx_word' id='word_1_91' title='bbox 1239 913 1419 946; x_wconf 88' lang='lat' dir='ltr'>mutonum,</span> 
     </span>
     <span class='ocr_line' id='line_1_14' title="bbox 364 971 431 1001; baseline 0.015 -10"><span class='ocrx_word' id='word_1_92' title='bbox 364 971 431 1001; x_wconf 80' lang='lat' dir='ltr'>an.</span> 
     </span>
    </p>

    <p class='ocr_par' dir='ltr' id='par_1_5' title="bbox 365 1008 1419 1100">
     <span class='ocr_line' id='line_1_15' title="bbox 409 1008 1419 1050; baseline 0 -10"><span class='ocrx_word' id='word_1_93' title='bbox 409 1010 502 1046; x_wconf 85' lang='lat' dir='ltr'>Item,</span> <span class='ocrx_word' id='word_1_94' title='bbox 518 1009 604 1041; x_wconf 87' lang='lat' dir='ltr'>idem</span> <span class='ocrx_word' id='word_1_95' title='bbox 620 1012 731 1041; x_wconf 84' lang='lat' dir='ltr'>onerat</span> <span class='ocrx_word' id='word_1_96' title='bbox 747 1019 780 1041; x_wconf 89' lang='lat' dir='ltr'>se</span> <span class='ocrx_word' id='word_1_97' title='bbox 797 1009 835 1040; x_wconf 89' lang='lat' dir='ltr'>de</span> <span class='ocrx_word' id='word_1_98' title='bbox 851 1009 872 1050; x_wconf 88' lang='lat' dir='ltr'>ij</span> <span class='ocrx_word' id='word_1_99' title='bbox 891 1008 981 1040; x_wconf 84' lang='lat' dir='ltr'>lastis</span> <span class='ocrx_word' id='word_1_100' title='bbox 998 1009 1054 1050; x_wconf 84' lang='lat' dir='ltr'>viij</span> <span class='ocrx_word' id='word_1_101' title='bbox 1066 1009 1221 1040; x_wconf 86' lang='lat' dir='ltr'>barilibus</span> <span class='ocrx_word' id='word_1_102' title='bbox 1238 1009 1419 1041; x_wconf 82' lang='lat' dir='ltr'>salmonum</span> 
     </span>
     <span class='ocr_line' id='line_1_16' title="bbox 365 1058 1419 1100; baseline -0.001 -10"><span class='ocrx_word' id='word_1_103' title='bbox 365 1059 522 1091; x_wconf 86' lang='lat' dir='ltr'>salsorum</span> <span class='ocrx_word' id='word_1_104' title='bbox 552 1069 701 1090; x_wconf 82' lang='lat' dir='ltr'>mensure</span> <span class='ocrx_word' id='word_1_105' title='bbox 733 1058 771 1090; x_wconf 91' lang='lat' dir='ltr'>de</span> <span class='ocrx_word' id='word_1_106' title='bbox 809 1058 1003 1099; x_wconf 86' lang='lat' dir='ltr'>Hamburgh</span> <span class='ocrx_word' id='word_1_107' title='bbox 1039 1068 1097 1100; x_wconf 90' lang='lat' dir='ltr'>per</span> <span class='ocrx_word' id='word_1_108' title='bbox 1134 1058 1273 1099; x_wconf 86' lang='lat' dir='ltr'>integras</span> <span class='ocrx_word' id='word_1_109' title='bbox 1311 1058 1419 1089; x_wconf 80' lang='lat' dir='ltr'>firmas</span> 
     </span>
    </p>
   </div>
   <div class='ocr_carea' id='block_1_4' title="bbox 150 1108 1420 1150">
    <p class='ocr_par' dir='ltr' id='par_1_6' title="bbox 150 1108 1420 1150">
     <span class='ocr_line' id='line_1_17' title="bbox 150 1108 1420 1150; baseline -0.001 -10"><span class='ocrx_word' id='word_1_110' title='bbox 150 1115 290 1148; x_wconf 64' lang='lat' dir='ltr'>Piscarjg</span> <span class='ocrx_word' id='word_1_111' title='bbox 313 1114 352 1146; x_wconf 69' lang='lat' dir='ltr'>de</span> <span class='ocrx_word' id='word_1_112' title='bbox 365 1108 500 1150; x_wconf 82' lang='lat' dir='ltr'>piscarie</span> <span class='ocrx_word' id='word_1_113' title='bbox 516 1108 555 1140; x_wconf 86' lang='lat' dir='ltr'>de</span> <span class='ocrx_word' id='word_1_114' title='bbox 580 1108 684 1149; x_wconf 81' lang='lat' dir='ltr'>Speya</span> <span class='ocrx_word' id='word_1_115' title='bbox 708 1108 746 1139; x_wconf 92' lang='lat' dir='ltr'>de</span> <span class='ocrx_word' id='word_1_116' title='bbox 770 1118 854 1139; x_wconf 86' lang='lat' dir='ltr'>anno</span> <span class='ocrx_word' id='word_1_117' title='bbox 876 1108 1027 1149; x_wconf 85' lang='lat' dir='ltr'>presenti,</span> <span class='ocrx_word' id='word_1_118' title='bbox 1051 1108 1201 1140; x_wconf 79' lang='lat' dir='ltr'>videlicet</span> <span class='ocrx_word' id='word_1_119' title='bbox 1224 1108 1420 1150; x_wconf 79' lang='lat' dir='ltr'>sexagesimo</span> 
     </span>
    </p>
   </div>
   <div class='ocr_carea' id='block_1_5' title="bbox 151 1161 263 1202">
    <p class='ocr_par' dir='ltr' id='par_1_7' title="bbox 151 1161 263 1202">
     <span class='ocr_line' id='line_1_18' title="bbox 151 1161 263 1202; baseline -0.018 -10"><span class='ocrx_word' id='word_1_120' title='bbox 151 1161 263 1202; x_wconf 87' lang='lat' dir='ltr'>Speya.</span> 
     </span>
    </p>
   </div>
   <div class='ocr_carea' id='block_1_6' title="bbox 153 1262 267 1294">
    <p class='ocr_par' dir='ltr' id='par_1_8' title="bbox 153 1262 267 1294">
     <span class='ocr_line' id='line_1_19' title="bbox 153 1262 267 1294; baseline 0 0"><span class='ocrx_word' id='word_1_121' title='bbox 153 1262 267 1294; x_wconf 81' lang='lat' dir='ltr'>Carrio.</span> 
     </span>
    </p>
   </div>
   <div class='ocr_carea' id='block_1_7' title="bbox 366 1158 802 1200">
    <p class='ocr_par' dir='ltr' id='par_1_9' title="bbox 366 1158 802 1200">
     <span class='ocr_line' id='line_1_20' title="bbox 366 1158 802 1200; baseline -0.005 -9"><span class='ocrx_word' id='word_1_122' title='bbox 366 1159 510 1200; x_wconf 82' lang='lat' dir='ltr'>septimo.</span> <span class='ocrx_word' id='word_1_123' title='bbox 558 1158 690 1190; x_wconf 86' lang='lat' dir='ltr'>Summa</span> <span class='ocrx_word' id='word_1_124' title='bbox 706 1161 802 1200; x_wconf 86' lang='lat' dir='ltr'>patet.</span> 
     </span>
    </p>
   </div>
   <div class='ocr_carea' id='block_1_8' title="bbox 368 1257 1422 1448">
    <p class='ocr_par' dir='ltr' id='par_1_10' title="bbox 368 1257 1419 1351">
     <span class='ocr_line' id='line_1_21' title="bbox 411 1257 1419 1300; baseline -0.001 -11"><span class='ocrx_word' id='word_1_125' title='bbox 411 1258 608 1300; x_wconf 88' lang='lat' dir='ltr'>Computum</span> <span class='ocrx_word' id='word_1_126' title='bbox 624 1258 764 1290; x_wconf 83' lang='lat' dir='ltr'>Gilberti</span> <span class='ocrx_word' id='word_1_127' title='bbox 787 1257 909 1290; x_wconf 87' lang='lat' dir='ltr'>domini</span> <span class='ocrx_word' id='word_1_128' title='bbox 933 1257 1102 1298; x_wconf 85' lang='lat' dir='ltr'>Kennedy,</span> <span class='ocrx_word' id='word_1_129' title='bbox 1118 1257 1232 1289; x_wconf 86' lang='lat' dir='ltr'>ballivi</span> <span class='ocrx_word' id='word_1_130' title='bbox 1248 1257 1287 1289; x_wconf 91' lang='lat' dir='ltr'>de</span> <span class='ocrx_word' id='word_1_131' title='bbox 1304 1257 1419 1292; x_wconf 78' lang='lat' dir='ltr'>Carrio.</span> 
     </span>
     <span class='ocr_line' id='line_1_22' title="bbox 368 1307 1118 1351; baseline -0.001 -12"><span class='ocrx_word' id='word_1_132' title='bbox 368 1309 489 1351; x_wconf 42' lang='lat' dir='ltr'>[Pertlm</span> <span class='ocrx_word' id='word_1_133' title='bbox 504 1309 525 1340; x_wconf 87' lang='grc'><em>9</em></span> <span class='ocrx_word' id='word_1_134' title='bbox 540 1309 626 1339; x_wconf 72' lang='lat' dir='ltr'>June</span> <span class='ocrx_word' id='word_1_135' title='bbox 641 1309 737 1347; x_wconf 65' lang='lat'><strong><em>1467,</em></strong></span> <span class='ocrx_word' id='word_1_136' title='bbox 744 1309 836 1349; x_wconf 73' lang='lat' dir='ltr'>from</span> <span class='ocrx_word' id='word_1_137' title='bbox 850 1309 892 1340; x_wconf 64' lang='lat'>21</span> <span class='ocrx_word' id='word_1_138' title='bbox 909 1308 993 1339; x_wconf 72' lang='lat' dir='ltr'><strong><em>me</em></strong></span> <span class='ocrx_word' id='word_1_139' title='bbox 1009 1307 1118 1348; x_wconf 62' lang='lat'><strong><em>1466]</em></strong></span> 
     </span>
    </p>

    <p class='ocr_par' dir='ltr' id='par_1_11' title="bbox 368 1356 1422 1448">
     <span class='ocr_line' id='line_1_23' title="bbox 412 1356 1422 1399; baseline -0.002 -10"><span class='ocrx_word' id='word_1_140' title='bbox 412 1358 505 1389; x_wconf 88' lang='lat' dir='ltr'>Idem</span> <span class='ocrx_word' id='word_1_141' title='bbox 520 1361 631 1389; x_wconf 87' lang='lat' dir='ltr'>onerat</span> <span class='ocrx_word' id='word_1_142' title='bbox 654 1368 687 1389; x_wconf 79' lang='lat' dir='ltr'>se</span> <span class='ocrx_word' id='word_1_143' title='bbox 709 1358 743 1388; x_wconf 93' lang='lat' dir='ltr'>in</span> <span class='ocrx_word' id='word_1_144' title='bbox 767 1357 879 1399; x_wconf 81' lang='lat' dir='ltr'>primis</span> <span class='ocrx_word' id='word_1_145' title='bbox 902 1357 941 1389; x_wconf 87' lang='lat' dir='ltr'>de</span> <span class='ocrx_word' id='word_1_146' title='bbox 964 1357 1043 1398; x_wconf 85' lang='lat' dir='ltr'>xviij</span> <span class='ocrx_word' id='word_1_147' title='bbox 1068 1356 1101 1388; x_wconf 69' lang='lat' dir='ltr'>u.</span> <span class='ocrx_word' id='word_1_148' title='bbox 1125 1357 1182 1398; x_wconf 85' lang='lat' dir='ltr'>xiij</span> <span class='ocrx_word' id='word_1_149' title='bbox 1207 1361 1230 1388; x_wconf 67' lang='lat' dir='ltr'>S.</span> <span class='ocrx_word' id='word_1_150' title='bbox 1254 1356 1301 1398; x_wconf 81' lang='lat' dir='ltr'>iiij</span> <span class='ocrx_word' id='word_1_151' title='bbox 1319 1356 1348 1388; x_wconf 77' lang='lat' dir='ltr'>d.</span> <span class='ocrx_word' id='word_1_152' title='bbox 1364 1367 1422 1398; x_wconf 89' lang='lat' dir='ltr'>per</span> 
     </span>
     <span class='ocr_line' id='line_1_24' title="bbox 368 1406 1420 1448; baseline -0.001 -10"><span class='ocrx_word' id='word_1_153' title='bbox 368 1407 507 1448; x_wconf 87' lang='lat' dir='ltr'>integras</span> <span class='ocrx_word' id='word_1_154' title='bbox 524 1408 630 1438; x_wconf 88' lang='lat' dir='ltr'>firmas</span> <span class='ocrx_word' id='word_1_155' title='bbox 653 1409 808 1439; x_wconf 82' lang='lat' dir='ltr'>terrarum</span> <span class='ocrx_word' id='word_1_156' title='bbox 832 1406 871 1438; x_wconf 87' lang='lat' dir='ltr'>de</span> <span class='ocrx_word' id='word_1_157' title='bbox 895 1406 1125 1438; x_wconf 85' lang='lat' dir='ltr'>Garvanehede</span> <span class='ocrx_word' id='word_1_158' title='bbox 1149 1406 1188 1438; x_wconf 88' lang='lat' dir='ltr'>de</span> <span class='ocrx_word' id='word_1_159' title='bbox 1212 1406 1336 1438; x_wconf 90' lang='lat' dir='ltr'>duobus</span> <span class='ocrx_word' id='word_1_160' title='bbox 1357 1410 1420 1437; x_wconf 88' lang='lat' dir='ltr'>ter-</span> 
     </span>
    </p>
   </div>
   <div class='ocr_carea' id='block_1_9' title="bbox 367 1456 1485 1498">
    <p class='ocr_par' dir='ltr' id='par_1_12' title="bbox 367 1456 1485 1498">
     <span class='ocr_line' id='line_1_25' title="bbox 367 1456 1485 1498; baseline -0.001 -10"><span class='ocrx_word' id='word_1_161' title='bbox 367 1457 465 1488; x_wconf 87' lang='lat' dir='ltr'>minis</span> <span class='ocrx_word' id='word_1_162' title='bbox 492 1456 588 1498; x_wconf 85' lang='lat' dir='ltr'>hujus</span> <span class='ocrx_word' id='word_1_163' title='bbox 615 1457 766 1497; x_wconf 75' lang='lat' dir='ltr'>computi</span> <span class='ocrx_word' id='word_1_164' title='bbox 812 1456 855 1487; x_wconf 85' lang='lat' dir='ltr'>Et</span> <span class='ocrx_word' id='word_1_165' title='bbox 881 1456 920 1488; x_wconf 89' lang='lat' dir='ltr'>de</span> <span class='ocrx_word' id='word_1_166' title='bbox 947 1467 969 1487; x_wconf 88' lang='lat' dir='ltr'><strong>x</strong></span> <span class='ocrx_word' id='word_1_167' title='bbox 993 1456 1025 1488; x_wconf 74' lang='lat' dir='ltr'>fi.</span> <span class='ocrx_word' id='word_1_168' title='bbox 1053 1467 1111 1498; x_wconf 88' lang='lat' dir='ltr'>per</span> <span class='ocrx_word' id='word_1_169' title='bbox 1140 1456 1280 1497; x_wconf 84' lang='lat' dir='ltr'>integras</span> <span class='ocrx_word' id='word_1_170' title='bbox 1311 1456 1418 1487; x_wconf 83' lang='lat' dir='ltr'>firmas</span> <span class='ocrx_word' id='word_1_171' title='bbox 1479 1458 1485 1459; x_wconf 62' lang='grc'><em>’</em></span> 
     </span>
    </p>
   </div>
   <div class='ocr_carea' id='block_1_10' title="bbox 368 1505 1424 1796">
    <p class='ocr_par' dir='ltr' id='par_1_13' title="bbox 368 1505 1424 1796">
     <span class='ocr_line' id='line_1_26' title="bbox 368 1505 1422 1547; baseline 0 -10"><span class='ocrx_word' id='word_1_172' title='bbox 368 1511 525 1538; x_wconf 87' lang='lat' dir='ltr'>terrarum</span> <span class='ocrx_word' id='word_1_173' title='bbox 548 1507 587 1538; x_wconf 91' lang='lat' dir='ltr'>de</span> <span class='ocrx_word' id='word_1_174' title='bbox 610 1507 778 1547; x_wconf 86' lang='lat' dir='ltr'>Turnbery</span> <span class='ocrx_word' id='word_1_175' title='bbox 801 1506 840 1538; x_wconf 86' lang='lat' dir='ltr'>de</span> <span class='ocrx_word' id='word_1_176' title='bbox 863 1506 957 1538; x_wconf 90' lang='lat' dir='ltr'>dictis</span> <span class='ocrx_word' id='word_1_177' title='bbox 982 1506 1137 1538; x_wconf 84' lang='lat' dir='ltr'>terminis.</span> <span class='ocrx_word' id='word_1_178' title='bbox 1183 1506 1226 1536; x_wconf 89' lang='lat' dir='ltr'>Et</span> <span class='ocrx_word' id='word_1_179' title='bbox 1249 1505 1288 1537; x_wconf 89' lang='lat' dir='ltr'>de</span> <span class='ocrx_word' id='word_1_180' title='bbox 1311 1506 1365 1546; x_wconf 83' lang='lat' dir='ltr'>xvj</span> <span class='ocrx_word' id='word_1_181' title='bbox 1389 1505 1422 1537; x_wconf 75' lang='lat' dir='ltr'>fi.</span> 
     </span>
     <span class='ocr_line' id='line_1_27' title="bbox 368 1555 1423 1597; baseline -0.001 -10"><span class='ocrx_word' id='word_1_182' title='bbox 368 1557 401 1597; x_wconf 86' lang='lat' dir='ltr'>vj</span> <span class='ocrx_word' id='word_1_183' title='bbox 419 1560 441 1587; x_wconf 71' lang='lat' dir='ltr'>s.</span> <span class='ocrx_word' id='word_1_184' title='bbox 459 1556 514 1596; x_wconf 86' lang='lat' dir='ltr'>viij</span> <span class='ocrx_word' id='word_1_185' title='bbox 532 1555 561 1587; x_wconf 81' lang='lat' dir='ltr'>d.</span> <span class='ocrx_word' id='word_1_186' title='bbox 585 1555 624 1587; x_wconf 90' lang='lat' dir='ltr'>de</span> <span class='ocrx_word' id='word_1_187' title='bbox 647 1556 747 1586; x_wconf 86' lang='lat' dir='ltr'>firmis</span> <span class='ocrx_word' id='word_1_188' title='bbox 772 1559 930 1587; x_wconf 84' lang='lat' dir='ltr'>terrarum</span> <span class='ocrx_word' id='word_1_189' title='bbox 954 1555 993 1587; x_wconf 91' lang='lat' dir='ltr'>de</span> <span class='ocrx_word' id='word_1_190' title='bbox 1018 1555 1218 1587; x_wconf 85' lang='lat' dir='ltr'>Dundonald</span> <span class='ocrx_word' id='word_1_191' title='bbox 1240 1555 1279 1586; x_wconf 93' lang='lat' dir='ltr'>de</span> <span class='ocrx_word' id='word_1_192' title='bbox 1303 1555 1423 1586; x_wconf 82' lang='lat' dir='ltr'>eisdem</span> 
     </span>
     <span class='ocr_line' id='line_1_28' title="bbox 369 1605 1423 1646; baseline -0.001 -9"><span class='ocrx_word' id='word_1_193' title='bbox 369 1605 524 1643; x_wconf 85' lang='lat' dir='ltr'>terminis,</span> <span class='ocrx_word' id='word_1_194' title='bbox 555 1615 617 1646; x_wconf 92' lang='lat' dir='ltr'>que</span> <span class='ocrx_word' id='word_1_195' title='bbox 647 1605 754 1636; x_wconf 82' lang='lat' dir='ltr'>omnia</span> <span class='ocrx_word' id='word_1_196' title='bbox 779 1608 856 1636; x_wconf 89' lang='lat' dir='ltr'>sunt</span> <span class='ocrx_word' id='word_1_197' title='bbox 886 1605 925 1636; x_wconf 88' lang='lat' dir='ltr'>de</span> <span class='ocrx_word' id='word_1_198' title='bbox 957 1606 1152 1646; x_wconf 82' lang='lat' dir='ltr'>proprietate</span> <span class='ocrx_word' id='word_1_199' title='bbox 1179 1605 1302 1636; x_wconf 84' lang='lat' dir='ltr'>domini</span> <span class='ocrx_word' id='word_1_200' title='bbox 1332 1605 1423 1646; x_wconf 83' lang='lat' dir='ltr'>regis,</span> 
     </span>
     <span class='ocr_line' id='line_1_29' title="bbox 369 1654 1423 1695; baseline -0.002 -8"><span class='ocrx_word' id='word_1_201' title='bbox 369 1655 533 1687; x_wconf 87' lang='lat' dir='ltr'>residuum</span> <span class='ocrx_word' id='word_1_202' title='bbox 556 1665 631 1687; x_wconf 86' lang='lat' dir='ltr'>vero</span> <span class='ocrx_word' id='word_1_203' title='bbox 655 1655 789 1695; x_wconf 84' lang='lat' dir='ltr'>predicti</span> <span class='ocrx_word' id='word_1_204' title='bbox 813 1655 948 1686; x_wconf 86' lang='lat' dir='ltr'>dominii</span> <span class='ocrx_word' id='word_1_205' title='bbox 978 1655 1017 1686; x_wconf 91' lang='lat' dir='ltr'>de</span> <span class='ocrx_word' id='word_1_206' title='bbox 1040 1654 1247 1692; x_wconf 83' lang='lat' dir='ltr'>Dundonald,</span> <span class='ocrx_word' id='word_1_207' title='bbox 1271 1654 1423 1686; x_wconf 80' lang='lat' dir='ltr'>videlicet</span> 
     </span>
     <span class='ocr_line' id='line_1_30' title="bbox 371 1703 1422 1745; baseline 0.002 -11"><span class='ocrx_word' id='word_1_208' title='bbox 371 1703 504 1744; x_wconf 84' lang='lat' dir='ltr'>triginta</span> <span class='ocrx_word' id='word_1_209' title='bbox 520 1703 582 1734; x_wconf 89' lang='lat' dir='ltr'>due</span> <span class='ocrx_word' id='word_1_210' title='bbox 597 1703 677 1735; x_wconf 85' lang='lat' dir='ltr'>libre</span> <span class='ocrx_word' id='word_1_211' title='bbox 694 1704 935 1744; x_wconf 87' lang='lat' dir='ltr'>quatuordecim</span> <span class='ocrx_word' id='word_1_212' title='bbox 951 1704 1045 1735; x_wconf 81' lang='lat' dir='ltr'>solidi</span> <span class='ocrx_word' id='word_1_213' title='bbox 1056 1704 1094 1735; x_wconf 91' lang='lat' dir='ltr'>de</span> <span class='ocrx_word' id='word_1_214' title='bbox 1107 1704 1217 1735; x_wconf 86' lang='lat' dir='ltr'>eadem</span> <span class='ocrx_word' id='word_1_215' title='bbox 1227 1704 1422 1745; x_wconf 86' lang='lat' dir='ltr'>proprietate</span> 
     </span>
     <span class='ocr_line' id='line_1_31' title="bbox 372 1753 1424 1796; baseline 0.001 -12"><span class='ocrx_word' id='word_1_216' title='bbox 372 1753 484 1785; x_wconf 82' lang='lat' dir='ltr'>existit</span> <span class='ocrx_word' id='word_1_217' title='bbox 499 1753 533 1783; x_wconf 91' lang='lat' dir='ltr'>in</span> <span class='ocrx_word' id='word_1_218' title='bbox 550 1753 698 1784; x_wconf 86' lang='lat' dir='ltr'>manibus</span> <span class='ocrx_word' id='word_1_219' title='bbox 715 1754 932 1794; x_wconf 85' lang='lat' dir='ltr'>computantis</span> <span class='ocrx_word' id='word_1_220' title='bbox 948 1757 981 1785; x_wconf 87' lang='lat' dir='ltr'>et</span> <span class='ocrx_word' id='word_1_221' title='bbox 996 1754 1163 1795; x_wconf 86' lang='lat' dir='ltr'>cujusdam</span> <span class='ocrx_word' id='word_1_222' title='bbox 1180 1754 1338 1795; x_wconf 88' lang='lat' dir='ltr'>capellani</span> <span class='ocrx_word' id='word_1_223' title='bbox 1353 1764 1424 1796; x_wconf 92' lang='lat' dir='ltr'>per-</span> 
     </span>
    </p>
   </div>
   <div class='ocr_carea' id='block_1_11' title="bbox 372 1802 1525 1843">
    <p class='ocr_par' dir='ltr' id='par_1_14' title="bbox 372 1802 1525 1843">
     <span class='ocr_line' id='line_1_32' title="bbox 372 1802 1525 1843; baseline 0.002 -11"><span class='ocrx_word' id='word_1_224' title='bbox 372 1802 520 1843; x_wconf 86' lang='lat' dir='ltr'>cipientis</span> <span class='ocrx_word' id='word_1_225' title='bbox 544 1802 579 1832; x_wconf 91' lang='lat' dir='ltr'>in</span> <span class='ocrx_word' id='word_1_226' title='bbox 602 1812 686 1833; x_wconf 88' lang='lat' dir='ltr'>anno</span> <span class='ocrx_word' id='word_1_227' title='bbox 710 1802 749 1834; x_wconf 87' lang='lat' dir='ltr'>de</span> <span class='ocrx_word' id='word_1_228' title='bbox 773 1803 859 1834; x_wconf 88' lang='lat' dir='ltr'>dicta</span> <span class='ocrx_word' id='word_1_229' title='bbox 882 1813 1009 1834; x_wconf 85' lang='lat' dir='ltr'>summa</span> <span class='ocrx_word' id='word_1_230' title='bbox 1032 1803 1181 1834; x_wconf 87' lang='lat' dir='ltr'>undecim</span> <span class='ocrx_word' id='word_1_231' title='bbox 1204 1813 1334 1834; x_wconf 82' lang='lat' dir='ltr'>marcas.</span> <span class='ocrx_word' id='word_1_232' title='bbox 1380 1803 1424 1834; x_wconf 89' lang='lat' dir='ltr'>Et</span> <span class='ocrx_word' id='word_1_233' title='bbox 1465 1824 1469 1826; x_wconf 37' lang='lat' dir='ltr'>v</span> <span class='ocrx_word' id='word_1_234' title='bbox 1522 1803 1525 1805; x_wconf 83' lang='grc'><strong>’</strong></span> 
     </span>
    </p>
   </div>
   <div class='ocr_carea' id='block_1_12' title="bbox 373 1851 1426 2290">
    <p class='ocr_par' dir='ltr' id='par_1_15' title="bbox 373 1851 1426 2290">
     <span class='ocr_line' id='line_1_33' title="bbox 373 1851 1425 1894; baseline 0.002 -12"><span class='ocrx_word' id='word_1_235' title='bbox 373 1852 412 1883; x_wconf 88' lang='lat' dir='ltr'>de</span> <span class='ocrx_word' id='word_1_236' title='bbox 427 1852 460 1893; x_wconf 87' lang='lat' dir='ltr'>vj</span> <span class='ocrx_word' id='word_1_237' title='bbox 476 1851 509 1883; x_wconf 72' lang='lat' dir='ltr'>H.</span> <span class='ocrx_word' id='word_1_238' title='bbox 526 1851 582 1892; x_wconf 79' lang='lat' dir='ltr'>xiij</span> <span class='ocrx_word' id='word_1_239' title='bbox 600 1856 622 1883; x_wconf 71' lang='grc' dir='ltr'>ἔ.</span> <span class='ocrx_word' id='word_1_240' title='bbox 639 1851 687 1893; x_wconf 86' lang='lat' dir='ltr'>iiij</span> <span class='ocrx_word' id='word_1_241' title='bbox 701 1852 729 1883; x_wconf 83' lang='lat' dir='ltr'>d.</span> <span class='ocrx_word' id='word_1_242' title='bbox 747 1852 786 1883; x_wconf 93' lang='lat' dir='ltr'>de</span> <span class='ocrx_word' id='word_1_243' title='bbox 802 1852 902 1884; x_wconf 86' lang='lat' dir='ltr'>firmis</span> <span class='ocrx_word' id='word_1_244' title='bbox 925 1853 1022 1884; x_wconf 83' lang='lat' dir='ltr'>tercie</span> <span class='ocrx_word' id='word_1_245' title='bbox 1038 1853 1137 1894; x_wconf 82' lang='lat' dir='ltr'>partis</span> <span class='ocrx_word' id='word_1_246' title='bbox 1153 1852 1192 1884; x_wconf 87' lang='lat' dir='ltr'>de</span> <span class='ocrx_word' id='word_1_247' title='bbox 1208 1853 1369 1884; x_wconf 85' lang='lat' dir='ltr'>Trobeach</span> <span class='ocrx_word' id='word_1_248' title='bbox 1385 1853 1425 1884; x_wconf 89' lang='lat' dir='ltr'>de</span> 
     </span>
     <span class='ocr_line' id='line_1_34' title="bbox 373 1901 1425 1944; baseline 0.001 -12"><span class='ocrx_word' id='word_1_249' title='bbox 373 1901 497 1932; x_wconf 85' lang='lat' dir='ltr'>duabus</span> <span class='ocrx_word' id='word_1_250' title='bbox 523 1901 669 1942; x_wconf 83' lang='lat' dir='ltr'>partibus</span> <span class='ocrx_word' id='word_1_251' title='bbox 701 1901 853 1942; x_wconf 87' lang='lat' dir='ltr'>ejusdem,</span> <span class='ocrx_word' id='word_1_252' title='bbox 885 1902 924 1934; x_wconf 90' lang='lat' dir='ltr'>de</span> <span class='ocrx_word' id='word_1_253' title='bbox 955 1902 1075 1934; x_wconf 88' lang='lat' dir='ltr'>eisdem</span> <span class='ocrx_word' id='word_1_254' title='bbox 1102 1902 1258 1940; x_wconf 86' lang='lat' dir='ltr'>terminis,</span> <span class='ocrx_word' id='word_1_255' title='bbox 1289 1913 1425 1944; x_wconf 82' lang='lat' dir='ltr'>quarum</span> 
     </span>
     <span class='ocr_line' id='line_1_35' title="bbox 373 1951 1424 1991; baseline 0.002 -10"><span class='ocrx_word' id='word_1_256' title='bbox 373 1951 472 1981; x_wconf 81' lang='lat' dir='ltr'>tercia</span> <span class='ocrx_word' id='word_1_257' title='bbox 487 1960 560 1991; x_wconf 85' lang='lat' dir='ltr'>pars</span> <span class='ocrx_word' id='word_1_258' title='bbox 577 1954 675 1981; x_wconf 86' lang='lat' dir='ltr'>restat</span> <span class='ocrx_word' id='word_1_259' title='bbox 697 1951 732 1981; x_wconf 89' lang='lat' dir='ltr'>in</span> <span class='ocrx_word' id='word_1_260' title='bbox 748 1951 898 1983; x_wconf 86' lang='lat' dir='ltr'>manibus</span> <span class='ocrx_word' id='word_1_261' title='bbox 922 1952 1080 1983; x_wconf 86' lang='lat' dir='ltr'>Cristiane</span> <span class='ocrx_word' id='word_1_262' title='bbox 1102 1952 1283 1983; x_wconf 85' lang='lat' dir='ltr'>Auchinlec</span> <span class='ocrx_word' id='word_1_263' title='bbox 1299 1952 1424 1983; x_wconf 88' lang='lat' dir='ltr'>racione</span> 
     </span>
     <span class='ocr_line' id='line_1_36' title="bbox 374 1998 1426 2042; baseline 0.003 -12"><span class='ocrx_word' id='word_1_264' title='bbox 374 1999 472 2031; x_wconf 87' lang='lat' dir='ltr'>tercie</span> <span class='ocrx_word' id='word_1_265' title='bbox 497 2003 529 2031; x_wconf 87' lang='lat' dir='ltr'>et</span> <span class='ocrx_word' id='word_1_266' title='bbox 554 2003 628 2040; x_wconf 89' lang='lat' dir='ltr'>post</span> <span class='ocrx_word' id='word_1_267' title='bbox 650 2000 720 2040; x_wconf 82' lang='lat' dir='ltr'>ejus</span> <span class='ocrx_word' id='word_1_268' title='bbox 744 2000 867 2031; x_wconf 88' lang='lat' dir='ltr'>obitum</span> <span class='ocrx_word' id='word_1_269' title='bbox 892 2011 1058 2032; x_wconf 84' lang='lat' dir='ltr'>reversura</span> <span class='ocrx_word' id='word_1_270' title='bbox 1084 2004 1133 2033; x_wconf 84' lang='lat' dir='ltr'>est</span> <span class='ocrx_word' id='word_1_271' title='bbox 1157 2001 1197 2032; x_wconf 89' lang='lat' dir='ltr'>ad</span> <span class='ocrx_word' id='word_1_272' title='bbox 1223 2011 1338 2042; x_wconf 86' lang='lat' dir='ltr'>regem.</span> <span class='ocrx_word' id='word_1_273' title='bbox 1359 1998 1362 1999; x_wconf 44' lang='lat'><em>⁷</em></span> <span class='ocrx_word' id='word_1_274' title='bbox 1383 2001 1426 2033; x_wconf 87' lang='lat' dir='ltr'>Et</span> 
     </span>
     <span class='ocr_line' id='line_1_37' title="bbox 374 2048 1425 2091; baseline 0.002 -12"><span class='ocrx_word' id='word_1_275' title='bbox 374 2048 476 2080; x_wconf 87' lang='lat' dir='ltr'>nichil</span> <span class='ocrx_word' id='word_1_276' title='bbox 499 2048 552 2080; x_wconf 88' lang='lat' dir='ltr'>hic</span> <span class='ocrx_word' id='word_1_277' title='bbox 578 2049 618 2080; x_wconf 91' lang='lat' dir='ltr'>de</span> <span class='ocrx_word' id='word_1_278' title='bbox 641 2049 704 2080; x_wconf 86' lang='lat' dir='ltr'>alia</span> <span class='ocrx_word' id='word_1_279' title='bbox 726 2049 826 2080; x_wconf 86' lang='lat' dir='ltr'>tercia</span> <span class='ocrx_word' id='word_1_280' title='bbox 850 2053 941 2090; x_wconf 85' lang='lat' dir='ltr'>parte</span> <span class='ocrx_word' id='word_1_281' title='bbox 965 2050 1138 2081; x_wconf 83' lang='lat' dir='ltr'>earundem</span> <span class='ocrx_word' id='word_1_282' title='bbox 1161 2053 1326 2088; x_wconf 87' lang='lat' dir='ltr'>terrarum,</span> <span class='ocrx_word' id='word_1_283' title='bbox 1348 2050 1425 2091; x_wconf 78' lang='lat' dir='ltr'>quia</span> 
     </span>
     <span class='ocr_line' id='line_1_38' title="bbox 375 2097 1425 2140; baseline 0.002 -12"><span class='ocrx_word' id='word_1_284' title='bbox 375 2097 453 2128; x_wconf 76' lang='lat' dir='ltr'>alias</span> <span class='ocrx_word' id='word_1_285' title='bbox 476 2107 624 2129; x_wconf 87' lang='lat' dir='ltr'>concessa</span> <span class='ocrx_word' id='word_1_286' title='bbox 647 2101 715 2129; x_wconf 84' lang='lat' dir='ltr'>erat</span> <span class='ocrx_word' id='word_1_287' title='bbox 738 2098 860 2130; x_wconf 78' lang='lat' dir='ltr'>Jacobo</span> <span class='ocrx_word' id='word_1_288' title='bbox 883 2099 1028 2137; x_wconf 82' lang='lat' dir='ltr'>Stewart,</span> <span class='ocrx_word' id='word_1_289' title='bbox 1052 2099 1157 2138; x_wconf 86' lang='lat' dir='ltr'>militi,</span> <span class='ocrx_word' id='word_1_290' title='bbox 1180 2102 1213 2130; x_wconf 88' lang='lat' dir='ltr'>et</span> <span class='ocrx_word' id='word_1_291' title='bbox 1236 2102 1425 2140; x_wconf 86' lang='lat' dir='ltr'>computans</span> 
     </span>
     <span class='ocr_line' id='line_1_39' title="bbox 375 2148 1424 2190; baseline 0.002 -12"><span class='ocrx_word' id='word_1_292' title='bbox 375 2148 488 2179; x_wconf 83' lang='lat' dir='ltr'>asserit</span> <span class='ocrx_word' id='word_1_293' title='bbox 517 2158 551 2179; x_wconf 86' lang='lat' dir='ltr'>se</span> <span class='ocrx_word' id='word_1_294' title='bbox 582 2148 696 2179; x_wconf 84' lang='lat' dir='ltr'>emisse</span> <span class='ocrx_word' id='word_1_295' title='bbox 726 2148 766 2179; x_wconf 84' lang='lat' dir='ltr'>ab</span> <span class='ocrx_word' id='word_1_296' title='bbox 798 2148 915 2180; x_wconf 87' lang='lat' dir='ltr'>eodem.</span> <span class='ocrx_word' id='word_1_297' title='bbox 962 2149 1004 2180; x_wconf 88' lang='lat' dir='ltr'>Et</span> <span class='ocrx_word' id='word_1_298' title='bbox 1031 2149 1070 2181; x_wconf 92' lang='lat' dir='ltr'>de</span> <span class='ocrx_word' id='word_1_299' title='bbox 1100 2149 1147 2190; x_wconf 85' lang='lat' dir='ltr'>iiij</span> <span class='ocrx_word' id='word_1_300' title='bbox 1175 2149 1204 2180; x_wconf 78' lang='lat' dir='ltr'>d.</span> <span class='ocrx_word' id='word_1_301' title='bbox 1230 2159 1287 2190; x_wconf 89' lang='lat' dir='ltr'>per</span> <span class='ocrx_word' id='word_1_302' title='bbox 1318 2149 1424 2180; x_wconf 77' lang='lat' dir='ltr'>albam</span> 
     </span>
     <span class='ocr_line' id='line_1_40' title="bbox 375 2197 1424 2238; baseline 0.002 -11"><span class='ocrx_word' id='word_1_303' title='bbox 375 2197 499 2228; x_wconf 81' lang='lat' dir='ltr'>firmam</span> <span class='ocrx_word' id='word_1_304' title='bbox 517 2197 612 2228; x_wconf 87' lang='lat' dir='ltr'>unius</span> <span class='ocrx_word' id='word_1_305' title='bbox 628 2198 712 2238; x_wconf 78' lang='lat' dir='ltr'>paris</span> <span class='ocrx_word' id='word_1_306' title='bbox 729 2197 960 2230; x_wconf 83' lang='lat' dir='ltr'>cirothecarum</span> <span class='ocrx_word' id='word_1_307' title='bbox 983 2198 1128 2230; x_wconf 83' lang='lat' dir='ltr'>albarum</span> <span class='ocrx_word' id='word_1_308' title='bbox 1151 2202 1234 2230; x_wconf 87' lang='lat' dir='ltr'>terre</span> <span class='ocrx_word' id='word_1_309' title='bbox 1250 2198 1289 2229; x_wconf 88' lang='lat' dir='ltr'>de</span> <span class='ocrx_word' id='word_1_310' title='bbox 1304 2198 1424 2229; x_wconf 69' lang='lat' dir='ltr'>Achai-</span> 
     </span>
     <span class='ocr_line' id='line_1_41' title="bbox 375 2246 1423 2290; baseline 0.003 -13"><span class='ocrx_word' id='word_1_311' title='bbox 375 2249 457 2278; x_wconf 82' lang='lat' dir='ltr'>tane.</span> <span class='ocrx_word' id='word_1_312' title='bbox 504 2247 546 2278; x_wconf 87' lang='lat' dir='ltr'>Et</span> <span class='ocrx_word' id='word_1_313' title='bbox 561 2247 600 2278; x_wconf 85' lang='lat' dir='ltr'>de</span> <span class='ocrx_word' id='word_1_314' title='bbox 616 2247 662 2287; x_wconf 82' lang='lat' dir='ltr'>iiij</span> <span class='ocrx_word' id='word_1_315' title='bbox 687 2246 715 2278; x_wconf 76' lang='lat' dir='ltr'>d.</span> <span class='ocrx_word' id='word_1_316' title='bbox 739 2258 796 2289; x_wconf 85' lang='lat' dir='ltr'>per</span> <span class='ocrx_word' id='word_1_317' title='bbox 819 2247 1040 2279; x_wconf 84' lang='lat' dir='ltr'>vendicionem</span> <span class='ocrx_word' id='word_1_318' title='bbox 1063 2248 1159 2279; x_wconf 84' lang='lat' dir='ltr'>unius</span> <span class='ocrx_word' id='word_1_319' title='bbox 1181 2248 1266 2290; x_wconf 81' lang='lat' dir='ltr'>paris</span> <span class='ocrx_word' id='word_1_320' title='bbox 1289 2248 1423 2280; x_wconf 84' lang='lat' dir='ltr'>cirothe-</span> 
     </span>
    </p>
   </div>
   <div class='ocr_carea' id='block_1_13' title="bbox 1493 290 1551 2462">
    <p class='ocr_par' dir='ltr' id='par_1_16' title="bbox 1493 290 1551 2462">
     <span class='ocr_line' id='line_1_42' title="bbox 1493 290 1551 2462; baseline 0 0"><span class='ocrx_word' id='word_1_321' title='bbox 1493 290 1551 2462; x_wconf 95' lang='lat' dir='ltr'> </span> 
     </span>
    </p>
   </div>
  </div>
 </body>
</html>
