1551 2462
129 217 218 245 1464.
436 212 597 245 REGUM
622 211 868 244 SOOTORUM.
1113 217 1172 244 235

126 307 213 348 regis
244 306 330 338 ultra
366 308 500 344 montes,
533 305 722 337 intromittit
759 315 793 336 se
831 305 869 336 de
907 305 1007 336 firmis
1045 306 1176 337 termini
1190 312 1353 347 Respondebit

127 357 354 388 Penthecostes
377 356 484 387 ultimi
500 359 533 387 et
548 356 753 397 respondebit
768 364 824 396 pro
841 355 968 387 eisdem.
1190 343 1276 401 ξθῖᾚῗθ
1284 342 1375 394 ἒξῗζῗζ

171 406 262 437 Idem
279 409 390 437 onerat
405 416 437 437 se
453 406 488 436 in
504 405 616 446 primis
632 405 671 437 de
687 405 813 446 ij⁰xxxij
832 405 862 436 fi.
880 405 913 446 iij
933 409 955 436 s.
969 406 981 446 j
1000 405 1028 436 d.
1050 406 1098 436 ob.
1122 415 1178 446 per
1191 401 1368 454 fflsntssffemhe‘

126 456 267 497 integras
283 456 389 487 firmas
405 455 576 487 comitatus
593 455 737 487 Moravie
753 456 838 486 infra
856 455 1116 486 vicecomitatum
1139 455 1178 486 de

127 508 233 548 Elgyn
251 507 288 540 de
305 507 398 540 dictis
413 508 518 539 tribus
534 507 646 548 primis
663 507 809 539 terminis
825 507 922 548 hujus
938 506 1090 548 computi.
1137 507 1180 537 Et

128 558 167 589 de
183 557 283 598 iiijnx
300 557 332 588 fi.
356 567 413 598 per
435 557 573 598 integras
596 557 703 588 firmas
727 556 860 588 dominii
883 556 922 587 de
946 555 1181 597 Glenquharny

127 607 211 638 infra
236 607 359 638 dictum
385 606 646 638 vicecomitatum
670 606 709 637 de
732 605 853 637 eisdem
875 605 1030 637 terminis.
1075 605 1118 636 Et
1141 604 1180 636 (18

125 654 255 697 j‘lxxvij
287 656 318 687 fi.
344 666 387 686 xv
410 659 433 687 s.
465 664 522 697 per
544 656 683 697 integras
707 656 814 687 firmas
841 656 1012 687 comitatus
1035 654 1180 686 Moravie

127 706 212 736 infra
233 705 495 737 vicecomitatum
525 705 564 737 de
588 705 684 737 Fores
707 716 764 746 per
786 705 873 737 idem
894 708 1030 746 tempus.
1076 705 1120 736 Et
1142 704 1182 736 de

129 755 172 795 xij
197 754 228 786 fi„
253 754 309 795 xiij
335 759 356 785 ἒ.
381 754 421 786 (18
453 755 560 786 warda
585 757 742 787 terrarum
764 755 984 796 speotancium
1015 754 1181 796 quondam

127 804 150 835 J
153 804 271 835 ohanni
287 804 327 835 de
345 803 531 836 Drumbrek
548 804 586 836 de
609 805 713 836 tribus
735 805 882 836 terminis
905 805 990 836 infra
1013 805 1073 836 hoc
1096 814 1180 835 com-

129 856 252 895 putum.
298 854 341 884 Et
371 853 410 884 de
441 854 498 894 viij
522 853 554 884 n'.
583 853 616 894 iij
642 857 666 885 ἕ.
697 854 833 894 receptis
857 864 875 885 a
903 854 1053 885 Johanne
1084 854 1181 891 Rede,

131 903 331 939 custumario
340 903 511 944 burgorum
528 902 567 934 de
583 903 689 944 Elgyn
705 906 737 934 et
753 904 859 940 Fores,
878 913 934 944 per
949 903 1035 934 idem
1046 906 1181 944 tempus.

132 952 266 983 Summa
288 952 397 984 totalis
420 952 627 990 oneracionis,
649 951 727 983 vcxx
743 952 775 983 fi.
800 952 868 993 xiiij
886 957 908 984 Ξ.
929 953 942 993 j
960 952 991 986 d.
1006 953 1054 984 οἵ).
1078 956 1183 994 preter

131 1011 230 1043 grana
246 1003 278 1031 et
294 1004 421 1032 martas.

176 1053 219 1084 Et
234 1063 300 1084 non
315 1056 424 1084 onerat
440 1063 473 1084 se
490 1053 528 1084 de
541 1051 627 1093 j⁰xlij
644 1053 677 1085 fi.
694 1064 737 1084 xx
753 1053 782 1085 d.
806 1053 854 1085 ob.
871 1053 1065 1085 restantibus
1089 1064 1184 1094 super

133 1102 325 1143 magistrum
347 1102 501 1133 Thomam
525 1102 731 1133 Kermichael
753 1102 788 1133 in
811 1107 958 1144 compoto
981 1113 1038 1134 suo
1053 1103 1177 1134 reddito

133 1162 216 1183 anno
231 1152 426 1193 sexagesimo
438 1152 543 1183 tercio.
583 1151 651 1183 Nec
664 1152 702 1183 de
718 1151 809 1192 v‘xlij
822 1152 854 1184 fi.
866 1163 887 1183 v
898 1157 920 1184 s.
935 1153 978 1193 vij
992 1153 1021 1184 d.
1033 1153 1071 1184 de
1081 1153 1181 1183 firmis

125 1201 349 1233 'dominiorum
373 1201 411 1233 de
442 1202 539 1243 Petty
561 1204 593 1233 et
625 1201 796 1242 Brachlyn,
825 1202 953 1233 baronie
983 1202 1022 1233 de
1039 1202 1179 1240 Leffaris,

133 1251 287 1283 Bonnoch
299 1254 331 1282 et
347 1250 630 1291 Bonnochquhare,
642 1250 776 1281 dominii
787 1251 826 1282 de
837 1251 1030 1288 Stratherne,
1041 1251 1181 1283 Awache

133 1304 165 1332 et
180 1300 356 1331 Eddirdule
367 1310 429 1341 que
445 1300 598 1331 dicuntur
609 1300 848 1337 Ardmannaoh,
860 1300 990 1331 baronie
1006 1301 1045 1331 de
1055 1301 1181 1331 Fothir—

133 1349 201 1381 face
231 1349 270 1381 de
302 1349 486 1390 episcopatu
516 1349 712 1380 Moraviensi
743 1353 885 1390 tempore
918 1350 1065 1381 vacancie
1096 1350 1180 1381 sedis

133 1399 285 1440 ejusdem,
308 1402 341 1430 et
363 1398 497 1430 dominii
514 1398 561 1430 'de
587 1398 796 1430 Strathnarne
818 1399 852 1429 in
876 1399 983 1430 warda
1005 1400 1180 1436 existentis,

133 1448 346 1490 pendentibus
385 1458 480 1489 super
510 1448 660 1479 comitem
691 1448 803 1479 Rossie
842 1451 874 1480 et
905 1449 1104 1480 Celestinum
1141 1449 1180 1481 de

133 1498 253 1530 Insulis
270 1498 337 1539 ejus
361 1498 499 1535 fratrem,
516 1497 630 1529 levatis
653 1508 710 1538 per
737 1498 864 1529 eosdem
888 1499 1009 1540 absque
1032 1499 1184 1530 mandato

133 1548 223 1589 regis.
268 1548 337 1579 Nec
360 1547 400 1579 de
419 1546 604 1588 j⁰1xiij111v
627 1552 649 1579 s.
673 1548 708 1578 ix
723 1547 752 1578 d.
777 1548 816 1579 (18
840 1548 939 1580 firmis
962 1552 1118 1580 terrarum
1141 1548 1180 1581 (18

133 1597 282 1638 Schefyn‚
295 1598 535 1638 Kynnynmont
550 1599 583 1628 et
595 1597 760 1628 Buchrum
773 1607 870 1638 prope
882 1597 1038 1639 Balvany,
1053 1598 1183 1630 baronio

133 1647 172 1678 de
187 1647 377 1684 Fothirface,
395 1647 612 1684 Strathnarne,
636 1649 793 1678 terrarum
816 1647 855 1678 de
878 1647 1079 1679 Holhirhirst
1101 1648 1185 1679 infra

134 1696 312 1727 dominium
328 1696 367 1727 de
383 1697 480 1737 Petty
496 1699 528 1728 et
538 1696 709 1737 Brachlyn,
723 1700 754 1728 et
771 1697 809 1728 de
819 1697 1136 1738 Westyrcorrebroch
1152 1701 1185 1730 et

133 1745 323 1787 Morecluny
334 1745 368 1776 in
385 1745 525 1776 dominio
542 1745 580 1777 de
598 1745 792 1783 Stratherne,
808 1748 967 1777 terrarum
989 1746 1028 1778 de
1044 1747 1137 1787 Moyi
1152 1751 1184 1778 et

135 1795 269 1826 dominii
299 1795 338 1826 de
364 1795 557 1832 Stratherne,
587 1795 802 1836 pendencium
830 1805 926 1836 super
956 1796 1106 1827 comitem
1144 1796 1183 1827 de

135 1844 288 1882 Huntlee,
304 1845 454 1876 comitem
471 1845 611 1882 Atholie,
627 1845 649 1876 J
652 1845 786 1876 aoobum
802 1845 987 1886 episcopum
1002 1844 1185 1877 Moravien-

135 1904 210 1931 sem,
248 1894 355 1925 David
369 1908 371 1912 ⁴
386 1894 535 1926 comitem
568 1894 766 1931 Craufurdie,
792 1894 1009 1925 Maclcomum
1039 1894 1184 1935 M⁰Kyn-

135 1946 231 1984 toyss,
247 1943 418 1984 Gilleglass
434 1943 597 1984 M⁰Dawy,
615 1944 692 1975 olim
708 1953 832 1974 marum
848 1943 887 1974 de
904 1944 1001 1984 Petty
1017 1947 1049 1974 et
1065 1944 1183 1975 Brach-

135 1991 202 2033 lyn,
227 1992 342 2024 levatis
372 2003 428 2033 per
459 1993 594 2032 eosdem,
618 1992 833 2034 pendentibus
862 1992 896 2022 in
927 1996 1076 2033 computo
1107 1993 1185 2025 dicti

136 2042 280 2084 magistri
311 2042 430 2073 Thome
470 2052 553 2073 anno
591 2041 787 2083 sexagesimo
825 2041 972 2073 secundo.
1039 2042 1108 2074 Nec
1145 2043 1184 2075 de

138 2091 329 2132 quibusdam
345 2091 417 2123 aliis
441 2092 541 2130 terris,
556 2092 715 2129 dominiis,
738 2093 794 2122 aut
809 2091 995 2128 redditibus,
1011 2093 1184 2133 spectanti-

137 2141 198 2173 bus
213 2141 341 2173 domino
365 2141 432 2182 regi
447 2141 532 2172 ultra
547 2151 663 2182 aquam
679 2141 718 2173 de
743 2140 855 2182 Speya,
871 2140 946 2181 quia
969 2140 1024 2172 alii
1039 2141 1183 2173 intromi—
