1551 2462
94 279 152 308 146
159 279 183 307 1.
403 274 565 306 REGUM
589 273 835 306 SGOTORUM.
1101 275 1139 305 57

136 370 229 406 Item,
254 368 337 400 idem
367 370 478 400 onerat
495 378 528 399 se
555 367 595 399 de
620 368 663 408 vij
688 367 719 399 Η.
747 368 777 408 vj
797 371 820 399 s.
848 367 903 408 viij
922 367 950 398 d.
978 367 1017 398 de
1042 367 1141 398 firmis

93 423 255 451 terrarum
278 419 406 450 domine
430 418 537 459 regine
562 418 781 458 spectancium
804 418 931 449 racione
955 417 1058 448 warde
1085 427 1143 458 per

93 470 217 501 obitum
234 468 355 500 domini
372 468 410 499 de
427 467 574 499 Stobhall
591 467 676 498 infra
692 467 869 498 dominium
887 467 925 498 de
936 466 1086 498 Menteth
1103 467 1142 497 de

93 519 229 550 termino
244 519 332 549 beati
347 518 482 549 Martini
498 517 582 548 infra
601 517 661 548 hoc
681 521 873 558 compotum.
921 517 963 548 Et
986 517 1025 548 de
1048 517 1092 557 vij
1109 516 1140 547 fi.

94 569 125 609 vj
154 573 176 599 Ξ.
204 569 260 609 viij
290 568 319 599 d.
348 568 386 599 de
411 568 510 599 firmis
540 571 698 598 terrarum
725 567 765 598 de
795 566 1013 604 Abbirruchil,
1044 566 1144 598 annui

93 618 238 649 redditus
254 618 293 649 de
309 618 452 655 Monzee,
476 621 508 649 eb
531 617 667 648 aliarum
690 620 845 648 terrarum
867 627 930 657 que
956 617 1086 648 fuerunt
1109 616 1143 647 in

93 668 242 699 manibus
255 668 382 699 domine
394 668 503 709 regine
517 677 573 708 per
586 667 710 698 obibum
721 666 882 708 quondam
893 667 1003 698 matris
1014 666 1143 697 Andree

94 718 228 759 Murray
245 718 283 749 de
300 717 427 758 Ogilvy,
443 717 564 754 militis,
583 717 621 748 de
646 717 783 748 termino
808 716 1035 747 Penthecostes
1059 716 1144 746 infra

94 767 155 799 hoc
170 770 361 808 compotum,
377 766 495 797 saisina
513 776 576 797 non
588 769 776 806 recuperata
787 765 825 796 de
839 765 965 796 eisdem.
1012 765 1144 796 Summa

97 962 209 996 oeldre.
255 965 387 996 Summa
413 964 522 996 totalis
549 964 637 995 ordei
663 967 769 1004 preter
792 964 954 1004 arreragia‚
981 963 1015 994 ix
1042 963 1146 994 celdre

98 1014 166 1055 xiiij
184 1014 276 1046 bolle.
322 1015 453 1046 Summa
468 1017 652 1051 marterum,
670 1013 713 1053 xj.
759 1013 890 1044 Summa
913 1013 1022 1044 totalis
1041 1013 1146 1044 oneris

99 1064 195 1095 brasii
224 1067 331 1104 preter
360 1063 526 1104 arreragia,
553 1063 619 1103 xvij
652 1062 757 1093 celdre
787 1062 843 1101 xiij
876 1062 968 1094 bolle.
1014 1062 1146 1093 Summa

100 1113 208 1144 totalis
239 1112 356 1144 farrine
386 1115 492 1152 preter
529 1111 695 1152 arreragia,
725 1111 801 1151 xxvj
841 1111 945 1142 celdre
975 1111 1021 1151 iiij
1054 1111 1145 1142 bolle.

100 1162 233 1193 Summa
262 1161 371 1192 totalis
401 1171 575 1192 avenarum
597 1164 703 1201 preter
741 1160 905 1201 arreragia,
941 1160 1010 1191 lxix
1035 1160 1146 1192 celdre.

101 1211 233 1242 Summa
258 1210 367 1241 totalis
393 1213 561 1241 mutonum
586 1214 692 1250 preter
715 1209 878 1249 amn-agia,
901 1220 965 1240 xxx
990 1213 1146 1241 mutones.

101 1261 233 1292 Summa
263 1259 372 1290 totalis
402 1259 583 1290 salmonum
613 1262 719 1299 preter
749 1259 914 1300 arreragia,
944 1258 1058 1300 iij⁰xvj‚
1081 1259 1145 1297 etj

101 1319 222 1350 porcus.

146 1359 292 1399 Expense
313 1357 464 1398 ejusdem.
511 1358 552 1390 In
574 1357 694 1398 primis,
717 1357 851 1389 allocate
875 1359 1071 1398 compotanti
1093 1369 1150 1399 per

101 1408 296 1440 solucionem
337 1407 455 1438 factam
492 1406 656 1447 capellano
693 1407 864 1438 celebranti
896 1406 931 1438 in
969 1410 1072 1439 castro
1110 1408 1149 1439 de

102 1457 273 1498 Strivelyn,
298 1456 488 1497 percipienti
511 1457 678 1488 annuatim
702 1456 811 1487 decem
835 1466 956 1488 marcas
980 1457 1019 1488 de
1042 1467 1149 1488 annuo

101 1506 228 1538 redditu
244 1505 282 1536 de
300 1505 484 1546 Craggorth‚
506 1505 540 1535 in
564 1505 692 1546 plenam
713 1505 909 1536 solucionem
932 1505 1016 1536 feodi
1037 1506 1088 1537 sui
1111 1507 1149 1538 de

56 1560 60 1561 ⁷
101 1566 185 1587 anno
216 1555 364 1596 compoti,
393 1555 425 1595 vj
450 1554 482 1586 fi.
515 1555 571 1596 xiij
597 1559 619 1587 ἔ.
650 1555 696 1595 iiij
722 1554 750 1585 d.
797 1555 839 1586 Et
869 1566 925 1596 per
955 1556 1150 1588 solucionem

103 1607 220 1639 factam
241 1607 371 1638 domino
392 1607 431 1638 de
452 1607 617 1647 Trareglis,
641 1606 831 1647 percipienti
852 1608 1018 1638 annuatim
1036 1609 1151 1650 viginti

102 1667 223 1688 marcas
255 1657 356 1688 annui
386 1657 529 1688 redditus
561 1656 690 1688 baronie
729 1657 768 1688 de
799 1657 932 1696 Skeoch‚
963 1657 997 1688 in
1022 1657 1151 1698 plenam

103 1707 297 1738 solucionem
313 1706 457 1747 ejusdem
473 1706 511 1737 de
528 1706 613 1737 dicto
630 1717 723 1743 anno,
740 1706 796 1746 xiij
813 1706 844 1737 fi.
866 1707 894 1747 vj
913 1711 935 1738 s.
960 1708 1016 1748 viij
1033 1707 1063 1739 d.
1109 1708 1151 1738 Et

104 1756 217 1794 eidem,
227 1756 266 1787 de
282 1756 382 1786 firmis
393 1759 550 1786 terrarum
561 1755 599 1786 de
614 1755 775 1796 Lupnoch,
788 1756 986 1796 Lossyntrul,
999 1757 1150 1788 Fossoch—

105 1806 202 1847 quhy,
228 1810 260 1837 et
292 1805 517 1844 Quenishalch,
542 1809 767 1846 occupatarum
798 1816 871 1836 cum
901 1806 1036 1846 propriis
1061 1806 1152 1837 bonis

106 1905 300 1937 solucionem
316 1905 433 1935 factam
449 1904 558 1935 abbati
573 1908 605 1935 eb
621 1904 793 1935 conventui
810 1904 848 1935 de
873 1904 994 1941 Culros,
1018 1905 1152 1945 percipi-

107 1954 234 1986 entibus
251 1954 419 1986 annuabim
435 1954 645 1995 quadraginta
661 1957 725 1985 tres
749 1953 865 1985 solidos
887 1954 986 1984 annui
1010 1954 1153 1985 redditus

106 2008 188 2037 terre
215 2005 254 2036 de
278 2004 389 2041 Pullis,
415 2004 449 2034 in
477 2004 605 2044 plenam
629 2003 824 2034 solucionem
849 2003 991 2044 ejusdem
1008 2003 1046 2034 de
1069 2014 1154 2034 anno

107 2055 254 2095 compoti,
278 2054 347 2094 xliij
366 2058 388 2085 s.
434 2054 477 2084 Et
501 2053 686 2084 Alexandro
710 2053 841 2094 Lamby,
857 2063 913 2093 pro
937 2053 1042 2084 media
1064 2059 1154 2094 parte

108 2108 264 2136 terrarum
293 2104 333 2135 de
360 2103 556 2135 Inneraloun
586 2103 624 2134 de
652 2103 736 2134 (licto
767 2113 850 2133 anno
875 2106 908 2133 eb
932 2103 991 2133 sub
1014 2103 1154 2143 periculo

108 2154 328 2195 compotantis,
344 2154 374 2194 vj
392 2153 423 2184 fi.
441 2153 495 2193 xvj
513 2157 536 2184 ἔ.
552 2152 598 2192 iiij
617 2152 645 2184 d.
691 2153 734 2183 Et
754 2152 865 2189 eidem,
881 2163 937 2193 pei·
959 2152 1155 2183 solucionem

111 2203 227 2235 factam
236 2204 401 2235 Fratribus
415 2202 670 2234 Predicanoribus
678 2202 714 2234 cle
722 2202 893 2243 Strivelyn,
905 2202 1154 2243 percipientibus
