1551 2462
109 296 198 324 1464.
417 291 578 324 REGUM
601 291 847 324 SOOTORUM.
1094 295 1109 322 2
1116 293 1151 322 71

105 386 240 427 coquine
255 385 382 417 intratis
398 385 432 416 in
447 385 536 416 libris
552 384 719 421 dietarum,
742 384 907 415 allocando
930 394 987 425 pro
1011 384 1155 424 qualibet

105 435 191 467 bolla
205 445 311 477 grosse
333 435 451 466 farriae
474 437 611 475 quatuor
633 434 735 465 bollas
759 444 942 471 avenarum,
965 434 997 474 xj
1023 433 1107 464 boile
1130 434 1151 474 ij

107 485 218 516 ferlote
242 495 423 516 avenarum.
468 485 511 515 Et
534 483 647 521 eidem,
671 494 727 524 per
749 483 935 515 missionem
958 483 1076 515 factam
1100 493 1156 524 per

107 537 347 576 computantem
370 534 410 565 ad
426 533 733 565 Sanctumandream
749 543 822 574 erga
837 533 870 564 N
872 533 955 564 atale
970 543 1027 574 pro
1040 533 1158 574 pabulo

108 594 262 626 equorum
285 584 364 615 dicti
386 583 509 615 domini
532 583 614 624 regis
637 583 755 614 intrate
779 583 813 613 in
837 583 929 614 libris
952 583 1120 619 dietarum,
1143 583 1155 622 j

109 634 215 666 celdra
229 634 285 674 viij
303 633 387 665 bolle
402 643 583 665 avenarum.
629 633 671 663 Et
687 633 838 673 Marjorie
851 633 944 674 Baty,
967 632 1159 673 percipienti

108 694 167 725 pro
181 683 343 723 laboribus
367 683 460 714 factis
477 683 559 714 circa
576 682 754 714 custodiam
765 686 930 723 pratorum
946 682 1024 713 dicti
1036 682 1158 713 domini

110 733 193 775 regis
215 734 250 764 in
273 733 436 764 Faucland
460 736 492 764 et
514 733 717 773 reparacione
734 732 896 764 fovearum
921 732 1096 764 eorundem
1120 731 1159 762 de

109 783 194 814 dicto
219 792 312 819 anno,
328 782 372 823 xij
397 782 481 813 bolle
504 792 688 820 avenarum,
711 784 744 813 et
766 782 938 813 mandatur
960 782 1161 822 computanti
1175 804 1240 827 Nota
1250 803 1348 826 manua-

111 831 197 873 quod
211 831 349 873 amplius
367 842 431 862 non
443 831 547 862 solvat
560 832 679 872 absque
692 842 773 862 novo
789 832 948 862 mandato.
994 832 1036 862 Et
1049 831 1161 868 eidem,
1175 836 1237 857 tum.

111 892 169 923 pro
191 885 322 923 pastura
345 881 514 913 tresdecim
529 882 627 912 boum
638 884 839 922 pascatorum
854 885 887 912 et
902 881 1000 912 trium
1013 891 1162 922 aprorum

113 932 153 963 de
168 942 252 963 anno
274 931 416 972 presenti
439 931 479 962 ad
502 941 659 972 expensas
681 931 803 961 domini
825 931 915 972 regis,
939 941 980 962 ex
1002 930 1162 962 consider-

114 981 223 1013 acione
240 981 432 1018 auditorum,
444 981 456 1022 j
475 981 580 1012 celdra
593 981 648 1021 viij
661 980 753 1012 bolle.
799 980 930 1011 Summa
942 990 1163 1021 expensarum,

114 1031 184 1062 xlix
199 1030 303 1062 celdre
321 1030 343 1071 ij
368 1030 481 1061 ferlote
504 1030 538 1071 iij
563 1040 657 1071 pecce
681 1040 862 1061 avenarum.
909 1031 951 1060 Et
973 1030 1019 1061 sic
1042 1032 1164 1061 restant

114 1080 149 1121 iij
168 1080 271 1111 celdre
288 1090 309 1110 x
325 1079 410 1111 bolle
425 1080 458 1120 iij
484 1079 596 1110 ferlote
621 1079 654 1120 iij
680 1090 781 1120 pecce.
827 1080 878 1111 De
901 1080 1018 1120 quibus
1041 1082 1164 1110 restant

115 1130 150 1160 in
187 1129 335 1160 manibus
373 1129 395 1160 J
397 1129 487 1160 acobi
523 1129 750 1170 Lummysden,
781 1130 966 1170 occupantis
996 1133 1095 1160 terras
1126 1129 1165 1160 de

117 1179 289 1216 Barnturk,
305 1178 344 1209 de
359 1178 459 1209 firmis
482 1189 652 1219 granorum
676 1179 827 1219 ejusdem,
842 1179 864 1220 ij
889 1179 993 1210 celdre
1016 1179 1063 1220 iiij
1081 1179 1165 1210 holle
1180 1171 1326 1225 soffitsffindi

117 1238 300 1259 avenarum.
347 1228 390 1258 Et
405 1228 554 1259 similiter
570 1228 604 1258 in
620 1228 769 1259 manibus
786 1229 900 1259 Leonis
912 1229 993 1270 regis
1004 1239 1164 1260 armorum
1180 1232 1287 1255 consilio.

116 1278 155 1309 de
171 1278 263 1309 terris
279 1278 318 1309 de
335 1277 482 1318 Cullessy
498 1278 537 1309 de
553 1277 653 1308 firmis
666 1278 816 1318 ejusdem,
830 1278 874 1318 xij
888 1278 971 1309 boile
984 1288 1164 1309 avenarum.

118 1328 160 1358 Et
175 1327 209 1358 in
226 1327 373 1358 manibus
389 1327 495 1358 David
512 1327 597 1367 Boys
613 1327 653 1358 de
668 1327 761 1358 terris
778 1327 817 1358 de
833 1328 996 1369 Balbreky
1012 1328 1051 1359 de
1066 1328 1166 1358 firmis

118 1377 270 1418 ejusdem,
296 1377 309 1417 j
342 1376 447 1407 celdra
477 1376 545 1417 xiiij
578 1376 671 1408 boue.
716 1376 849 1407 Summa
871 1376 968 1417 hujus
1000 1381 1092 1414 reste,
1119 1377 1166 1417 iiij

119 1426 223 1458 celdre
239 1426 308 1467 xiiij
325 1426 408 1457 bone
421 1436 603 1462 avenarum,
619 1429 652 1457 et
666 1426 720 1463 sic,
730 1426 792 1457 hiis
803 1426 947 1458 allocatis
960 1427 1168 1468 computanti,

119 1472 206 1507 idem
221 1475 469 1517 superexpendit
481 1476 494 1516 j
511 1475 651 1507 celdram
666 1475 700 1516 iij
715 1475 816 1507 bollas
823 1476 835 1517 j
848 1486 977 1517 peccam
987 1486 1167 1508 avenarum.

165 1575 360 1616 Oomputum
371 1574 509 1605 Gilberti
519 1574 640 1606 domini
650 1575 996 1617 Kennedy‚receptoris
1006 1576 1169 1606 firmarum
1185 1581 1305 1612 Warda
1321 1580 1359 1612 de

121 1625 160 1656 de
182 1624 319 1656 Leswalt
343 1627 375 1655 et
405 1624 540 1655 aliarum
571 1627 729 1655 terrarum
759 1626 978 1665 spectancium
1008 1626 1170 1666 quondam
1186 1625 1333 1656 Leswalt.

121 1674 256 1715 Georgio
279 1673 318 1705 de
341 1673 492 1714 Douglas,
515 1673 728 1705 existencium
758 1674 792 1704 in
823 1674 930 1706 warda
960 1685 1017 1715 per
1047 1675 1171 1706 obitum

122 1723 265 1765 ejusdem
281 1723 320 1755 de
335 1723 482 1754 terminis
499 1723 726 1754 Penthecostes
740 1726 772 1754 et
785 1723 894 1754 Sancti
906 1724 1042 1755 Martini
1057 1725 1172 1755 ultimo

123 1773 248 1814 elapsis,
263 1775 296 1804 et
311 1775 469 1804 terrarum
485 1772 524 1804 de
540 1773 743 1810 Kirkandris,
754 1784 816 1814 que
832 1777 907 1804 sunt
924 1774 962 1804 de
978 1775 1172 1814 proprietate
1189 1768 1353 1800 Kil'kassd-

124 1822 244 1854 domini
258 1822 340 1864 regis
357 1832 396 1853 ex
412 1825 591 1863 conquestu
603 1822 720 1863 regine,
736 1823 775 1853 de
791 1823 927 1854 termino
944 1823 1172 1855 Penthecostes
1188 1813 1239 1843 ris·

124 1866 246 1897 ultimo.

167 1915 258 1946 Idem
281 1917 391 1946 onerat
413 1925 446 1946 se
469 1914 503 1945 111
526 1915 638 1956 primis
662 1915 701 1946 de
716 1915 772 1956 viij
789 1914 821 1946 fi.
839 1915 877 1946 de
901 1915 1000 1946 firmis
1017 1919 1174 1947 terrarum

123 1965 223 1996 trium
252 1965 440 2006 Largbrekis
471 1975 533 2005 que
563 1968 640 1996 sunt
670 1965 709 1996 de
741 1965 871 1995 baronia
901 1965 939 1996 de
971 1965 1108 1996 Leswalt
1135 1965 1174 1997 de

125 2014 248 2045 duobus
270 2014 415 2046 terminis
439 2013 535 2054 hujus
558 2014 709 2055 computi.
756 2015 797 2045 Et
821 2014 860 2045 de
883 2014 917 2054 iij
934 2014 965 2045 fi.
983 2015 1014 2055 vj
1029 2019 1053 2045 s.
1069 2015 1125 2056 viij
1143 2015 1172 2046 d.

126 2063 165 2095 de
181 2064 280 2095 firmis
296 2063 335 2095 de
351 2063 511 2094 Masmore
527 2067 560 2094 et
576 2063 809 2104 Knocnargade
826 2063 864 2094 de
888 2063 982 2094 dietis
998 2064 1129 2095 baronia
1144 2068 1177 2095 et

127 2113 279 2145 terminis.
324 2113 367 2144 Et
382 2113 421 2144 de
438 2113 516 2153 xviij
538 2117 560 2144 s.
578 2113 617 2143 de
632 2112 663 2144 18
686 2112 799 2144 Glakis
815 2112 854 2143 de
878 2112 971 2144 dictis
995 2113 1123 2145 baronie
1147 2117 1179 2145 et

129 2163 280 2193 terminis.
326 2163 369 2193 Et
384 2162 422 2193 de
439 2162 516 2202 xviij
535 2166 557 2193 s.
575 2162 613 2193 de
629 2162 729 2193 firmis
747 2162 785 2193 de
800 2161 1036 2194 Achnooharth.
1082 2164 1125 2195 Et
1141 2165 1180 2196 de

132 2212 166 2252 iij
183 2211 214 2243 fi.
231 2211 270 2243 de
286 2211 410 2243 duabus
427 2211 675 2244 Glenstokdalis.
721 2211 763 2242 Et
779 2211 817 2242 de
833 2211 867 2252 iij
884 2211 917 2244 112
933 2212 964 2253 vj
982 2216 1004 2244 s.
1022 2213 1077 2254 viij
1095 2213 1123 2245 d.
1140 2214 1180 2246 de
