1551 2462
411 261 450 289 94
721 259 885 291 ROTULI
909 258 1147 292 SGACCARII
1369 262 1458 291 1461.

409 351 455 392 iiij
473 356 494 383 s.
521 351 543 392 ij
575 352 604 383 d.
661 352 703 383 Et
731 353 842 390 eidem,
866 352 999 384 allocate
1031 352 1069 384 de
1099 352 1200 384 firmis
1231 355 1387 384 terrarum
1418 353 1458 384 de

409 401 642 439 Dummernok,
672 402 884 434 exisbcncium
915 403 949 433 in
979 402 1128 433 manibus
1167 402 1289 433 domini
1318 402 1459 444 episcopi

407 451 647 482 Dunkeldensis
670 462 710 483 ex
734 452 921 483 tollerancia
944 452 1071 482 domine
1101 451 1218 492 regine,
1241 461 1312 482 cum
1342 453 1459 493 quibus

408 505 594 542 compotens
618 502 763 542 superius
787 506 945 538 onerabur,
968 501 1006 532 de
1030 504 1168 542 quabuor
1189 502 1335 533 terminis
1363 501 1459 543 hujus

408 551 556 591 compoti,
579 551 610 591 vj
635 551 667 581 fi.
692 551 747 592 xiij
772 556 795 583 s.
819 551 865 592 iiij
899 551 928 582 d.
974 552 1017 582 Et
1040 551 1153 589 eidem,
1176 562 1233 593 per
1262 552 1459 583 solucionem

408 601 524 631 factam
541 601 661 632 Thome
678 601 808 633 Huntar
824 602 864 633 ad
887 602 1037 633 emendas
1058 612 1133 633 oves
1149 602 1188 632 ad
1212 612 1307 633 usum
1330 601 1458 633 domine

408 651 524 691 regine,
536 650 574 682 de
587 651 738 683 mandato
751 651 878 682 domine
893 651 1006 693 regine,
1019 651 1150 683 custode
1162 651 1280 692 privati
1292 651 1390 693 sigilli
1399 656 1459 683 tes-

408 702 497 731 tante
520 700 716 738 mandatum,
742 701 786 741 xij
813 700 844 731 n.
869 711 891 731 x
913 705 936 731 s.
982 701 1024 732 Et
1047 700 1159 738 eidem,
1182 711 1239 742 per
1261 701 1458 732 solucionem

408 749 525 780 factam
536 749 673 780 Patricio
685 750 772 791 Gray
783 750 820 781 de
831 750 982 781 mandato
992 750 1110 791 privati
1121 750 1228 792 sigilli,
1237 751 1306 792 ipso
1317 753 1459 782 testante

407 799 604 836 mandatum,
619 809 676 840 pro
686 799 871 836 ,lucracione
888 800 954 831 feni
965 800 1049 841 prati
1059 800 1099 831 de
1111 800 1269 831 Methven
1281 800 1320 831 de
1331 799 1456 831 duobus

408 848 500 879 annis
530 848 626 889 hujus
657 849 805 889 compoti,
828 849 874 890 iiij
899 849 931 879 fi.
977 849 1020 880 Et
1043 849 1154 886 eidem,
1175 859 1231 890 per
1261 849 1459 880 solucionem

408 897 525 929 fac‘nam
553 898 673 929 Thome
697 899 861 939 Oliphant,
884 902 922 930 ut
948 902 1038 940 patet
1059 909 1117 940 per
1138 898 1285 930 cedulam
1308 899 1460 940 scriptam

407 957 505 978 manu
526 947 605 978 dicti
620 948 740 979 Thome
757 954 916 979 ostensam
932 958 1027 989 super
1044 951 1237 989 compotum,
1253 948 1292 979 de
1308 948 1460 979 mandato

408 996 486 1027 dicti
513 997 634 1028 domini
662 997 793 1029 Roberti
824 997 928 1034 Mure,
954 998 1129 1034 camerarii,
1158 997 1197 1029 de
1226 997 1343 1038 quibus
1373 997 1459 1029 idem

408 1046 566 1078 Robertus
582 1047 682 1078 eciam
705 1047 844 1078 reddidit
860 1049 1053 1087 compotum,
1071 1046 1124 1087 viij
1142 1046 1173 1078 li.
1219 1047 1262 1077 Et
1277 1047 1388 1084 eidem,
1403 1057 1462 1088 per

407 1096 603 1128 solucionem
626 1097 746 1128 factam
773 1097 892 1128 Thome
919 1097 1079 1138 Symsoun
1110 1097 1150 1128 ad
1181 1096 1331 1128 emendas
1358 1100 1460 1128 certas

408 1150 526 1177 martas
542 1150 574 1177 et
596 1147 717 1187 positas
740 1146 774 1177 in
796 1147 970 1178 lardinaria
994 1147 1033 1178 de
1056 1146 1239 1178 Fauclande
1266 1150 1299 1177 et
1324 1146 1460 1177 intrabas

408 1195 441 1226 in
468 1195 558 1227 libris
584 1196 738 1227 domicilii
763 1196 892 1227 domine
922 1196 1029 1237 regine
1053 1196 1105 1228 die
1129 1196 1227 1237 hujus
1258 1195 1405 1237 compoti,
1421 1195 1461 1227 de

195 1261 358 1291 Respondebit
407 1245 558 1276 mandato
604 1245 770 1277 senescalli
801 1246 976 1287 Kingorne,
1007 1246 1076 1287 ipso
1107 1245 1230 1277 fatente
1261 1245 1456 1282 mandatum,

196 1292 336 1321 Kingorne„
408 1295 451 1335 vij
468 1295 500 1326 li,
517 1295 539 1336 ij
557 1299 589 1331 s,
611 1306 667 1336 pro
692 1296 810 1336 quibus
833 1296 1038 1336 respondebit
1061 1299 1134 1336 post
1156 1300 1340 1336 compotum
1366 1304 1462 1326 snum

407 1345 567 1376 redditum
583 1345 617 1375 in
641 1345 805 1376 scaccario.
850 1345 894 1376 En
919 1345 1031 1382 eidem,
1048 1355 1104 1386 per
1125 1345 1319 1376 solucionem
1343 1345 1461 1375 factam

407 1394 581 1425 senescallo
606 1395 773 1435 Kingorne
789 1394 821 1424 in
847 1394 980 1425 minutis
996 1394 1144 1435 expensis
1168 1394 1296 1425 intratis
1312 1394 1346 1424 in
1367 1393 1458 1424 libris

408 1444 562 1474 domicilii
592 1444 720 1475 domine
765 1444 882 1485 regine,
913 1443 952 1475 de
990 1444 1106 1484 quibus
1145 1443 1230 1475 idem
1266 1443 1460 1475 senescallus

407 1493 567 1524 redditum
599 1495 790 1533 compotum,
822 1493 877 1533 viij
899 1492 931 1524 li.
976 1493 1019 1524 Et
1042 1493 1156 1530 eidem,
1186 1493 1226 1524 de
1256 1493 1313 1534 xiij
1331 1493 1364 1524 li.
1386 1493 1419 1534 vj
1436 1496 1459 1524 ἔ.

407 1542 463 1583 viij
481 1542 509 1573 d.
527 1542 566 1573 de
582 1542 674 1573 terris
694 1542 732 1573 de
763 1542 900 1583 Erntuly
918 1542 956 1573 de
983 1542 1107 1574 duobus
1129 1542 1275 1574 terminis
1297 1542 1383 1573 infra
1401 1543 1461 1574 hoc

408 1595 600 1632 compotum,
616 1602 655 1623 ex
671 1601 707 1622 eo
725 1591 810 1632 quod
832 1591 915 1623 dicte
931 1596 1014 1623 terre
1030 1596 1107 1623 sunt
1127 1592 1162 1623 in
1178 1593 1326 1624 manibus
1338 1592 1462 1623 domini
1506 1603 1508 1605 ’

407 1641 548 1682 episcopi
574 1640 816 1672 Dunkeldensis
842 1651 880 1672 ex
908 1642 1073 1673 excambio
1096 1642 1182 1673 facto
1213 1652 1268 1682 per
1298 1641 1461 1672 dominam

408 1690 558 1731 reginam,
576 1693 611 1720 ut
628 1700 684 1730 per
707 1690 833 1721 literam
850 1690 977 1721 domine
1001 1691 1107 1731 regine
1130 1691 1267 1732 desuper
1282 1690 1460 1722 confectam

408 1739 524 1771 clarius
549 1742 693 1774 testatur,
709 1749 780 1770 cum
798 1740 890 1770 terris
907 1739 1129 1771 ecclesiasticis
1150 1740 1190 1771 de
1206 1740 1373 1772 Abircorn.
1418 1740 1461 1782 Eu
1515 1761 1520 1765 -
1542 1735 1546 1738 ’

408 1789 520 1826 eidem,
547 1799 605 1830 per
641 1789 836 1820 solucionem
879 1789 996 1820 factam
1028 1789 1061 1820 in
1094 1790 1201 1827 Pexth,
1224 1793 1366 1830 tempore
1397 1799 1461 1830 quo

409 1839 538 1869 domina
568 1838 677 1879 regina
707 1838 770 1868 fuit
800 1837 919 1869 ibidem
951 1849 1024 1869 cum
1055 1839 1249 1873 consulibus,
1279 1839 1313 1869 in
1353 1838 1461 1880 parvis

408 1887 542 1918 minutis
565 1887 713 1928 expensis
734 1892 766 1918 et
782 1887 829 1917 lez
851 1891 1000 1918 uneostez
1017 1891 1049 1918 et
1072 1898 1137 1918 non
1167 1888 1295 1919 intratis
1316 1888 1350 1918 in
1371 1887 1461 1920 libris

409 1937 562 1968 domicilii
605 1936 722 1978 regine,
759 1936 849 1976 xxxij
889 1940 912 1967 s.
958 1937 1001 1967 Et
1031 1936 1143 1974 eidem,
1177 1947 1233 1977 per
1266 1936 1461 1968 solucionem

409 1987 526 2017 factam
543 1986 663 2017 Thome
675 1986 794 2027 Layng,
809 1985 965 2026 placitori,
978 1986 1016 2017 de
1032 1986 1183 2018 mandato
1199 1986 1327 2018 domine
1343 1986 1462 2027 regine,

410 2036 540 2067 custode
561 2036 678 2076 privati
699 2035 796 2077 sigilli
824 2038 962 2066 testante
978 2035 1175 2073 mandabum,
1191 2036 1203 2067 l
1219 2040 1242 2067 s.
1289 2036 1329 2067 Et
1357 2036 1460 2067 eidem

409 2085 537 2117 allocati
555 2096 610 2126 pro
628 2085 718 2116 feodo
739 2095 796 2116 suo
813 2095 868 2126 per
882 2088 1010 2126 tempus
1033 2086 1180 2126 compoti,
1198 2085 1231 2116 xl
1259 2090 1282 2117 s.
1329 2085 1461 2117 Summa

409 2145 631 2176 expensarum,
651 2134 677 2176 j⁰
708 2135 808 2175 xxxiij
837 2134 869 2166 n.
895 2134 972 2175 xviij
1005 2138 1029 2166 s.
1060 2135 1080 2176 ij
1115 2135 1144 2167 d.
1190 2135 1232 2166 Et
1261 2135 1308 2166 sic
1338 2138 1462 2167 restant

410 2196 430 2216 x
446 2185 478 2216 li.
496 2185 563 2226 xxij
583 2184 611 2215 d.
