1551 2462
124 306 212 336 1464.
428 302 589 335 REGUM
612 302 857 334 SCOTORUM.
1101 305 1160 333 305

120 395 268 438 episcopi,
283 395 403 428 fatente
418 399 581 437 receptum
591 405 686 436 super
695 398 878 436 compotum
889 394 927 426 de
940 395 1025 426 dicto
1037 405 1129 432 anno,
1142 404 1164 425 v

119 445 152 477 fi.
189 446 231 477 Et
243 446 350 477 heredi
359 446 518 487 quondam
527 445 683 476 Willelmi
695 445 831 481 Wricht,
841 444 1028 485 percipienti
1043 454 1162 475 annua-

119 495 179 526 tim
195 495 336 536 quinque
360 495 457 526 libras
472 505 513 526 cx
534 494 734 526 concessione
755 494 837 535 regis
861 494 992 524 Roberti
1006 493 1110 534 primi,
1127 496 1163 523 ut

120 547 209 585 patet
227 545 261 576 in
287 545 399 576 rotulis
414 544 664 590 precedentibus,
685 543 830 575 Gilberto
857 543 995 584 Kyntor,
1020 543 1163 584 ejusdem

121 593 278 625 Willelmi
305 597 522 635 procuratore„
539 604 595 634 per
621 603 694 624 suas
717 592 825 623 literas
853 592 974 623 fatente
998 596 1163 633 receptum

120 653 215 684 super
230 647 422 684 computum,
445 643 484 675 de
506 653 589 674 anno
612 642 762 683 computi,
785 653 806 673 v
822 641 855 673 Η.
902 642 960 682 [To
982 641 1164 672 Alemnder

119 693 216 733 Lesly,
242 696 325 724 tutor
343 693 381 733 of
414 693 531 724 Walter
554 692 699 732 Barclccy,
726 702 760 722 ces
787 702 819 732 Ρ.
846 691 898 729 43,
934 691 969 731 by
994 691 1104 731 recez'pt
1131 691 1169 731 of

121 742 261 772 Richard
275 742 447 782 onyntor,
462 741 538 782 3³5]
583 741 626 772 Et
638 741 748 778 eidem,
763 751 820 781 per
835 740 1028 772 solucionem
1046 740 1164 771 factam

121 791 239 822 Thome
256 786 382 822 domino
399 791 525 828 Erskin,
536 790 725 831 percipienti
737 790 906 821 annuatim
921 793 1051 821 centum
1067 789 1164 820 libras

121 840 160 872 de
175 840 274 871 firmis
283 840 468 881 burgalibus
480 840 559 871 dicti
570 840 670 881 burgi,
682 842 719 870 ut
730 842 820 880 patet
834 839 870 869 in
885 839 998 870 rotulis
1015 839 1164 879 antiquis,

121 889 160 920 de
186 889 321 921 termino
347 889 573 921 Penthecostes
604 892 678 920 ante
705 889 766 920 hoc
792 892 988 929 computum,
1012 889 1082 929 ipso
1108 898 1165 929 pre

120 948 192 970 suas
214 938 322 970 literas
345 938 465 970 fatente
488 942 653 979 receptum
676 948 772 979 super
787 941 984 979 computum,
1010 938 1022 968 1
1045 938 1077 968 11¹.
1122 938 1165 968 Et

121 998 177 1028 per
200 988 393 1019 solucionem
420 988 536 1018 factam
563 988 648 1018 dicto
678 987 806 1018 domino
831 987 949 1018 Erskin
972 987 1007 1018 in
1036 987 1166 1028 plenam

122 1037 317 1068 solucionem
340 1037 424 1068 dicte
454 1047 511 1068 sue
534 1036 696 1077 pensionis
721 1036 760 1067 de
787 1046 870 1067 anno
893 1036 991 1077 hujus
1016 1036 1166 1077 computi,

121 1086 189 1127 ipso
206 1086 304 1117 eciam
320 1096 377 1127 per
399 1096 471 1117 suas
493 1085 603 1116 literas
624 1089 763 1116 testante
786 1088 949 1126 receptum
972 1096 1067 1126 super
1082 1095 1166 1116 com-

121 1139 245 1176 putum,
258 1134 284 1176 j⁰
298 1135 329 1166 fi.
376 1135 418 1166 Et
432 1135 562 1166 Endure
579 1135 737 1176 signifero,
754 1145 840 1165 nunc
862 1135 1021 1176 Lindesay
1036 1135 1166 1166 heraldo

121 1188 313 1225 nuncupato,
329 1195 369 1215 ex
384 1185 487 1225 gracia
502 1184 623 1215 domini
638 1185 720 1225 regis
735 1195 794 1225 pro
811 1195 867 1215 sua
891 1184 1057 1215 voluntate
1073 1185 1166 1216 dura—

121 1237 194 1265 tura
209 1234 398 1275 percipienti
420 1234 587 1265 annuatim
610 1234 752 1274 quinque
775 1244 906 1271 marcas,
922 1234 961 1265 de
982 1244 1065 1265 anno
1081 1244 1166 1265 com·
1179 1234 1344 1286 gffi‘ssssdssffl

121 1283 201 1324 puti,
227 1283 261 1323 iij
289 1283 320 1314 li.
349 1284 380 1324 vj
416 1287 439 1314 s.
466 1283 522 1324 viij
548 1283 587 1320 d„
610 1286 643 1314 et
662 1283 838 1323 precipitur
862 1283 1060 1323 computanti
1081 1283 1166 1324 quod
1179 1282 1307 1316 samarius.

121 1332 259 1373 amplius
274 1343 338 1363 non
354 1332 457 1363 solvat
471 1333 540 1363 sine
565 1332 694 1373 speciali
709 1331 867 1363 mandato.
914 1332 973 1372 [To
991 1333 1166 1370 Treasurcr,
1179 1330 1343 1388 ἒζῗὲῧέξξξῑῖ

1321 1378 1328 1389 ‚

121 1382 203 1412 :3⁷33
241 1382 283 1412 To
297 1381 598 1422 Comptroller‚ss35.
634 1381 721 1418 Sum,
730 1382 835 1412 3286.
867 1381 1010 1419 Balanea,
1020 1383 1094 1420 ³504]
1108 1383 1163 1423 spa]
1178 1390 1304 1412 rotulator.

164 1479 358 1521 Computum
375 1480 566 1511 ballivorum
588 1475 680 1521 burgi
702 1480 741 1512 de
762 1480 869 1518 Perth,
893 1481 1101 1523 [Edinburyla
1123 1483 1165 1513 13
1177 1482 1283 1515 Perth.

123 1529 240 1560 October
254 1530 348 1568 1464,
351 1530 441 1570 from
455 1530 499 1560 12
513 1530 592 1570 July
606 1530 692 1568 1459
702 1541 714 1568 ;
737 1531 759 1561 5
773 1541 867 1570 years.

166 1578 289 1619 Oharqe.
333 1579 478 1617 Arrcars,
504 1580 587 1610 AE’IO.
632 1580 754 1610 Fermes
775 1580 841 1611 and
857 1583 945 1621 petty
968 1584 1104 1619 customs,
1128 1582 1166 1622 by

43 1619 50 1623 ⁴
113 1627 315 1668 seu-charter,
331 1629 436 1666 3400.
481 1628 560 1660 Sum
575 1629 694 1669 8410]

164 1676 314 1718 Expense
329 1677 509 1709 eorundem.
555 1678 596 1709 In
618 1678 741 1719 primis,
756 1678 890 1710 allocate
906 1681 1165 1721 computantibus

121 1736 178 1767 per
192 1725 384 1758 solucionem
407 1727 524 1758 factam
545 1728 643 1769 priori
666 1731 698 1759 et
713 1729 886 1759 conventui
910 1729 1166 1761 Cartusiensibus

123 1775 213 1807 Valis
253 1776 419 1807 Virtutum
456 1787 553 1818 prope
583 1777 689 1815 Perth,
719 1778 969 1819 percipientibus
999 1780 1167 1811 annuatim

123 1824 352 1866 quinquaginta
375 1836 494 1857 marcas
510 1827 549 1857 dc
572 1826 671 1858 firmis
694 1827 880 1868 burgalibus
908 1828 986 1860 dicti
1011 1829 1103 1870 burgi
1125 1840 1166 1860 ex

126 1875 321 1906 concessione
336 1875 457 1907 domini
472 1876 554 1917 regis
570 1876 684 1908 Jacobi
699 1870 803 1917 primi,
819 1877 997 1908 fundatoris
1014 1878 1167 1918 ejusdem,

126 1923 157 1954 in
179 1923 306 1964 plenam
328 1924 522 1957 solucionem
545 1926 628 1957 dicte
651 1927 814 1967 pensionis
837 1926 876 1957 de
904 1927 1046 1968 quinque
1073 1929 1166 1959 annis

125 1971 219 2013 hujus
245 1974 395 2014 computi,
421 1975 499 2016 ipsis
535 1975 712 2007 fatentibus
743 1979 907 2016 receptum
937 1987 994 2017 per
1024 1977 1167 2018 quinque

125 2020 230 2053 literas
253 2032 347 2063 super
369 2027 553 2065 computum
578 2028 728 2061 ostensas,
741 2023 767 2065 jc
790 2025 857 2065 lxvj
882 2025 912 2056 li.
938 2026 993 2066 xiij
1019 2030 1041 2057 s.
1065 2026 1112 2067 iiij
1136 2026 1165 2057 d.

77 2095 80 2099 ,
123 2070 166 2101 Et
180 2071 343 2104 Fratribus
359 2073 614 2104 Predicatoribus
630 2073 669 2104 de
685 2074 792 2110 Perth,
804 2074 1053 2115 percipientibus
1066 2086 1166 2107 annu-

125 2119 203 2150 atim
243 2121 481 2161 quatuordecim
519 2122 617 2153 libras
664 2123 833 2153 tresdecim
874 2124 990 2155 solidos
1031 2128 1168 2165 quatuor

126 2167 269 2200 denarios
299 2169 337 2201 de
364 2171 463 2202 firmis
493 2171 677 2212 burgalibus
708 2167 786 2203 dicti
811 2173 902 2214 burgi
933 2183 972 2204 ex
1002 2173 1168 2206 elimosina

126 2217 208 2258 regis
233 2218 372 2260 antiqua,
395 2223 433 2251 ut
463 2224 552 2262 patet
581 2221 616 2252 in
645 2221 758 2253 rotulis
785 2222 933 2263 antiquis
960 2222 998 2254 de
1025 2224 1168 2265 quinque

172 2274 240 2299 v01..
257 2276 311 2301 vn.
1015 2281 1038 2304 U
