1551 2462
392 267 451 296 102
702 261 865 294 ROTULI
889 259 1126 292 SOACOARII
1347 259 1439 289 1461.

387 357 400 399 j
418 357 503 389 bolla
519 356 552 397 iij
572 356 684 388 ferlote
696 355 792 392 ordei,
804 354 961 386 debentur
972 353 1006 384 in
1021 352 1158 384 termino
1172 351 1280 383 Sancti
1292 350 1437 382 Martini.

390 407 433 438 Et
448 408 488 438 de
516 407 547 447 vj
565 406 597 437 11,
623 416 666 436 xv
683 410 706 436 s.
730 405 768 436 (18
792 404 932 435 secunda
957 406 1048 444 parte
1076 403 1114 434 de
1139 401 1379 441 Uchtermukty
1402 400 1441 431 de

391 457 503 488 eodem
518 455 664 492 termino,
678 458 709 486 et
725 454 823 491 firme,
834 453 984 484 videlicet
992 453 1005 494 ]
1019 452 1125 484 celdra
1137 452 1168 492 xj
1186 451 1271 482 bolle
1287 450 1443 482 frumenti

391 506 414 546 ij
427 506 530 537 celdre
539 506 550 546 j
565 505 651 536 bolla
661 505 695 545 iij
708 504 821 535 ferlote
831 503 926 540 ordei,
936 502 1094 533 debentur
1106 505 1142 532 ut
1153 511 1246 542 supra
1258 501 1293 532 in
1305 500 1442 532 termino

394 556 503 587 Sancti
518 555 662 587 Martini.
707 554 749 584 Et
769 553 807 584 de
830 553 919 593 xxvij
937 556 961 583 ἔ.
978 552 1001 592 1]
1018 551 1046 582 d.
1064 551 1112 583 015.
1129 551 1168 582 (18
1184 550 1384 582 Gervasiand
1404 549 1443 581 de

394 606 504 637 eodem
531 604 677 640 termino,
702 603 793 643 cujus
820 603 921 640 firma,
945 601 1095 633 videlicet
1123 611 1145 631 v
1174 600 1258 631 bolle
1285 600 1298 641 j
1330 600 1445 631 ferlota

393 655 549 686 frumenti
575 654 607 694 vj
636 653 720 684 boile
742 653 764 693 ij
789 652 903 683 ferlote
934 651 1029 688 ordei,
1056 650 1213 682 debentur
1243 650 1277 681 in
1307 649 1445 681 termino

396 704 506 735 Sancti
533 702 676 734 Martini.
722 701 764 732 Et
794 701 833 732 de
863 700 919 741 viij
944 700 977 732 H
1008 700 1047 731 de
1078 699 1215 740 quadam
1245 702 1329 730 terra
1359 699 1446 730 dicta

396 752 577 784 Bondehalf
592 753 630 783 de
647 752 731 782 dicto
748 750 893 787 termino,
910 750 1000 791 cujus
1017 750 1116 786 firma,
1132 749 1282 780 videlicet
1301 749 1324 789 ij
1341 748 1446 780 celdre

397 803 551 834 frumenti
579 802 600 843 ij
629 801 733 832 celdre
761 800 815 841 viij
840 800 924 831 holle
947 799 1044 835 ordei,
1067 799 1224 830 debentur
1247 799 1283 829 in
1309 798 1446 829 termino

399 852 506 884 Sancti
524 851 665 882 Martini.
712 851 754 881 Et
770 850 809 881 de
825 860 847 880 v
862 849 894 881 11.
911 849 950 880 (18
965 849 995 880 18
1017 848 1121 889 Myris
1145 848 1183 879 de
1207 847 1448 887 Uchtermukty

398 902 437 933 de
453 902 564 933 eodem
580 900 724 932 termino.
770 900 813 930 Et
828 899 867 930 de
884 908 927 929 xv
943 902 965 929 ἔ.
984 898 1022 929 (18
1038 897 1138 928 firmis
1158 897 1325 937 cujusdam
1347 896 1448 937 partis

397 954 555 982 terrarum
572 950 731 981 dictarum
753 947 932 979 Marisland
957 947 995 978 de
1019 947 1130 978 eodem
1153 947 1299 978 termino.
1344 946 1386 977 Et
1409 946 1448 976 (18

399 999 457 1040 xlij
475 1003 497 1031 Ξ.
530 1009 551 1029 X
574 998 603 1030 d.
635 998 682 1029 01).
710 997 748 1028 (18
779 997 879 1028 firmis
912 995 1154 1037 quatuordecim
1184 995 1379 1037 cotagiorum
1409 994 1450 1025 de

403 1047 641 1087 Uchtermukty
666 1047 706 1077 de
734 1046 817 1077 dicto
844 1045 988 1076 termino.
1034 1045 1076 1076 Et
1103 1045 1142 1076 de
1169 1044 1203 1075 xl
1230 1048 1253 1076 ἔ,
1281 1044 1319 1076 (18
1349 1044 1450 1075 firmis

400 1096 578 1128 molendini
607 1096 647 1127 de
676 1095 905 1128 Uchtermukti
931 1095 970 1126 de
997 1095 1108 1126 eodem
1135 1094 1280 1133 termino,
1305 1097 1337 1125 et
1364 1094 1451 1125 dicta

401 1157 527 1178 summa
564 1146 699 1187 pecunie
729 1145 770 1176 ad
807 1145 989 1186 proximum
1027 1145 1200 1175 terminum
1239 1147 1382 1175 mutatur
1416 1143 1451 1174 in

402 1197 535 1233 firmam,
550 1196 701 1227 videlicet
717 1206 773 1236 pro
790 1199 927 1236 quatuor
941 1194 1032 1225 libris
1047 1194 1082 1224 in
1098 1204 1182 1224 anno
1198 1204 1277 1234 quas
1299 1193 1451 1230 solvebat,

402 1246 555 1278 solvendo
578 1246 612 1276 111
642 1246 779 1276 termino
803 1244 914 1276 Sancti
939 1243 1076 1275 Martini
1098 1243 1263 1274 annuatim
1289 1242 1324 1273 xl
1350 1242 1452 1273 bollas

403 1296 499 1332 ordei,
529 1299 567 1326 ut
590 1298 679 1336 patet
702 1295 738 1325 in
759 1294 876 1325 rentali
899 1294 1035 1334 desuper
1057 1293 1210 1324 confecto.
1256 1293 1298 1323 Et
1321 1292 1360 1323 de
1383 1302 1404 1322 v
1418 1291 1452 1323 11.

404 1346 443 1376 (18
459 1344 558 1376 firmis
574 1344 613 1375 de
630 1344 756 1375 Wester
772 1344 876 1384 Rossy
891 1343 930 1373 de
946 1343 1032 1373 dicto
1048 1342 1192 1373 termino.
1238 1342 1280 1372 Et
1295 1341 1333 1372 de
1350 1341 1417 1382 xlvj
1429 1345 1452 1372 ἔ.

405 1395 461 1435 viij
493 1394 522 1425 d.
554 1394 594 1425 de
624 1393 724 1424 firmis
763 1392 939 1423 molendini
969 1391 1008 1422 de
1053 1391 1238 1432 Lumquhat
1269 1390 1307 1421 de
1342 1390 1454 1422 eodem

404 1443 550 1480 termino,
573 1446 606 1473 et
629 1442 720 1472 firma
743 1441 822 1473 dicti
850 1440 1026 1472 molendini
1051 1440 1176 1471 levatur
1202 1440 1242 1470 ad
1265 1439 1455 1471 solvendum

405 1494 615 1534 imposterum
645 1491 812 1522 annuatim
844 1501 898 1522 sex
936 1490 1033 1521 libras
1064 1490 1233 1521 tresdecim
1267 1489 1385 1520 solidos
1423 1492 1456 1520 et

406 1546 543 1583 quatuor
559 1541 713 1572 denarios.
759 1540 801 1570 Et
817 1539 856 1571 de
872 1540 903 1580 vj
920 1539 952 1570 11.
970 1539 1008 1570 (18
1024 1539 1160 1580 pecunia
1183 1539 1222 1569 de
1243 1539 1330 1570 Estir
1352 1539 1456 1579 Rossy

406 1592 446 1623 (18
462 1591 572 1623 eodem
588 1590 733 1626 termino,
750 1589 841 1629 cujus
862 1589 961 1625 firma,
978 1589 1128 1620 videlicet
1140 1589 1153 1629 j
1172 1588 1277 1619 celdra
1300 1587 1456 1619 frumenti

406 1641 429 1682 ij
455 1640 559 1671 celdre
584 1639 638 1679 viij
664 1638 748 1670 bolle
772 1638 860 1669 ordei
882 1649 903 1668 x
927 1638 1010 1669 bolle
1038 1648 1220 1675 avenarum,
1244 1637 1401 1668 debentur
1421 1637 1456 1667 in

407 1689 544 1721 termino
562 1688 668 1719 Sancti
687 1688 829 1719 Martini.
878 1688 920 1718 Et
936 1688 975 1719 de
991 1687 1037 1727 111]
1055 1692 1077 1719 s.
1094 1687 1141 1728 iiij
1155 1687 1184 1718 d.
1201 1687 1240 1718 de
1256 1687 1355 1718 firmis
1371 1686 1457 1718 Aule

408 1739 447 1770 de
478 1739 581 1778 Rossy
606 1737 645 1768 de
669 1737 779 1768 eodem
810 1737 953 1768 termIno.
999 1738 1041 1768 Et
1064 1737 1103 1768 de
1126 1737 1203 1778 xxvj
1229 1741 1251 1768 ἔ.
1276 1736 1332 1777 viij
1364 1735 1400 1776 d„
1418 1736 1457 1767 de

408 1788 545 1829 pecunia
574 1787 614 1817 de
644 1786 798 1817 Neutoun
828 1786 867 1816 de
898 1786 1082 1817 Balcancoll
1106 1786 1145 1817 de
1170 1786 1281 1817 eodem
1311 1785 1457 1822 termino,

410 1838 501 1878 cujus
517 1837 615 1873 firma,
632 1835 789 1871 videlicet,
802 1835 814 1875 j
833 1835 938 1866 celdra
953 1846 975 1866 X
991 1835 1075 1866 bolle
1096 1836 1117 1876 ij
1136 1835 1248 1866 ferlote
1271 1845 1344 1866 cum
1360 1835 1458 1865 tercia

410 1891 500 1928 parte
513 1886 625 1917 ferlote
637 1895 819 1922 avenarum,
832 1885 988 1915 debentur
999 1885 1032 1915 111
1043 1885 1179 1916 termino
1193 1884 1302 1916 Sancti
1314 1884 1457 1915 Martini.

411 1937 454 1967 Et
476 1936 515 1967 de
539 1935 585 1976 111]
603 1939 626 1966 ἓ.
650 1935 696 1975 111]
713 1934 742 1965 d.
774 1934 812 1965 de
844 1934 943 1964 firmis
974 1934 1012 1965 de
1043 1934 1246 1965 Bannachtin
1278 1933 1316 1965 de
1347 1933 1458 1965 eodem

411 1984 555 2016 termino.
602 1984 644 2015 Et
663 1984 701 2015 de
727 1994 747 2014 x
770 1983 801 2014 fi.
819 1983 856 2014 de
879 1983 978 2014 firmis
1002 1986 1083 2014 terre
1107 1983 1145 2014 de
1170 1983 1324 2024 Petlochy
1341 1983 1458 2014 Borde-

412 2034 489 2065 land
513 2044 586 2064 cum
609 2033 791 2064 molendino
815 2032 957 2073 ejusdem
980 2032 1019 2063 de
1050 2032 1135 2063 dicto
1158 2033 1302 2064 termino.
1349 2033 1390 2063 Et
1419 2032 1459 2063 de

413 2084 445 2124 vj
463 2084 493 2114 ri.
512 2083 567 2124 xiij
585 2087 608 2114 s.
624 2083 671 2123 iiij
688 2082 720 2113 d.
738 2082 776 2113 de
792 2082 891 2112 firmis
909 2081 946 2112 de
963 2082 1127 2113 Urcharde
1144 2082 1182 2113 de
1206 2083 1291 2113 dicto
1314 2082 1460 2119 termino,

414 2136 447 2164 et
469 2133 598 2164 domina
620 2132 728 2173 regina
751 2131 881 2162 habebit
903 2135 1066 2172 pasturam
1097 2132 1131 2162 in
1154 2132 1239 2163 dicta
1261 2135 1345 2163 terra
1371 2131 1405 2162 in
1429 2131 1460 2162 18

414 2181 668 2213 WVestlowmond
705 2181 870 2212 annuatim
904 2191 961 2221 pro
992 2181 1133 2222 quinque
1171 2184 1301 2212 centum
1338 2180 1461 2218 ovibus,
