1551 2462
183 492 348 522 Respondebit

177 522 295 551 *Wallacna

182 552 307 578 rotulator.

186 1019 268 1042 Litora

186 1049 285 1071 Patricii

187 1078 282 1102 Erskin.

191 2123 311 2156 Warda
328 2124 367 2155 de

191 2168 303 2200 Ettric.

400 243 461 272 618
704 240 869 273 ROTULI
893 240 1130 275 SCAOCARII

398 336 537 366 testante
560 333 779 366 remissionem
805 344 901 376 super
927 337 1124 375 computum,
1146 334 1185 365 ix·
1203 334 1234 366 ῘῘ.
1261 335 1290 376 vj
1308 339 1330 367 fi.
1346 330 1468 377 viij&

397 384 440 415 Et
456 384 568 422 eidem,
583 395 641 425 per
656 385 881 416 liberacionem
899 385 1017 416 factam
1034 384 1119 416 dicto
1132 384 1354 425 computorum
1365 389 1459 423 mtupj

397 433 492 465 latori
507 444 564 475 per
580 444 670 465 suam
695 434 932 475 obligacionem,
948 434 1017 475 ipso
1041 434 1163 466 fatente
1179 437 1342 475 receptum
1357 440 1433 477 supe
1445 432 1457 458 ',
1471 458 1473 461 -

398 488 594 525 computum,
624 484 705 515 lxxx
735 483 777 521 fi„
806 494 863 525 pro
894 484 1011 524 quibus
1039 484 1250 525 respondebit.
1296 484 1338 516 Et
1367 494 1452 522 com?-

398 534 536 574 putanti,
551 544 609 574 pro
626 533 718 565 feodo
734 544 791 564 suo
808 533 847 564 de
864 543 948 564 anno
972 533 1125 574 computi,
1139 533 1171 574 vj
1194 533 1227 565 11.
1244 533 1300 574 xiij
1318 538 1341 566 s.
1357 533 1404 575 iiij
1419 533 1458 567 di.

399 583 441 613 Et
457 583 569 620 eidem,
581 583 620 614 de
633 583 797 623 arreragiis
815 582 913 623 patris
926 583 1151 623 computantis,
1165 592 1227 623 que
1236 582 1467 622 extendebant„

399 632 440 663 ad
467 635 597 663 centum
620 632 717 664 libras
742 636 775 663 et
799 633 1025 664 excrescebant
1047 632 1086 663 de
1109 632 1282 674 grassumis
1305 635 1338 664 et
1352 631 1457 668 feodis·

400 682 619 722 serjandorum
629 692 753 714 necnon
763 682 905 713 locorum
916 684 1089 719 vastorum,
1099 685 1132 716 et
1141 682 1250 723 inopia
1260 675 1463 721 tenencim'

400 731 608 764 consideratis
635 732 736 763 eciam
762 731 923 762 laboribus
951 731 1168 772 computantis
1192 731 1285 763 factis
1307 731 1342 762 in
1357 724 1448 768 venv
1472 747 1475 751 ·

401 781 545 812 cionibus
572 784 605 812 et
634 781 870 822 provisionibus
898 781 1032 812 diversis
1055 776 1188 818 vicibus,
1211 791 1252 812 ex
1275 781 1475 816 considera-2

401 830 491 861 cione
507 831 700 868 auditorum,
714 830 818 861 lxxxx
841 830 872 861 n.
891 831 947 871 xiij
965 835 988 862 s.
1012 830 1058 871 iiij
1076 829 1105 861 d.
1151 830 1286 864 Summa
1301 830 1474 872 expensa?

401 891 482 918 rum,
499 879 530 912 vc
546 880 578 911 n'.
594 880 627 921 xj
645 884 667 911 Ξ.
685 881 717 921 xj
742 883 853 911 marte.
899 880 942 912 Et
964 880 1010 911 sic
1032 883 1155 912 restant
1174 879 1245 912 xlix
1259 880 1292 912 ri.
1308 880 1364 922 viij
1381 884 1405 914 s,
1419 880 1453 913 ix

401 930 432 962 d.
448 941 468 961 x
483 933 586 961 marte
601 929 637 971 ije
653 930 818 961 salmones.
1451 929 1458 942 ²

434 1022 543 1047 Jacobus
557 1022 606 1048 Dei
622 1023 707 1055 gracia
723 1030 767 1047 rex
779 1022 920 1047 Scotorum.
958 1022 1084 1047 Omnibus
1095 1022 1181 1055 probis
1193 1023 1341 1048 hominibus
1353 1022 1406 1048 suis
1420 1021 1473 1057 ΜΠ

402 1069 465 1094 quos
477 1064 604 1094 presentes
616 1061 688 1086 litere
705 1061 867 1094 pervenerint
885 1061 1006 1086 Salutem.
1044 1061 1136 1086 Sciatis
1153 1062 1221 1094 quod
1233 1062 1349 1087 dedimus
1360 1064 1387 1086 et
1397 1068 1453 1087 con-

402 1101 522 1125 cessimus
533 1109 562 1125 ac
574 1104 660 1125 tenore
671 1099 829 1132 presencium
847 1100 936 1124 damus
954 1102 980 1124 et
998 1100 1159 1125 concedimus
1171 1101 1264 1126 dilecto
1275 1101 1396 1126 familiari
1405 1102 1454 1126 seri

402 1139 478 1164 vitori
489 1142 576 1164 nostro
596 1139 707 1164 Patricio
724 1139 754 1163 de
773 1139 866 1164 Erskin
879 1147 924 1171 pro
941 1147 987 1163 suo
1004 1139 1074 1164 fideli
1091 1140 1196 1164 servicio
1213 1140 1288 1164 nobis
1304 1140 1418 1173 impenso
1428 1136 1469 1166 ‘fi'

402 1178 572 1211 impendendo
584 1186 670 1203 omnes
683 1181 709 1203 et
720 1178 834 1210 singulas
846 1181 925 1202 terras
942 1180 1042 1203 nostras
1054 1178 1084 1202 de
1097 1178 1211 1203 Clochok
1222 1187 1281 1203 cum
1292 1175 1464 1211 pertinenciis*

403 1217 568 1243 extendentes
588 1218 722 1242 annuatim
743 1217 774 1241 ad
797 1224 841 1242 sex
861 1224 957 1241 marcas
975 1219 1000 1241 et
1017 1217 1125 1249 triginta
1142 1217 1246 1251 pultria,
1266 1226 1365 1242 necnon
1377 1220 1454 1244 tems

402 1260 502 1281 nostras
515 1256 545 1282 de
559 1257 714 1281 Drumcarne
727 1263 786 1281 cum
797 1256 970 1289 pertinenciis,
982 1256 1150 1281 extendentes
1162 1256 1191 1281 ad
1206 1258 1257 1281 tres
1268 1264 1364 1281 marcas
1375 1259 1463 1281 anmi-⁹

403 1295 474 1326 atim,
486 1295 600 1327 jacentes
612 1295 640 1319 in
652 1295 765 1319 dominio
777 1297 864 1319 nostro
876 1294 906 1319 de
919 1295 1042 1319 Methven
1051 1295 1117 1320 insta
1125 1295 1332 1320 vicecomitatum
1339 1297 1455 1321 nostrum
1468 1297 1470 1302 ⁸

402 1334 434 1358 de
447 1334 541 1358 Pei-th:
560 1334 692 1358 Tenendas
704 1336 729 1358 et
746 1333 875 1358 habendas
893 1333 975 1358 dictas
993 1336 1072 1359 terras
1088 1332 1119 1359 de
1137 1333 1251 1359 Clochok
1262 1337 1288 1359 et
1301 1334 1476 1362 Βτιιωοὲιῐωὶ”

403 1381 461 1398 011111
473 1373 637 1406 pertinenciis
649 1373 718 1397 dicto
731 1373 842 1397 Patricio
854 1380 899 1404 pro
909 1375 964 1397 toto
977 1375 1090 1405 tempore
1101 1373 1154 1397 vite
1166 1381 1217 1404 sue,
1233 1381 1291 1397 011111
1303 1370 1466 1402 omuibusejz'

403 1413 511 1444 singulis
523 1412 694 1442 hbmtatibus,
709 1411 941 1440 commoditatibus,
954 1413 979 1435 et
994 1411 1151 1436 aisiamentis
1163 1419 1191 1436 ac
1199 1411 1278 1443 justis
1290 1410 1469 1444 pertinenctis‘·

403 1451 604 1482 quibuscumque
622 1453 676 1474 tam
688 1458 739 1474 non
758 1450 898 1475 nominatis
913 1458 990 1482 quam
1007 1451 1146 1476 nominatis
1164 1451 1196 1475 ad
1216 1451 1293 1475 dictis
1309 1453 1388 1476 terras
1399 1459 1423 1476 c
1437 1458 1468 1490 ¹¹3

402 1490 567 1521 pertinenciis
587 1489 761 1522 spectantibus
784 1497 828 1513 seu
850 1489 1017 1521 quovismodo
1036 1489 1107 1521 juste
1130 1492 1242 1521 spectare
1265 1489 1410 1514 valentibus
1426 1481 1465 1514 in·

403 1528 528 1558 futurum,
554 1528 638 1558 liber‚e
654 1528 747 1560 quiete
769 1527 888 1559 plenarie,
910 1528 1015 1560 integre
1037 1528 1180 1558 honorifice,
1203 1529 1274 1559 bene,
1297 1531 1322 1553 et
1341 1529 1369 1555 in
1385 1535 1454 1561 pacm*

403 1567 457 1591 sine
469 1567 555 1599 aliquo
569 1568 741 1591 retenemento
753 1568 799 1590 aut
816 1566 946 1591 obstaculo
959 1574 1117 1599 quocumque
1130 1576 1136 1591 :
1153 1567 1280 1591 Faciendo
1292 1569 1318 1592 et
1329 1565 1459 1592 reddendo-

403 1606 477 1630 nobis
489 1606 573 1630 dictus
586 1605 711 1630 Patricius
723 1605 831 1629 durante
843 1607 955 1637 tempore
968 1605 1020 1629 vite
1032 1613 1076 1629 5110
1089 1613 1164 1630 51111111
1176 1606 1311 1631 servicium
1323 1605 1457 1631 annuatim
1470 1610 1474 1614 ”

403 1648 429 1669 et
441 1645 509 1669 dicta
521 1645 629 1677 triginta
640 1643 735 1676 pultria
747 1651 791 1676 pro
803 1644 879 1668 dietis
888 1644 962 1668 terris
971 1646 1080 1669 tantum,
1118 1644 1199 1674 Quare
1208 1645 1295 1669 stricte
1303 1644 1463 1678 precipimus

403 1687 430 1708 et
449 1683 599 1708 mandamus
616 1683 706 1714 nequis
726 1682 753 1706 111
774 1682 929 1706 contrarium
950 1682 1018 1707 dicte
1037 1685 1122 1707 nostre
1142 1683 1288 1708 donacionis
1310 1678 1465 1716 aliqualiter·

403 1723 520 1747 devenire
533 1724 662 1754 presumat
673 1721 699 1745 in
717 1721 833 1746 futurum
851 1721 958 1745 durante
976 1721 1030 1746 vita
1047 1721 1111 1746 dicti
1128 1721 1233 1746 Patricii
1245 1722 1293 1747 sub
1304 1722 1461 1755 omni‘peuss

404 1770 454 1795 quo
464 1764 604 1794 competere
616 1760 710 1792 poterit
722 1760 749 1784 in
762 1759 808 1783 hac
821 1762 898 1792 parte.
937 1759 1032 1786 Datum
1040 1760 1087 1784 sub
1097 1768 1188 1792 magno
1200 1760 1285 1793 sigillo
1292 1763 1379 1786 nostro
1387 1755 1472 1796 apud-s

404 1800 556 1832 Edinbnrgh
568 1799 660 1832 quinto
672 1799 713 1823 die
725 1799 818 1822 mensis
830 1798 920 1822 Marcii
937 1806 1004 1823 anno
1017 1799 1122 1824 Domini
1139 1799 1274 1824 millesimo
1286 1799 1461 1832 quadringeni-s

404 1839 494 1864 tesimo
506 1838 660 1870 sexagesimo
672 1840 761 1862 octavo
773 1840 799 1861 et
810 1837 881 1870 regni
893 1838 974 1862 nostri
985 1846 1060 1863 nono.

437 1878 498 1902 Post
510 1877 596 1902 datam
608 1877 675 1901 dicte
684 1877 756 1901 litere
768 1876 803 1900 sic
815 1879 868 1900 erat
879 1877 1002 1908 scriptum
1015 1879 1041 1901 et
1052 1885 1130 1902 manu
1140 1877 1206 1910 regis
1218 1877 1396 1910 subscriptum.

439 1916 485 1940 We
496 1916 574 1941 ratifii
586 1915 636 1940 and
647 1915 765 1948 approvis
774 1915 827 1939 this
839 1915 938 1940 eharter
950 1916 975 1940 in
988 1916 1023 1940 all
1035 1916 1139 1948 poyntis
1150 1916 1201 1941 and
1212 1916 1334 1942 artikillis
1342 1915 1469 1947 contenit·

404 1955 432 1980 in
444 1955 466 1980 it
477 1954 743 1986 nochtwithstanding
755 1954 798 1978 the
809 1954 988 1978 revocacioune
999 1954 1068 1979 maid
1081 1955 1112 1979 be
1125 1963 1159 1979 ws
1171 1955 1199 1979 of
1208 1955 1278 1979 befor
1289 1955 1340 1987 xijo
1352 1955 1452 1980 Decem-
1464 1978 1467 1983 ,

404 1994 456 2019 bris
468 2002 534 2018 anno
556 1993 660 2017 Domini
678 1992 813 2039 millesimo
833 1992 1082 2025 quadringentesimo
1101 1994 1323 2026 sexagesimonono
1341 1997 1367 2019 et
1384 1992 1458 2026 regni

404 2033 487 2058 nostri
498 2032 602 2057 decimo

449 2123 645 2164 Computum
669 2122 776 2154 David
800 2122 884 2160 Scot,
906 2122 1042 2154 cursoris
1065 2122 1182 2154 foreste
1197 2122 1236 2154 de
1252 2123 1356 2155 Ettric
1370 2118 1466 2154 infra'

406 2173 544 2205 wardam
572 2172 610 2204 de
637 2172 753 2209 Ettrik,
778 2172 986 2213 [Edinburyh‚
1012 2173 1056 2203 10
1078 2172 1159 2213 July
1184 2172 1279 2210 1469,
1296 2173 1386 2213 from
1410 2171 1464 2215 19
