1551 2462
128 430 303 460 Inquirendum

128 461 214 490 xxxiiij
228 460 314 483 celdris

129 497 232 513 avenaru
236 497 258 512 m
269 490 300 513 ab

128 518 268 542 husbandis.

130 665 294 695 Respondebit

129 703 181 718 com
185 697 269 724 potans
287 702 331 724 pro

129 725 162 755 xij
175 725 202 748 n.

130 1101 156 1132 F
158 1111 177 1142 y
182 1101 229 1132 ffe.

344 281 384 311 70
654 277 818 309 ROTULI
842 276 1078 309 SCACOARH
1300 277 1393 306 1461.

343 366 460 407 regine,
489 365 640 406 magistro
667 365 772 396 avarie
799 367 938 395 testante
963 368 1138 404 receptum,
1168 361 1246 403 xviij
1279 361 1394 394 celdre.

343 416 386 447 Et
402 419 477 448 nota
500 415 585 456 quod
608 415 643 446 in
665 415 756 446 libris
780 414 937 446 dietarum
961 424 1025 445 non
1048 413 1205 454 reperitur
1227 415 1276 443 tot
1295 422 1396 443 avene

343 465 514 506 expendite
535 465 618 496 sicut
634 465 840 496 continentur
855 464 889 494 in
906 474 1008 501 onere,
1032 463 1088 494 sed
1104 461 1333 503 inquirendum
1348 464 1397 492 est

344 516 384 546 ab
406 514 582 546 husbandis
612 514 647 545 in
679 524 816 555 quorum
838 513 988 544 manibus
1018 513 1102 544 dicte
1135 521 1235 543 avene
1266 513 1395 542 restant.

345 565 476 596 Summa
492 565 606 596 harum
629 574 803 595 avenarum
825 573 890 594 non
913 562 1094 603 expendita,
1111 562 1244 602 triginta
1260 564 1397 601 quatuor

344 615 457 646 ealdre.
503 615 545 645 Et
561 614 689 645 vendite
713 623 768 654 per
791 613 937 650 eundem,
961 613 1104 653 precium
1128 611 1232 643 celdre
1253 610 1397 651 quinque

345 663 457 700 solidi,
473 664 506 704 iij
527 663 640 699 celdre,
655 673 712 704 pro
728 673 863 703 quarum
882 662 1031 703 pecunia,
1054 661 1205 693 videlicet
1229 659 1398 691 duodecim

345 713 443 751 libris,
458 713 672 754 respondebit.
717 713 761 743 Et
776 712 815 743 de
831 712 931 743 firmis
955 712 1132 743 molendini
1155 711 1194 742 de
1212 709 1398 750 Cessintuly

344 763 383 794 de
413 763 516 804 primo
539 773 622 794 anno
649 763 746 803 hujus
777 763 925 803 compoti,
953 773 991 793 ex
1023 772 1059 793 eo
1087 761 1172 802 quod
1198 760 1282 791 dicte
1307 760 1396 790 firme

344 813 609 854 expendebantur
634 813 669 843 in
693 813 800 843 avaria
827 812 1028 843 dominorum
1054 811 1135 853 regis
1159 814 1191 842 et
1213 809 1331 851 regine,
1358 819 1398 840 ex

344 862 599 894 consideracione
638 862 819 893 auditorum
859 862 899 893 ad
931 872 1070 902 presens,
1110 861 1163 902 viij
1196 860 1289 892 bolle.
1357 859 1399 890 Et

344 912 503 943 destructe
552 922 607 952 per
641 915 777 948 ramnes,
822 922 862 942 ex
911 911 1167 942 consideracione
1205 909 1400 946 auditorum,

344 972 365 992 x
395 961 487 993 bolle.
534 961 667 992 Summa
698 961 795 1002 hujus
826 971 972 1002 expense,
1003 961 1014 991 l
1045 960 1149 992 celdre
1184 959 1238 1000 viij
1275 958 1360 989 bolle
1384 958 1397 998 j

344 1011 465 1042 ferlota.
510 1011 553 1041 Et
568 1012 612 1042 sic
628 1014 750 1042 restant
764 1011 776 1051 j
795 1011 901 1042 celdra
918 1011 951 1051 iij
971 1010 1054 1041 boile
1070 1010 1104 1050 iij
1126 1009 1245 1040 ferlote.

389 1098 581 1138 Compotum
604 1097 773 1129 Michaelis
797 1098 836 1129 de
859 1097 1018 1133 Balioure,
1040 1096 1211 1138 receptoris
1235 1095 1400 1126 firmarum

345 1147 473 1178 domine
496 1147 603 1188 regine
627 1147 798 1178 comitatus
814 1147 853 1178 de
870 1146 988 1188 Fyffe,*
1006 1146 1167 1178 redditum
1190 1145 1274 1186 apud
1301 1143 1400 1175 Edin-

345 1197 448 1238 burgh
464 1197 644 1238 penultimo
668 1197 786 1228 mensis
809 1197 892 1228 Julii
915 1207 999 1228 anno
1022 1196 1156 1227 Domini
1173 1199 1231 1227 etc.
1249 1196 1338 1231 LX110,
1361 1193 1402 1225 de

346 1247 494 1278 omnibus
517 1246 653 1287 receptis
677 1247 743 1277 suis
766 1250 799 1278 et
822 1246 970 1287 expensis
986 1257 1043 1287 per
1066 1246 1174 1277 firmas
1198 1245 1401 1277 denariorum

346 1301 378 1328 et
393 1306 564 1338 granorum
587 1296 666 1327 dicti
689 1296 860 1327 comitatus
877 1306 895 1326 a
911 1296 1034 1327 decimo
1057 1295 1194 1336 septimo
1211 1295 1261 1326 die
1279 1295 1400 1326 mensis

345 1346 463 1377 Marcii
479 1346 555 1376 anni
571 1348 627 1377 etc.
645 1345 835 1386 sexagesimi
858 1355 960 1386 usque
976 1345 1012 1376 in
1035 1345 1121 1376 diem
1137 1344 1233 1385 hujus
1250 1344 1399 1386 compoti,

347 1400 379 1427 et
395 1396 440 1427 sic
456 1396 495 1427 de
511 1396 615 1426 tribus
631 1395 778 1427 terminis
795 1395 879 1426 infra
891 1395 951 1426 hoc
967 1398 1159 1435 compotum.

391 1445 483 1476 Idem
507 1448 618 1476 onerat
640 1455 673 1476 ee
696 1445 729 1475 in
754 1444 866 1485 primis
889 1444 928 1475 de
951 1444 1075 1484 xxxviij
1091 1448 1113 1475 Ξ.
1130 1443 1164 1484 iij
1183 1443 1221 1481 d„
1237 1454 1294 1484 per
1317 1454 1402 1475 arre—

347 1495 434 1536 ragia
445 1494 552 1525 ultimi
563 1494 702 1535 compoti
715 1494 773 1531 sui,
786 1496 823 1524 ut
833 1496 923 1534 patet
934 1494 968 1524 in
980 1493 1060 1534 pede
1072 1493 1224 1534 ejusdem.
1271 1493 1404 1524 Summa

348 1544 498 1585 arreragii
514 1547 610 1584 patet.

393 1595 488 1630 Item,
511 1593 597 1624 idem
621 1596 731 1624 onerat
754 1603 787 1624 se
811 1592 850 1623 de
874 1592 930 1633 xiij
947 1592 979 1623 fi.
1005 1603 1025 1623 x
1042 1596 1065 1624 ἔ.
1086 1592 1099 1633 j
1124 1591 1230 1623 celdra
1253 1592 1284 1633 xj
1309 1591 1405 1623 bouis

349 1643 505 1674 frumenti
535 1643 556 1683 ij
583 1642 696 1674 celdris
716 1644 728 1680 j
753 1642 839 1673 bolla
862 1642 896 1682 iij
923 1642 1045 1673 ferietis
1068 1642 1155 1673 ordei
1178 1652 1234 1682 per
1263 1642 1404 1682 integras

350 1694 456 1724 firmas
478 1692 581 1733 prime
611 1691 710 1732 partis
734 1691 868 1722 dominii
898 1691 936 1722 de
969 1691 1209 1732 Uchtermukty
1232 1691 1270 1722 de
1300 1690 1404 1721 tribus

350 1741 496 1773 terminis
520 1741 603 1771 infra
626 1740 685 1772 hoc
709 1743 902 1781 compotum.
947 1741 990 1771 Et
1013 1741 1051 1772 de
1068 1741 1124 1781 xiij
1141 1741 1172 1771 11'.
1186 1751 1208 1771 x
1224 1745 1247 1772 ἕ.
1259 1741 1273 1781 j
1299 1740 1406 1772 celdra

351 1791 383 1831 xj
401 1790 495 1821 bellis
520 1789 674 1821 frumenti
698 1790 719 1830 ij
744 1790 859 1821 celdris
880 1790 892 1830 j
917 1790 1003 1821 bolla
1027 1791 1060 1831 iij
1088 1790 1207 1822 ferlotis
1231 1790 1326 1827 ordei,
1349 1800 1406 1831 per

351 1841 491 1881 integras
515 1840 622 1870 firmas
645 1840 784 1870 secunde
807 1840 907 1880 partis
930 1840 1075 1880 ejusdem
1106 1840 1145 1872 de
1176 1840 1271 1871 dictis
1302 1840 1406 1871 tribus

352 1889 505 1921 terminis.
551 1889 593 1920 Et
609 1889 647 1920 de
664 1889 722 1929 liiij
740 1893 764 1920 ἔ.
780 1899 801 1920 ν
819 1889 912 1920 bouis
926 1890 938 1930 j
958 1889 1074 1920 ferlota
1089 1889 1245 1921 frumenti
1262 1889 1293 1930 vj
1311 1888 1407 1920 bouis

352 1940 373 1980 ij
392 1939 513 1970 ferlotis
529 1938 615 1969 ordei
631 1938 669 1969 de
687 1938 785 1969 firmis
801 1939 969 1979 cujusdam
985 1939 1084 1979 partis
1108 1939 1147 1970 de
1166 1938 1407 1979 Uchtermukty

354 1989 437 2020 dicte
469 1987 650 2021 Gerasland
682 1987 720 2018 de
752 1987 883 2019 eisdem
919 1988 1073 2019 terminis.
1108 1989 1163 2020 ‚Et
1194 1989 1232 2020 de
1257 1988 1313 2029 xvj
1335 1988 1368 2019 Π.
1385 1987 1406 2027 ij

355 2037 469 2068 celdris
486 2037 638 2068 frumenti
654 2037 675 2077 ij
693 2036 806 2068 celdris
822 2037 877 2078 viij
902 2037 996 2068 bellis
1022 2037 1108 2069 ordei
1132 2038 1170 2069 de
1187 2037 1286 2069 firmis
1302 2037 1408 2078 cujus-

355 2086 428 2117 dam
452 2086 552 2127 partis
582 2086 620 2117 de
649 2086 888 2128 Uchtermukty
911 2087 994 2118 dicte
1023 2087 1187 2118 Bondhalf
1217 2087 1256 2118 de
1287 2087 1408 2118 eisdem

355 2136 509 2166 terminis.
569 2136 612 2166 Et
634 2136 673 2167 de
696 2136 752 2166 xlv
768 2140 790 2167 Ξ.
816 2135 853 2167 de
877 2136 976 2167 firmis
1008 2136 1177 2177 cujusdam
1200 2136 1300 2177 partis
1323 2136 1408 2167 dicte

357 2184 432 2215 ville
456 2184 539 2216 dicte
562 2185 741 2216 Marislaud
763 2185 802 2216 de
826 2185 944 2216 eisdem
968 2186 1115 2217 terminis
1146 2186 1265 2226 absque
1293 2185 1408 2227 granis.

389 2239 401 2251 ⁴*
412 2240 456 2276 See
469 2239 555 2269 below,
571 2248 593 2272 p.
611 2242 664 2265 101.
702 2240 755 2265 The
765 2240 845 2265 words
855 2241 945 2265 within
958 2240 1061 2266 bracket
1070 2249 1123 2266 sare
1136 2241 1199 2265 froin
1212 2240 1256 2265 the
1268 2240 1408 2272 unprinted

356 2278 458 2304 portion
470 2273 496 2297 01⁴
507 2273 564 2297 Roll
577 2273 692 2297 ccxxviii.
