1551 2462
134 335 239 366 Buch-

135 377 311 420 quhydder.

137 477 302 509 Methven.

153 1570 347 1613 Kynclevin.

349 242 388 269 56
653 237 817 269 ROTULI
840 236 1077 269 SCACCARH
1308 238 1398 267 1461.

395 332 488 369 Item,
513 331 599 363 idem
629 335 739 363 onerat
762 342 795 363 se
822 331 860 362 de
887 330 1026 370 lxxxxiij
1053 330 1085 362 fi.
1108 331 1139 371 vj
1167 334 1191 361 5.
1215 330 1272 370 viij
1290 329 1319 360 d.
1343 339 1400 370 per

351 382 490 423 integras
504 382 610 413 firmas
626 381 760 412 dominii
774 381 811 412 (16
824 381 1086 422 Buchquhydder
1102 380 1141 411 (16
1154 390 1238 411 anno
1251 379 1398 420 compoti.

354 431 485 462 Summa
501 431 597 471 hujus
614 431 717 462 oneris
734 434 830 471 patet.

397 481 491 517 Item,
518 480 603 511 idem
626 484 737 511 onerat
759 490 792 511 se
816 480 855 511 (16
879 480 908 520 vj
926 479 958 510 fi.
984 480 1039 520 xiij
1059 484 1081 511 5.
1106 479 1152 520 iiij
1176 479 1214 516 d.,
1238 479 1277 510 de
1301 478 1402 509 firmis

353 534 510 562 terrarum
526 530 565 561 de
581 531 772 571 Dumberny
795 530 829 561 in
853 530 994 561 dominio
1018 530 1056 561 de
1079 529 1238 560 Methven
1254 529 1293 560 (16
1316 538 1399 559 anno

353 580 500 620 compoti.
545 580 588 611 Et
608 580 646 611 de
664 580 693 620 vj
712 580 742 610 fi.
761 580 816 620 xiij
835 584 858 610 5.
875 580 920 620 iiij
939 580 978 617 d„
994 583 1152 610 ten-arum
1176 579 1214 610 de
1238 577 1404 609 Petcabhle

354 630 393 660 (16
425 629 518 660 dictis
550 629 691 660 dominio
722 633 754 660 et
778 639 867 659 anuo.
915 629 956 659 Et
987 629 1026 659 (16
1057 628 1099 669 xij
1120 628 1152 658 1-1.
1185 631 1341 659 terrarum
1364 627 1403 658 de

354 680 519 720 Bynyane.
566 680 608 710 Et
631 679 669 711 de
692 690 711 709 v
736 679 768 710 fi.
793 682 950 710 terrarum
974 678 1012 709 (16
1037 677 1256 709 Bachiltoune.
1301 678 1344 708 Et
1367 677 1405 708 de

356 878 396 909 (16
411 878 569 909 Lednach.
616 878 658 908 Et
675 877 712 908 de
728 887 749 907 v
764 877 796 907 h‘.
814 877 845 917 vj
864 881 887 908 5.
905 877 959 918 viij
978 876 1006 907 d.
1026 879 1183 907 terrarum
1203 876 1241 907 de
1265 876 1352 907 Estir
1374 878 1407 906 61]

355 928 478 959 Westir
501 927 649 968 Busbyis.
695 928 738 958 Et,
763 927 802 957 (16
824 927 858 967 iij
883 926 915 957 11².
940 927 970 967 vj
997 930 1019 957 5.
1044 926 1098 966 viij
1124 926 1154 958 d.
1177 929 1335 957 terrarum
1367 925 1406 956 (16

357 977 503 1008 Idberne.
550 977 592 1007 Et
623 976 662 1007 de
689 976 723 1007 xl
748 981 770 1007 ἔ.
795 980 953 1007 terrarum
976 976 1015 1007 de
1038 976 1246 1007 Drumearne.
1293 976 1336 1006 Et
1367 975 1406 1006 (16

357 1027 414 1057 xix
429 1026 462 1057 11.
480 1027 510 1067 vj
530 1030 552 1057 5.
570 1026 625 1066 viij
643 1026 672 1057 d.
689 1029 845 1057 terrarum
862 1026 901 1057 de
917 1026 1111 1057 Drumcrufe
1127 1036 1200 1056 cum
1224 1025 1408 1056 molendino

358 1076 508 1117 ejusdem.
554 1076 596 1106 En
613 1076 651 1106 (16
667 1075 713 1115 iiij
730 1075 762 1106 fi.
788 1078 944 1106 terrarum
960 1075 998 1106 de
1016 1075 1162 1107 Clothok.
1208 1075 1249 1105 Et
1273 1074 1311 1106 de
1334 1073 1369 1105 xl
1385 1078 1408 1105 5.

359 1125 398 1156 (16
414 1125 515 1156 firmis
532 1125 732 1156 brasinarum
750 1125 886 1155 duarum
906 1125 945 1156 de
968 1125 1134 1156 Methven.
1179 1124 1222 1154 En
1244 1124 1283 1155 de
1305 1124 1360 1164 xvj
1377 1123 1409 1154 ti.

360 1175 399 1206 de
416 1175 515 1206 firmis
532 1178 689 1205 terrarum
706 1174 745 1205 de
761 1174 986 1205 Tibbirmillok
1009 1174 1048 1205 (16
1071 1184 1155 1204 anuo
1177 1174 1323 1214 compoti.
1369 1174 1412 1204 Et

361 1225 400 1256 de
415 1225 446 1265 vj
465 1229 487 1256 5.
504 1225 560 1265 viij
579 1224 606 1255 d.
625 1224 664 1255 de
681 1235 788 1255 annuo
804 1224 933 1255 redditu
954 1228 1110 1255 terrarum
1132 1224 1171 1255 de
1195 1224 1348 1255 Petcarne
1371 1223 1411 1254 de

361 1275 447 1305 dicto
465 1285 556 1305 anno.
604 1275 646 1305 Et
662 1274 701 1305 (16
717 1274 748 1315 vj
767 1274 881 1305 celdris
898 1274 984 1305 ordei
997 1274 1095 1314 xxxvj
1110 1274 1225 1305 celdris
1237 1283 1412 1304 avenarum

364 1328 521 1355 terrarum
538 1324 780 1355 dominicalium
796 1324 835 1354 (16
850 1323 1007 1354 Mebhven
1030 1324 1118 1354 Estir
1141 1327 1172 1354 et
1195 1323 1316 1354 WVestir
1339 1333 1412 1353 oum

366 1374 497 1415 cotagiis
515 1373 687 1404 earundem
704 1374 743 1404 de
762 1373 872 1404 eodem
897 1383 989 1404 anno.
1035 1373 1167 1403 Summa
1189 1373 1285 1413 hujus
1309 1373 1414 1403 oneris

367 1423 502 1454 dominii
527 1423 565 1454 de
590 1422 748 1454 Methven
772 1422 974 1463 inpecunia,
997 1422 1133 1453 lxxxxix
1150 1422 1182 1453 11.
1205 1423 1237 1462 vj
1255 1427 1277 1453 5.
1302 1422 1357 1463 viij
1383 1421 1412 1453 d.

369 1473 501 1504 Summa
546 1472 632 1503 ordei
678 1472 821 1513 ejusdem
867 1472 1009 1507 dominii,
1049 1472 1078 1512 vj
1118 1471 1230 1503 celdre.
1285 1472 1417 1502 Summa

368 1532 540 1553 avenarum
556 1521 698 1562 ejusdem
716 1521 857 1559 dominii,
875 1522 972 1561 xxxvj
991 1521 1104 1553 celdre.

412 1572 506 1608 Ibem,
538 1571 624 1601 idem
647 1574 758 1601 onerat
783 1581 816 1601 se
840 1571 878 1601 de
902 1581 946 1601 xx
970 1570 1001 1601 fi.
1034 1571 1124 1611 xxiiij
1150 1570 1346 1602 salmonibus
1378 1570 1416 1602 de

368 1621 468 1652 firmis
484 1624 640 1652 terrarum
657 1620 897 1651 dominicalium
915 1620 1057 1661 thanagii
1073 1621 1111 1652 de
1136 1621 1320 1662 Kynelevin
1344 1631 1417 1652 cum

369 1670 552 1702 molendino
569 1670 711 1711 ejusdem
729 1671 767 1701 de
784 1681 867 1701 anno
884 1671 1031 1711 compoti.
1077 1671 1119 1701 Et
1135 1671 1173 1701 de
1189 1671 1245 1711 viij
1263 1670 1295 1700 fi.
1320 1670 1376 1711 xiij
1394 1674 1417 1701 5.

368 1721 415 1761 iiij
441 1720 469 1751 d.
494 1720 585 1761 xxiiij
611 1720 808 1751 salmonibus
836 1723 992 1751 terrarum
1015 1720 1054 1751 de
1085 1720 1243 1751 Ballathis
1268 1720 1307 1751 (16
1334 1720 1418 1751 dicto

370 1780 462 1801 anno.
508 1770 550 1800 Et
576 1769 614 1801 de
642 1769 697 1810 viij
715 1769 746 1799 11.
770 1769 826 1810 xiij
845 1773 867 1800 5.
892 1769 937 1809 iiij
956 1769 985 1801 d.
1004 1772 1160 1800 terrarum
1183 1770 1222 1801 de
1243 1770 1420 1810 Innernety

371 1820 410 1851 de
426 1819 537 1851 eodem
554 1829 644 1850 anno.
691 1819 733 1849 Et
749 1819 787 1849 de
803 1819 835 1848 ix
852 1818 883 1848 11.
901 1819 931 1859 vj
950 1823 973 1849 5.
988 1819 1041 1859 viij
1060 1819 1088 1850 d.
1106 1819 1205 1860 xxviij
1223 1819 1420 1850 salmonibus

372 1874 528 1901 tex-rarum
545 1869 583 1900 de
599 1869 769 1909 Muccarsy
786 1868 824 1899 de
842 1868 986 1898 terminis
1003 1868 1150 1908 compoti.
1195 1869 1237 1900 Et
1253 1869 1291 1900 de
1314 1869 1370 1910 viij
1388 1868 1420 1900 fi.

373 1919 429 1959 xiij
454 1923 477 1950 5.
494 1919 540 1959 iiij
566 1918 594 1949 d.
613 1922 769 1949 terrarum
793 1918 832 1949 de
851 1917 1064 1958 Tulybeltone
1086 1918 1124 1949 de
1148 1918 1242 1950 dictis
1266 1919 1420 1950 terminis.

373 1970 416 2000 Et
433 1969 488 2009 xiij
514 1968 545 2000 ti.
570 1969 623 2009 xvj
647 1972 669 1999 5.
694 1968 750 2009 viij
768 1967 796 1999 d.
821 1971 977 1998 terrarum
1002 1968 1040 1998 de
1064 1968 1217 1999 Erntulee
1240 1969 1278 1999 de
1302 1968 1421 1999 eisdem

374 2018 526 2050 terminis.
573 2018 614 2048 Et
631 2018 669 2048 de
685 2018 719 2057 iij
734 2017 765 2049 ri.
782 2017 813 2057 vj
827 2021 850 2048 5.
867 2017 923 2057 viij
938 2017 966 2047 d.
979 2021 1134 2048 terrarum
1150 2018 1189 2048 de
1204 2017 1421 2048 Duhnarnoch

376 2069 475 2099 Inner
490 2071 522 2098 et
537 2067 721 2099 molendino
745 2066 887 2107 ejusdem
911 2067 949 2097 (16
973 2066 1066 2098 dictis
1091 2068 1243 2098 terminis.
1291 2068 1423 2098 Summa

376 2117 472 2156 hujus
497 2117 600 2147 oneris
629 2116 762 2147 dominii
791 2116 830 2147 de
854 2115 1029 2147 Kinolevin
1054 2116 1087 2147 in
1113 2117 1256 2156 pecunia,
1281 2117 1362 2157 lxxij
1391 2116 1421 2148 Π.

378 2166 507 2197 Summa
526 2165 706 2196 salmonum
723 2165 874 2206 ejusdem,
890 2165 989 2205 lxxvj.

1526 2159 1535 2163 ι

1540 2262 1551 2297 ,4.
1548 2251 1551 2253 .
1540 2096 1551 2242 ..ιη-,ι-..-ηι
1546 2074 1551 2085 -
1544 2038 1551 2064 n.
1543 2005 1551 2030 ’.ι
1548 1975 1551 1986 Δ
1548 1953 1551 1961 .
