1551 2462
70 247 74 249 *
114 276 204 306 1460.
422 271 584 304 REGUM
609 270 856 303 SCOTORUM.
1147 274 1163 302 9

112 378 168 409 pro
180 365 361 408 quindecim
378 365 467 397 libris
484 369 516 396 et
526 365 728 406 reperiuntur
743 365 778 395 in
794 364 911 396 rentali
926 364 1032 396 valere
1048 365 1166 406 viginti

112 418 217 454 libras,
244 417 283 447 de
309 416 411 447 tribus
437 415 583 447 terminis
610 414 854 455 precedentibus
881 414 940 445 hoc
971 418 1165 455 compotum,

32 474 37 477 '
63 491 66 495 .
94 471 96 474 ’
113 467 156 508 vij
172 467 204 498 fi.
215 477 237 497 x
253 470 285 503 s„
308 469 340 497 et
363 465 535 496 mandatur
560 464 757 505 compotanti
773 468 931 505 quatenus
947 464 1033 496 levet
1049 464 1165 506 viginti
1178 471 1243 494 Nota
1253 470 1350 494 manda-

112 517 210 548 libras
231 516 298 547 sine
321 515 506 546 remissione
530 514 665 546 durante
689 514 763 545 data
779 514 879 545 litere.
925 514 968 545 Et
990 514 1102 551 eidem,
1127 514 1165 545 de
1179 503 1241 524 tum.

114 565 212 598 firmis
238 568 393 596 terrarum
423 565 462 596 de
490 564 747 605 Lochdunganys
778 567 811 595 et
842 567 1000 595 certarum
1031 564 1167 595 aliarum

113 620 268 648 terrarum
292 625 511 646 concessarum
534 625 591 655 per
614 614 781 645 dominum
803 624 910 655 regem
933 614 985 654 pie
1015 613 1167 645 memorie

114 666 224 698 relicte
247 665 408 706 quondam
435 665 554 696 Thome
582 664 783 701 M‘Clellane,
807 668 844 694 ut
867 667 955 704 patet
978 674 1035 704 per
1057 663 1167 694 literas

115 716 256 758 ejusdem
294 715 372 746 alias
410 718 552 746 ostensas
590 724 686 755 super
724 717 915 754 compotum,
953 714 993 745 de
1030 714 1167 745 termino

115 766 211 806 hujus
247 765 394 806 compoti,
424 776 444 795 x
490 763 532 802 H„
569 767 601 795 et
638 764 811 794 mandatur
848 764 1045 804 compotanti
1080 763 1167 804 quod

117 815 253 857 amplius
285 825 350 846 non
376 814 485 846 'solvat
516 814 635 855 absque
670 824 753 844 novo
783 813 942 844 mandato.
988 813 1031 843 Et
1054 813 1168 850 eidem,

22 902 28 906 .
116 876 172 907 per
202 865 397 896 solucionem
428 864 546 895 factam
582 863 712 894 Andree
747 863 879 904 Agnew,
910 863 1090 894 vicecomiti
1128 863 1168 894 de

21 914 50 951 i„
116 915 298 956 Wigtoune,
321 924 377 954 pro
408 912 556 954 expensis
580 913 645 943 suis
670 912 774 944 eundo
799 913 833 943 in
856 913 1032 944 Yberniam
1057 923 1168 944 versus

117 964 275 1005 Regulum
299 963 408 999 Onele,
424 963 463 994 de
483 961 634 993 mandato
659 962 781 993 domini
803 962 885 1003 regis
908 963 990 993 bone
1012 962 1165 994 memorie

117 1013 270 1050 defuncti,
301 1013 429 1044 domino
467 1011 654 1043 cancellario
684 1015 824 1043 testante
853 1012 1042 1043 mandatum
1073 1023 1168 1053 super

117 1067 309 1104 compotum,
347 1073 391 1093 xx
427 1062 459 1093 fi.
519 1062 562 1092 Et
593 1061 705 1098 eidem,
736 1072 792 1102 pro
831 1062 979 1103 expensis
1006 1063 1028 1094 J
1030 1063 1167 1094 ohannis

118 1113 300 1150 Lermonth,
315 1116 393 1143 tunc
416 1114 635 1152 compotorum
655 1111 846 1149 rotulatoris,
869 1112 962 1143 factis
986 1112 1020 1143 in
1051 1113 1169 1144 Kircu-

118 1163 233 1204 brycht
263 1162 365 1192 tribus
396 1162 544 1192 noctibus
573 1161 608 1192 in
634 1161 834 1192 assedacione
861 1164 1018 1192 terrarum
1044 1162 1168 1193 domini

119 1212 209 1253 regis,
232 1222 276 1242 xx
299 1216 321 1242 s.
367 1211 410 1241 Et
433 1210 544 1247 eidem,
568 1220 624 1251 pro
648 1211 795 1251 expensis
818 1211 954 1242 duorum
978 1212 1170 1243 servitorum

119 1261 340 1302 equitaneium
371 1270 444 1291 cum
474 1260 576 1291 literis
607 1260 734 1291 domine
763 1261 871 1302 regine
902 1261 942 1292 de
973 1261 1104 1303 collegio
1131 1262 1170 1293 de

119 1311 347 1353 Lyncloudane
362 1321 474 1342 versus
497 1311 740 1351 Kirkcubrycht
757 1314 789 1342 et
811 1311 841 1342 le
865 1311 1010 1352 Rynnys,
1027 1311 1065 1342 de
1081 1322 1170 1342 man-

119 1361 193 1392 dato
218 1360 369 1401 ejusdem,
394 1361 524 1391 custode
550 1361 668 1401 privati
693 1360 790 1401 sigilli
817 1364 955 1392 testante
979 1361 1169 1392 mandatum

119 1421 214 1451 super
237 1413 428 1451 compotum,
451 1410 496 1450 xij
521 1414 544 1441 s.
568 1410 589 1451 ij
614 1410 643 1441 d.
689 1410 732 1441 Et
763 1410 874 1448 eidem,
897 1421 953 1452 per
975 1411 1170 1442 solucionem

119 1461 237 1492 factam
246 1459 411 1491 Fratribus
422 1460 646 1491 Minoribusde
657 1459 907 1501 Kirkcubrycht,
920 1460 1170 1501 percipientibus

120 1510 286 1542 annuatim
317 1509 460 1550 quinque
487 1520 610 1540 marcas
641 1509 680 1541 de
703 1509 860 1541 custumis
891 1510 969 1541 dicti
999 1510 1100 1551 burgi,
1132 1510 1171 1542 de

121 1560 243 1592 duobus
267 1559 359 1591 annis
382 1559 626 1600 precedentibus
649 1559 709 1590 hoc
732 1563 925 1600 compotum,
949 1560 979 1600 vj
1005 1560 1037 1591 11¹.
1063 1561 1118 1601 xiij
1147 1565 1162 1592 ἒ

119 1609 165 1650 iiij
183 1610 212 1641 d.
257 1610 300 1640 Et
315 1610 354 1641 de
370 1610 470 1640 firmis
493 1613 575 1641 terre
597 1610 636 1641 de
652 1609 681 1641 le
699 1610 789 1641 Mote
806 1609 845 1640 de
859 1610 1040 1646 Erlstoune‚
1057 1620 1092 1641 eo
1109 1621 1172 1651 quo

120 1659 254 1693 solvitur
290 1659 430 1691 dimedia
467 1669 572 1690 marca
611 1659 651 1690 ad
688 1659 807 1690 festum
845 1659 1026 1691 nativitatis
1062 1660 1172 1691 Sancti

120 1709 279 1740 ,Iohannis
299 1709 444 1750 Baptiste
466 1712 604 1746 tantum,
628 1709 666 1740 (18
691 1709 775 1740 dicto
798 1709 945 1746 termino,
961 1709 995 1750 iij
1021 1713 1043 1741 s.
1067 1708 1114 1750 iiij
1142 1709 1171 1740 d.

122 1758 252 1790 Summa.
274 1758 695 1799 expe11sarum‚iij⁰lxxxxix
718 1758 750 1789 fi.
776 1759 820 1798 xij
839 1762 861 1789 s.
880 1759 911 1799 vj
929 1758 958 1789 (1.
975 1759 1022 1790 ob.
1069 1759 1111 1790 Et
1127 1759 1172 1790 sic

120 1812 249 1846 restant,
261 1818 397 1839 unacum
415 1808 618 1849 septuaginta
629 1808 752 1839 duabus
765 1808 855 1839 libris
870 1808 1006 1849 receptis
1021 1819 1078 1849 per
1094 1819 1171 1840 eun-

90 1888 92 1897 :
122 1858 194 1889 dem
209 1868 266 1899 pro
281 1868 396 1889 novem
413 1858 526 1889 celdris
543 1858 660 1889 farriue
677 1858 814 1895 vendite,
826 1862 864 1889 ut
875 1862 964 1899 patet
975 1859 1009 1889 in
1026 1862 1172 1899 compoto

121 1917 289 1948 granorum
313 1907 447 1938 inferius
470 1908 596 1948 scripto,
612 1918 685 1938 cum
702 1908 818 1948 quibus
840 1908 985 1948 superius
1001 1918 1066 1939 non
1082 1918 1172 1939 oner-

123 1960 202 1994 atur,
214 1955 252 1998 j⁰j
268 1956 301 1989 l‘i.
317 1957 352 1987 ix
367 1961 390 1988 s.
407 1968 427 1987 v
444 1956 473 1987 d.

166 2006 258 2043 Item,
274 2006 359 2037 idem
383 2009 494 2037 onerat
516 2016 549 2037 se
566 2006 605 2037 de
628 2006 740 2047 xxxvij
760 2006 874 2038 celdris
890 2007 922 2047 xj
940 2006 1034 2038 bollis
1057 2007 1091 2047 iij
1110 2007 1171 2038 fer·
1186 2011 1300 2043 (hana,

122 2055 196 2087 lotis
212 2056 330 2087 farrine
348 2056 512 2087 avenatios
528 2065 585 2097 per
601 2057 757 2097 arreragia
780 2056 888 2087 ultimi
905 2056 1044 2097 compoti
1060 2056 1119 2093 sui,
1135 2060 1172 2088 ut

123 2108 212 2146 patet
221 2106 254 2136 in
261 2106 341 2146 pede
352 2106 502 2146 ejusdem.
549 2106 681 2136 Summa
691 2106 840 2147 arreragii
849 2109 945 2147 patet.
988 2106 1171 2143 Item,idem

123 2158 233 2186 onerat
248 2165 280 2186 se
297 2155 336 2186 de
351 2164 372 2185 v
396 2155 510 2186 celdris
533 2155 651 2186 farrine
667 2156 833 2186 avenatice
853 2156 1115 2196 provenientibus
1131 2155 1170 2187 de

95 2202 102 2207 '
123 2204 253 2245 grangia
276 2204 315 2235 de
331 2204 361 2235 le
378 2204 499 2245 Spottis
516 2204 555 2236 de
572 2205 710 2236 termino
727 2205 836 2236 Sancti
852 2205 988 2236 Martini
1004 2205 1088 2236 infra
1111 2205 1172 2236 hoc
