1551 2462
378 251 417 279 14
695 248 860 280 ROTULI
885 240 1121 281 scAcoARH
1337 249 1428 279 1460.

377 353 435 383 pro
451 342 567 383 quibus
584 342 795 383 respondebit.
841 343 883 373 Et
899 342 1011 380 eidem,
1027 353 1084 383 pro
1104 342 1255 374 vastitate
1271 345 1426 373 terrarum

377 392 415 423 de
432 392 579 432 Blarbeg,
593 391 754 429 Bradwec,
771 395 802 423 et
818 391 1003 429 Dunbrach,
1015 392 1028 432 j
1046 395 1155 423 marta.
1202 391 1244 422 Et
1260 391 1372 429 eidem,
1389 390 1427 422 de

376 442 469 473 terris
480 442 518 473 de
530 442 699 474 Glenrosse
710 446 742 474 et
753 442 1001 483 Coryknokduff
1006 443 1153 483 superius
1165 441 1342 483 descriptis,
1352 442 1428 482 quia

377 495 475 529 vaste,
488 493 500 533 j
520 496 621 523 marta
637 493 658 533 ij
676 496 795 533 quarte.
841 492 883 523 Et
907 492 945 523 de
962 492 1060 523 firmis
1068 495 1158 529 „terre
1175 492 1214 523 de
1235 491 1430 523 Glenschar-

377 553 447 584 wag
463 543 564 574 eciam
587 543 732 583 superius
755 542 921 583 descripte,
937 542 1013 582 quia
1029 546 1127 579 vaste,
1143 542 1164 582 ij
1189 544 1302 583 quarte
1317 545 1426 573 marte.

381 592 514 624 Summa
536 603 758 634 expensarum,
774 592 841 633 xvij
866 595 968 623 marte
983 591 1004 632 ij
1023 594 1144 633 quarte.
1189 591 1230 622 Et
1247 591 1291 622 sic
1308 594 1430 623 restant

377 642 434 683 xlij
452 646 559 674 marte.
1398 651 1403 653 ·

164 696 312 728 ordeum.
424 693 518 730 Item,
534 693 620 724 idem
635 695 746 723 onerat
763 702 795 723 se
812 692 850 723 dc
867 692 900 732 iij
916 691 1031 723 celdris
1040 691 1074 722 ix
1090 691 1184 722 bollis
1200 691 1223 732 ij
1237 691 1359 723 ferlotis
1375 702 1431 733 per

381 742 537 783 arreragia
574 742 683 773 ultimi
720 741 869 782 compoti,
900 746 938 772 ut
971 744 1061 781 patet
1098 741 1133 772 in
1166 741 1247 782 pede
1278 741 1429 782 ejusdem.

382 793 514 824 Summa
530 791 679 832 arreragii
694 795 791 832 patet.
837 791 921 822 Item
937 791 1022 822 idem
1039 794 1150 822 onerat
1165 801 1199 822 se
1215 790 1253 822 de
1266 791 1298 832 xj
1316 791 1431 823 celdris

377 853 421 873 xv
437 842 531 873 bollis
547 841 635 873 ordei
657 852 713 882 per
736 841 875 882 integras
898 851 1077 882 grassumas
1100 841 1205 872 insule
1229 841 1268 872 de
1292 842 1375 873 Bute
1391 841 1430 873 de

376 892 514 924 termino
538 892 686 932 compoti,
709 892 785 932 quia
812 894 889 922 tunc
913 891 1058 922 redditur
1082 893 1216 922 tantum.
1262 891 1305 922 Et
1330 891 1369 922 de
1394 891 1429 932 iij

379 942 494 974 celdris
510 942 567 983 viij
585 941 679 973 bollis
703 941 725 982 ij
751 941 875 972 ferlotis
899 941 987 972 ordei
1009 951 1066 981 per
1088 941 1230 981 integras
1253 951 1434 982 grassumas
1465 979 1467 981 ι
1500 958 1504 962 -

379 992 484 1023 insule
501 992 540 1023 de
556 992 664 1022 Arane
680 991 719 1022 de
735 991 846 1022 eodem
862 991 1006 1022 termino.
1053 990 1185 1021 Summa
1197 991 1306 1022 totalis
1322 1001 1432 1023 onera-

379 1042 479 1073 eionis
495 1052 569 1072 cum
584 1041 758 1082 arreragiis,
776 1041 832 1071 xix
849 1040 953 1072 celdre
966 1041 978 1081 j
996 1040 1088 1071 bolla.

423 1092 580 1132 Expense.
626 1091 667 1121 In
683 1090 804 1132 primis,
821 1090 954 1121 allocate
970 1090 1167 1131 compotanti
1187 1101 1244 1131 pro
1260 1090 1352 1122 feodo
1374 1101 1432 1122 suo

381 1142 420 1173 de
451 1141 588 1173 termino
604 1140 752 1182 compoti,
765 1140 776 1181 j
796 1140 908 1171 celdra.
955 1140 998 1171 Et
1013 1140 1126 1178 eidem,
1141 1151 1198 1181 pro
1209 1141 1360 1172 vastitate
1370 1144 1432 1172 ter-
1456 1155 1458 1157 ·

381 1202 488 1224 rarum
512 1191 551 1222 de
575 1191 763 1222 Bradewece
787 1194 819 1222 et
842 1191 978 1222 aliarum
1001 1191 1258 1232 prescriptarum,
1270 1191 1283 1232 j
1302 1191 1387 1222 bolla
1409 1191 1447 1232 ij·
1545 1228 1547 1234 y

382 1242 502 1273 ferlote.
548 1242 591 1272 Et
620 1251 677 1282 pro
700 1241 852 1272 vastitate
874 1243 1030 1271 terrarum
1054 1240 1092 1272 de
1117 1240 1312 1272 Dounbrach
1328 1240 1434 1272 insule
1495 1268 1498 1269 γ
1544 1264 1549 1280 x

382 1292 422 1324 de
437 1292 545 1323 Arane
562 1291 601 1322 de
618 1291 729 1322 eodem
744 1290 890 1327 termino,
906 1290 928 1331 ij
946 1290 1038 1321 bolle.
1084 1290 1127 1321 Et
1150 1290 1263 1328 eidem,
1279 1290 1318 1321 de
1334 1290 1434 1322 firmis
1486 1283 1491 1286 ⁵

382 1346 465 1373 terre
481 1342 520 1372 de
537 1341 719 1381 Glenrossy‚
736 1340 881 1380 superius
896 1339 931 1370 in
955 1342 1101 1380 compoto
1117 1339 1252 1380 pecunie
1269 1340 1434 1382 descripte,

383 1393 459 1434 quia
489 1394 580 1422 vasta
610 1401 667 1431 per
689 1394 753 1421 tres
784 1389 937 1420 terminos
967 1389 1173 1430 precedentes
1197 1392 1228 1420 et
1259 1390 1435 1427 terminum

383 1441 531 1482 compoti,
555 1441 600 1480 iiij
627 1439 718 1471 boile.
764 1439 807 1470 Et
830 1439 869 1470 de
893 1439 993 1470 firmis
1016 1439 1055 1470 de
1079 1439 1335 1480 Glenscharwag‚
1359 1439 1436 1481 quia

382 1494 473 1523 vasta
488 1501 546 1532 per
561 1491 647 1521 idem
663 1493 800 1530 tempus,
815 1488 849 1529 iij
868 1488 960 1519 bolle.
1005 1489 1048 1519 Et
1064 1488 1183 1528 eidem„
1192 1489 1232 1519 de
1243 1489 1343 1520 firmis
1353 1492 1434 1520 terre
1487 1502 1493 1503 ⁷
1545 1506 1547 1517 ι

383 1542 422 1573 de
459 1539 713 1582 Kerylawmond
749 1538 906 1570 concessis
941 1537 1094 1570 Gilcristo
1124 1538 1221 1570 Leich
1252 1548 1292 1569 ex
1329 1538 1435 1580 gracia

384 1591 506 1623 domini
533 1590 624 1631 regis,
647 1589 685 1620 de
713 1589 798 1619 dicto
825 1587 971 1625 termino,
994 1598 1015 1618 v
1039 1587 1130 1619 boile.
1176 1588 1220 1619 Et
1240 1587 1352 1626 eidem,
1379 1598 1435 1629 per

346 1651 348 1653 ’
383 1640 606 1673 vendicionem
625 1638 761 1669 duarum
777 1637 954 1668 celdrarum
970 1640 1041 1668 octo
1061 1637 1220 1669 bellarum
1243 1641 1276 1669 et
1299 1638 1433 1669 duarum

384 1691 570 1723 ferlotarum
600 1688 687 1719 ordei
710 1687 913 1718 venditarum
936 1697 992 1727 per
1022 1688 1273 1728 compotantemJ
1292 1688 1435 1729 precium
1496 1681 1498 1683 ’

385 1741 490 1773 celdre
513 1741 650 1780 quatuor
676 1746 790 1774 marce,
817 1747 873 1777 pro
905 1747 961 1768 sex
983 1736 1075 1768 libris
1106 1737 1291 1778 quindecim
1316 1737 1435 1775 solidis,

384 1790 521 1831 receptis
536 1799 593 1830 per
608 1787 795 1828 magistrum
813 1786 1034 1817 Alexandrum
1047 1786 1191 1828 Murray,
1204 1790 1236 1818 et
1248 1797 1305 1828 pro
1318 1787 1435 1828 quibus
1496 1822 1501 1826 ,
1547 1786 1551 1802 ⁴¹

170 1861 336 1891 Respondebit
385 1839 597 1882 respondebit,
613 1838 634 1879 ij
653 1837 757 1869 celdre
772 1836 828 1876 viij
847 1836 931 1866 bone
954 1836 976 1876 ij
995 1836 1114 1867 ferlote.
1161 1836 1294 1868 Summa
1316 1847 1435 1878 expen-

171 1893 325 1951 ἲέιιῑιίτὸἕνρέο
385 1900 502 1927 sarum,
524 1889 571 1930 iiij
598 1888 703 1920 celdre
727 1887 782 1928 vii]
815 1885 907 1917 boue.
953 1886 996 1916 Et
1023 1886 1068 1917 sic
1099 1889 1221 1918 restant
1248 1887 1304 1926 xiij
1333 1887 1438 1919 celdre

228 1938 235 1944 '
305 1939 311 1945 ”
384 1942 418 1974 ix
434 1940 526 1972 bolle.
1442 1946 1445 1948 ·

173 2051 372 2084 Camerarius
433 2041 627 2081 Compotum
657 2035 801 2077 magistri
831 2034 950 2065 Thome
973 2034 1013 2065 de
1044 2033 1251 2072 CarmichaeL
1274 2036 1439 2067 camerarii

173 2096 260 2126 ultra
389 2091 429 2122 de
445 2091 579 2130 Murray
603 2091 635 2119 et
657 2086 854 2118 diversarum
878 2083 1012 2114 aliarum
1035 2086 1190 2114 terrarum
1215 2094 1277 2124 que
1300 2088 1377 2116 sunt
1399 2085 1439 2117 de
1480 2116 1484 2120 ,

172 2143 306 2170 montes.
391 2140 583 2182 proprietate
614 2135 735 2182 domini
766 2134 848 2176 regis
878 2133 963 2164 ultra
993 2137 1127 2171 montes,
1162 2133 1322 2165 redditum
1352 2135 1438 2176 apud

391 2188 582 2231 Edinburgh
611 2190 702 2219 sexto
729 2185 780 2216 die
814 2183 933 2215 mensis
965 2182 1079 2215 Marcii
1107 2194 1191 2216 anno
1220 2184 1353 2216 Domini
1378 2188 1438 2217 etc.
