1551 2462
388 244 426 272 18
700 240 865 273 ROTULI
890 240 1126 273 SOAOCARH
1349 243 1438 273 1460.
1527 236 1534 243 ”

385 334 525 375 compoti
556 337 587 366 et
618 334 677 365 sub
708 334 850 376 periculo
876 335 1098 376 competentis,
1128 345 1173 366 xv
1199 339 1222 366 ἔ.
1268 334 1311 365 Et
1336 334 1439 366 eidem
1488 327 1516 363 .'

385 384 532 425 episcopo
548 394 604 425 pro
618 394 724 415 annuo
741 384 868 415 redditu
885 385 947 415 sibi
969 385 1077 416 debito
1100 395 1157 426 pro
1173 384 1272 416 tercia
1286 388 1377 425 parte
1400 384 1440 416 de
1491 387 1496 404 ·'
1527 382 1530 393 ¹

385 434 535 466 Saltcotis
566 435 724 466 existente
747 435 782 465 in
805 435 953 466 manibus
978 435 1100 466 domini
1124 435 1215 476 regis,
1239 434 1278 466 de
1302 434 1439 466 termino
1489 462 1492 467 .

385 485 526 525 compoti
550 488 582 516 et
605 485 665 516 sub
689 485 799 516 eodem
823 484 974 525 periculo,
989 485 1012 525 ij
1037 489 1059 516 ἓ.
1076 485 1098 526 ij
1123 484 1152 516 d.
1177 485 1226 516 ob.
1271 485 1313 516 Et
1336 484 1440 516 eidem
1483 503 1490 520 ς

383 534 541 575 episcopo,
552 545 609 575 pro
625 544 704 565 cana
714 534 775 565 sibi
785 534 893 565 debita
905 534 944 565 de
960 535 1091 566 baronia
1106 535 1145 566 de
1157 534 1298 572 Cardale,
1309 535 1439 576 dempta

383 633 483 664 firmis
496 637 651 665 terrarum
662 634 700 665 de
713 634 812 665 Knok
823 634 1022 666 etAttenoch
1039 634 1265 675 deputatarum
1275 638 1439 666 vastarum

383 693 440 724 per
455 683 621 714 dominum
637 694 744 725 regem
760 684 842 715 bone
858 684 1010 715 memorie
1024 694 1082 724 pro
1098 684 1173 715 feris
1189 683 1365 725 pascendis.
1382 694 1436 715 ex-

383 735 484 776 ceptis
500 735 624 767 duabus
641 736 797 773 mercatis,
811 735 887 767 licet
903 746 986 767 auno
1000 736 1150 777 preterito
1166 736 1285 777 recepit
1301 739 1438 777 quatuor

383 795 515 822 marcas,
535 795 597 827 que
619 785 680 816 due
703 795 807 816 marce
827 785 1014 816 assedantur
1031 785 1070 816 ad
1087 786 1211 816 firmam
1236 786 1275 817 de
1299 786 1436 817 termino
1465 795 1468 797 ’

384 835 583 876 compoti‚iiij
595 835 628 867 fi.
639 836 669 876 vj
682 835 767 876 §.viij
782 835 821 872 (1.,
837 835 892 866 sed
904 846 989 866 nunc
999 836 1171 866 mandatur
1181 836 1324 867 assedare
1336 836 1436 868 dictas
1494 839 1495 842 ’
1537 859 1541 872 ,

382 887 490 916 terras.
515 885 557 915 Et
569 885 740 916 forestariis
752 885 791 916 de
804 885 960 926 Tarnway
967 885 1005 916 de
1017 885 1116 916 firmis
1129 889 1285 917 terrarum
1296 885 1334 917 de
1344 885 1431 916 Litil-
1480 903 1499 930 ἵ)
1538 884 1541 910 ἶ

384 937 455 975 tary
467 945 523 975 pro
535 934 636 966 feodis
652 935 718 966 suis
735 935 773 966 de
789 945 873 966 anno
884 935 1030 976 compoti,
1042 935 1108 976 xxij
1122 940 1144 966 ἔ.
1159 935 1180 976 ij
1194 935 1223 966 d.
1270 936 1311 966 Et
1324 935 1436 973 eidem,

381 994 439 1025 per
454 984 650 1016 solucionem
667 985 783 1016 factam
793 985 937 1026 granario
954 985 992 1016 de
1007 985 1132 1026 Kynlos
1143 996 1200 1026 pro
1213 986 1358 1017 custodia
1369 986 1435 1016 fru-
1494 1001 1498 1005 -
1538 992 1545 1025 ³,

381 1034 485 1065 menti
500 1039 532 1065 et
547 1034 645 1065 brasii
661 1034 782 1065 domiui
794 1035 876 1076 regis
892 1035 927 1065 in
939 1035 1024 1066 dicto
1041 1035 1233 1066 monasterio
1243 1035 1282 1066 de
1297 1036 1435 1067 termino
1481 1062 1483 1067 .
1541 1064 1544 1072 ,

382 1084 530 1125 compoti,
541 1095 584 1115 xx
601 1088 622 1115 ἓ.
669 1084 711 1115 Et
728 1084 839 1121 eidem,
855 1095 912 1125 per
922 1085 1116 1116 solucionem
1127 1085 1245 1116 factam
1257 1085 1434 1118 husbandis
1490 1119 1492 1122 ,
1541 1085 1543 1106 ³

383 1133 421 1164 de
453 1133 557 1174 Elgyn
581 1143 638 1174 pro
664 1137 733 1165 octo
761 1134 873 1165 martis
900 1145 962 1175 que
989 1134 1141 1165 dicuntur
1170 1135 1343 1176 rynmartis
1369 1135 1436 1177 regi

382 1183 498 1214 debitis
529 1183 568 1223 de
599 1183 684 1214 dicto
722 1183 956 1222 vicecomitatu,
985 1183 1127 1225 precium
1166 1185 1253 1226 pecie
1292 1185 1435 1226 quinque
1476 1192 1479 1194 ’
1539 1184 1542 1196 ¹

382 1233 485 1270 solidi,
508 1233 542 1264 xl
565 1237 587 1264 ἓ.
633 1233 676 1264 Et
699 1233 811 1270 eidem,
827 1244 884 1274 pro
908 1236 978 1265 octo
1002 1234 1188 1265 mutonibus
1205 1244 1267 1275 que
1283 1234 1435 1266 dicuntur
1495 1260 1497 1262 .
1539 1240 1544 1272 ξ

381 1286 589 1324 rynmutoun,
619 1282 762 1323 precium
792 1283 881 1323 pecie
919 1283 1087 1314 duodecim
1118 1283 1248 1322 denarii,
1279 1284 1318 1315 de
1349 1284 1434 1316 dicto
1490 1322 1492 1326 y
1539 1281 1543 1304 ⁸·

382 1333 544 1370 comitatu,
576 1333 631 1373 viij
657 1337 680 1364 ἓ.
726 1333 769 1363 Et
806 1343 863 1373 pro
895 1343 950 1363 sex
988 1333 1099 1364 martis
1135 1333 1229 1364 dictis
1259 1335 1434 1374 rynmartis

381 1382 448 1422 regi
470 1381 586 1413 debitis
610 1382 694 1413 infra
716 1382 977 1413 vicecomitatum
1001 1382 1040 1413 de
1058 1383 1163 1420 Fores,
1179 1383 1320 1423 precium
1345 1384 1433 1425 pecie

381 1432 524 1473 quinque
547 1431 650 1468 solidi,
673 1442 739 1462 xxx
770 1436 792 1462 Ξ.
838 1431 880 1462 Et
902 1442 959 1472 pro
989 1442 1044 1463 sex
1077 1433 1324 1473 rynmutonibus
1356 1433 1434 1465 dicti

380 1482 560 1519 comitatus,
577 1482 721 1522 precium
744 1481 833 1523 pecie
851 1481 1019 1513 duodecim
1043 1481 1173 1519 denarii,
1192 1483 1222 1523 vj
1242 1486 1266 1514 s.
1311 1483 1354 1514 Et
1377 1494 1432 1524 pro
1492 1519 1495 1522 Α
1540 1508 1545 1519 .

380 1542 445 1562 una
468 1535 570 1562 marta
586 1531 670 1562 dicta
693 1541 723 1571 r)
734 1534 839 1561 nmart
856 1531 895 1562 de
919 1531 1037 1562 foresta
1053 1531 1091 1562 de
1108 1532 1273 1573 Tarnway,
1290 1533 1433 1573 precium
1492 1559 1494 1565 ,

380 1582 523 1623 quinque
546 1581 648 1618 solidi,
664 1591 685 1611 v
701 1585 725 1612 s.
774 1581 815 1611 Et
832 1591 887 1621 pro
905 1591 969 1612 uno
984 1584 1182 1621 rynmutoun
1199 1582 1283 1613 dicte
1307 1582 1431 1620 foreste,

380 1631 424 1671 xij
443 1631 471 1661 d.
517 1630 560 1661 Et
576 1630 614 1661 de
638 1630 735 1661 tercia
759 1630 867 1661 debita
891 1640 1006 1671 sponse
1030 1631 1193 1671 quondam
1216 1631 1376 1663 Johannis
1392 1632 1432 1663 de

381 1680 537 1712 Dunbrek
549 1690 606 1721 pro
623 1679 716 1710 terris
740 1679 801 1710 sibi
825 1680 1045 1720 spectantibus
1069 1680 1107 1712 de
1131 1681 1268 1712 termino
1284 1682 1432 1722 compoti,

378 1730 480 1770 xxviij
498 1734 521 1761 ἓ.
535 1730 547 1770 j
565 1729 594 1760 d.
640 1729 682 1759 Et
705 1729 816 1766 eidem,
827 1739 883 1769 per
899 1729 1095 1761 solucionem
1111 1731 1229 1761 factam
1246 1730 1430 1763 Alexandro
1486 1754 1489 1758 .

378 1780 418 1811 de
440 1779 576 1810 Dunbar
598 1788 654 1819 pro
671 1778 814 1809 custodia
838 1779 934 1809 castri
957 1779 995 1810 de
1011 1780 1165 1820 Tarnway
1191 1780 1230 1811 de
1253 1781 1353 1812 firmis
1369 1784 1430 1812 ter-

377 1840 484 1860 rarum
508 1828 748 1860 dominicalium
772 1828 924 1868 ejusdem,
947 1839 1085 1860 unacum
1106 1829 1304 1868 Colnakevil,
1327 1831 1429 1872 Logy-
1477 1838 1482 1864 ἶ

376 1879 481 1916 balch,
505 1878 662 1918 Litiltary,
686 1881 718 1908 et
741 1877 770 1908 le
794 1877 1035 1915 Constabilfeld‚
1059 1878 1098 1909 de
1122 1879 1258 1910 termino
1281 1880 1430 1921 compoti,

376 1929 432 1969 viij
449 1928 481 1960 li.
527 1928 569 1959 Et
585 1938 641 1968 per
654 1927 869 1958 decidenoiam
886 1930 1042 1958 terrarum
1059 1928 1098 1959 de
1116 1927 1301 1960 Clakmares
1313 1929 1351 1961 de
1367 1933 1428 1960 ter-

375 1979 463 2009 mino
477 1978 627 2018 computi,
640 1977 720 2008 infra
732 1976 989 2007 vicecomitatum
1006 1977 1045 2008 de
1061 1977 1174 2018 Elgyn,
1185 1978 1241 2018 viij
1256 1983 1279 2009 s.
1295 1979 1325 2019 xj
1338 1978 1367 2010 d.
1379 1979 1428 2011 ob.

375 2028 418 2059 Et
434 2027 545 2064 eidem,
563 2037 618 2068 per
633 2026 849 2057 decidenciam
870 2026 1033 2057 firmarum
1057 2027 1094 2057 de
1120 2027 1365 2068 Ballyndalloch
1389 2029 1428 2060 de
1479 2023 1483 2026 Δ

376 2078 460 2108 dicto
484 2077 628 2113 termino,
645 2076 676 2116 vj
694 2080 716 2107 s.
735 2075 789 2116 viij
812 2075 841 2107 d.
888 2076 1019 2107 Summa
1042 2086 1263 2117 expensarum,
1277 2076 1370 2117 j⁶xxx
1394 2077 1425 2109 fi.

417 2177 467 2207 De
491 2175 616 2217 quibus,
632 2174 764 2206 allocate
788 2174 985 2215 compotauti
1007 2184 1064 2215 per
1087 2174 1283 2207 solucionem
1306 2175 1424 2208 factam
1478 2182 1482 2210 ζ
