1551 2462
144 310 234 341 1467.
283 304 288 307 ’
453 308 615 340 REGUM
639 308 877 347 SCOTORUM
1030 287 1034 288 ⁷
1129 312 1188 342 487

143 401 327 434 remissione
343 412 439 443 super
453 403 649 443 computum,
672 412 762 432 xxxv
779 405 802 433 s.
849 402 892 433 Et
907 401 1022 440 eidem,
1037 402 1076 434 de
1092 403 1191 434 firmis

144 450 279 482 duarum
301 455 515 483 marcatarum
537 452 576 483 de
599 452 736 493 Ernbeg,
753 451 910 483 concessis
931 462 971 482 ex
986 452 1091 492 gracia
1109 453 1191 493 regis

143 500 307 542 capellano
323 501 496 532 celebranti
511 501 546 532 in
562 501 685 542 capella
708 501 800 533 beate
817 501 920 533 Marie
945 501 983 532 de
1000 501 1142 533 Garvald
1157 502 1192 533 in

143 560 231 581 mora
246 550 285 582 de
299 550 434 582 Dundaf
450 551 489 582 de
505 551 656 582 terminis
674 552 826 592 computi,
842 554 880 582 ut
894 554 984 592 patet
1006 561 1064 592 per
1084 551 1192 583 literas

142 599 264 631 domini
278 600 360 641 regis
376 600 436 632 sub
459 601 581 642 signeto
598 601 636 632 de
659 604 808 642 precepto
825 604 971 632 ostensas
988 611 1084 641 super
1107 611 1190 632 com-

101 656 111 662 *
143 652 266 690 putum,
281 650 328 691 iiij
344 650 376 681 li.
401 651 458 691 xiij
477 655 498 682 ἔρ
516 651 562 692 iiij
580 651 609 688 d,
633 651 672 682 de
688 661 851 692 gressuma
874 651 1032 682 dictarum
1053 651 1191 682 duarum

141 701 353 731 marcatarum
367 702 450 732 terre
466 701 597 732 remissa
609 701 757 732 similiter
769 701 854 732 dicto
870 700 1034 742 capellano
1050 711 1090 732 ex
1106 701 1192 732 dicta

142 749 255 791 gracia,
273 759 317 780 xx
332 753 365 787 s„
388 749 444 781 sed
465 750 638 781 mandatur
660 750 861 791 computanti
884 750 970 791 quod
993 750 1191 791 temporibus

136 794 287 830 ‘affuturis
302 799 388 830 levet
403 802 436 831 et
450 799 583 831 inducat
598 800 705 831 firmas
721 792 880 831 dictarum
895 803 1054 831 terrarum
1071 800 1191 840 absque

143 847 203 880 hoc
239 849 325 890 quod
357 849 497 880 habeant
526 859 647 880 novum
676 849 864 880 mandatum
900 849 1103 881 contrarium.
1148 850 1191 880 Et

141 897 252 936 eidem,
263 908 321 939 pro
333 899 482 939 expensis
492 898 600 930 David
611 899 745 936 Guthre,
758 902 981 940 computorum
997 898 1190 936 rotulatoris,

37 958 44 965 ··
88 973 112 977 .,
143 948 236 980 factis
250 948 286 980 in
308 949 509 980 assedacione
531 952 688 980 terrarum
704 949 743 980 de
765 949 926 985 Menteth,
950 948 1191 990 Strongartnay,

142 1000 174 1029 et
197 997 454 1039 Buchquhidder,
477 1001 514 1029 ut
536 1001 626 1039 patet
649 1009 706 1040 per
727 999 855 1030 literam
879 999 938 1030 sub
962 998 1086 1039 signeto
1113 998 1191 1029 dicti

62 1040 66 1042 “
84 1067 86 1070 -
141 1050 362 1088 computorum
384 1047 568 1079 rotulatoris
592 1051 753 1079 ostensam
777 1058 872 1089 super
894 1050 1091 1088 computum,
1106 1047 1140 1088 iij
1158 1047 1190 1078 fi.

55 1131 75 1148 f,
101 1112 107 1116 ·
140 1096 174 1138 iij
191 1101 215 1128 ἔ.
258 1097 302 1128 Et
317 1097 429 1135 eidem,
444 1107 501 1138 per
515 1097 740 1129 liberacionem
756 1097 874 1128 factam
888 1101 1025 1138 quatuor
1041 1097 1191 1138 vigilibus

143 1145 350 1187 vigilantibus
373 1146 458 1178 inter
480 1146 583 1178 Lorne
611 1150 642 1178 et
669 1147 824 1178 Menteth
846 1157 887 1177 ne
903 1146 988 1177 fures
1011 1146 1192 1177 laborarent

58 1222 61 1232 ⁴
87 1208 92 1211 ·
141 1197 176 1229 in
206 1198 325 1230 eisdem
354 1198 448 1230 terris
486 1199 526 1230 ad
557 1199 828 1240 inquietacionem
860 1201 892 1229 et
929 1198 1191 1239 depredacionem

55 1240 62 1255 ³
78 1279 97 1290 ,⁸
142 1247 289 1289 ligiorum
315 1248 407 1289 regis,
433 1259 474 1279 ex
503 1246 656 1280 mandato
686 1248 889 1279 dominorum
915 1247 954 1279 de
981 1247 1124 1284 concilio,
1154 1249 1192 1277 ut

143 1299 231 1338 patet
266 1307 324 1338 per
360 1297 486 1329 literam
524 1298 563 1329 de
607 1300 756 1339 precepto
796 1298 835 1329 ab
873 1297 993 1329 eisdem
1038 1297 1191 1328 directam

106 1385 115 1390 ’
141 1400 295 1428 terrarum
353 1397 394 1429 de
452 1397 587 1439 Lagane,
633 1397 814 1429 medietatis
874 1396 912 1427 de
973 1396 1189 1437 Drumhager-

140 1450 245 1484 tenne,
271 1447 481 1488 Strononych,
504 1451 537 1479 et
563 1447 751 1484 Glenmane,
775 1447 1000 1487 deputatarum
1027 1448 1190 1477 vastarum

141 1507 198 1538 pro
235 1497 352 1529 foresta
389 1497 511 1529 domini
548 1498 639 1539 regis,
678 1500 716 1528 ut
753 1499 844 1538 patet
889 1506 945 1537 per
982 1495 1114 1533 mutale,
1151 1495 1190 1526 de

85 1564 88 1568 ·
141 1547 286 1579 terminis
323 1548 475 1588 computi,
505 1548 582 1588 xxvj
613 1547 646 1580 Ε.
677 1557 700 1579 v
729 1551 753 1579 s.
798 1547 841 1577 Et
871 1546 983 1582 eidem,
1014 1540 1062 1576 de*
1091 1545 1190 1576 firmis

63 1639 70 1652 t
140 1599 296 1628 terrarum
314 1597 418 1628 warde
434 1597 473 1628 de
498 1597 604 1638 Gudy,
619 1597 845 1638 deputatarum
867 1606 924 1637 pro
947 1595 1038 1636 equis
1061 1594 1190 1626 domitis

141 1646 262 1678 domini
275 1646 367 1687 regis,
383 1649 420 1677 ut
435 1649 524 1687 patet
542 1646 577 1677 in
600 1646 710 1678 eodem
733 1646 858 1683 rentali,
875 1645 912 1677 tle
936 1644 1082 1676 terminis
1105 1654 1190 1675 com-

52 1722 58 1734 ;
141 1695 219 1736 puti,
256 1696 300 1737 vij
331 1695 363 1726 fi.
408 1696 451 1726 Et
488 1695 600 1733 eidem,
637 1705 694 1736 per
731 1695 924 1736 superfluam
969 1694 1190 1725 oneracionem

86 1744 90 1746 ’
141 1748 296 1777 terrarum
312 1745 351 1777 de
367 1745 507 1783 Collach,
519 1756 558 1777 ex
574 1756 610 1776 eo
623 1745 708 1786 quod
721 1745 804 1776 dicte
817 1748 899 1775 terre
912 1753 975 1774 non
987 1743 1190 1784 reperiuntur

55 1800 82 1843 ⁸.-
103 1799 106 1801 ’
143 1797 268 1826 tantum
284 1795 389 1826 valere
404 1795 437 1826 in
454 1794 579 1833 rentali,
595 1805 669 1826 oum
692 1794 808 1835 quibus
832 1796 1021 1834 computans
1044 1792 1189 1832 superius

143 1846 298 1882 oneratur,
310 1845 349 1876 de
364 1845 510 1876 terminis
526 1844 677 1885 computi,
690 1843 768 1884 xxiij
787 1848 810 1874 s.
827 1843 873 1883 iiij
892 1842 921 1874 d.
959 1842 1001 1872 Et
1018 1841 1130 1877 eidem,
1151 1841 1189 1872 de

76 1910 82 1913 -
141 1893 240 1931 firmis
254 1897 412 1926 terrarum
428 1895 466 1926 de
483 1894 646 1926 Parkland
669 1894 708 1925 de
732 1894 838 1927 Doun,
854 1902 894 1923 ex
917 1901 953 1922 eo
977 1890 1062 1931 quod
1085 1889 1190 1921 media

50 1958 53 1965 Δ
66 1940 100 1957 ””“
144 1953 216 1984 pars
231 1944 372 1985 ejusdem
389 1944 563 1985 deputatur
577 1946 667 1975 vasta
684 1953 742 1984 pro
758 1942 832 1973 feris
848 1940 1025 1982 pascendis,
1040 1943 1077 1970 ut
1099 1943 1190 1980 patet

143 1992 178 2024 in
192 1993 302 2025 eodem
317 1993 442 2031 rentali,
458 1993 497 2025 de
513 1993 608 2024 dictis
628 1992 784 2029 terminis,
806 1990 840 2031 iij
858 1990 889 2020 Π.
906 2000 928 2020 x
944 1993 967 2021 s.
1012 1989 1055 2019 Et
1077 1989 1189 2026 eidem,

51 2033 53 2040 ¹
72 2028 84 2062 ς»
143 2046 271 2084 propter
285 2043 471 2074 vastitatem
494 2045 651 2074 terrarum
675 2042 713 2072 de
737 2038 1041 2080 Dalquhappagach,
1058 2038 1188 2078 Cragin-

144 2091 243 2134 tulye‚
265 2095 298 2124 et
323 2092 537 2133 Gragintoare,
563 2092 597 2122 in
628 2090 769 2122 dominio
799 2089 838 2119 de
868 2087 1127 2128 Buchquhidder,
1152 2090 1190 2118 ut

145 2144 234 2182 patet
247 2141 282 2172 in
297 2142 413 2173 rentali
435 2141 577 2182 ejusdem
601 2144 633 2172 et
656 2140 716 2171 sub
738 2137 879 2180 periculo
902 2137 1127 2177 computantis,
1150 2137 1189 2167 de

10 2278 18 2286 κ
51 2235 89 2288 μ’
108 2238 111 2241 ’
144 2239 346 2275 Drummond
368 2251 442 2273 cum
465 2241 581 2282 quibus
605 2242 793 2281 computans
816 2238 961 2279 superius
977 2241 1133 2274 oneratur,
1150 2237 1189 2268 de
