1551 2462
100 266 190 296 1461.
410 258 570 296 REGUM
594 264 839 296 SOOTORUM.
1104 268 1141 295 81

100 357 213 398 Gupro,
251 367 308 398 pro
339 368 502 399 gressuma
532 356 853 398 desDrumtenandj
870 357 955 389 dicto
993 357 1145 398 magistro

97 408 120 438 J
123 408 218 439 acobo
249 408 370 440 fatente
400 412 565 450 recepbum
596 419 692 449 super
729 412 921 449 compotum,
951 407 985 438 xl
1017 407 1058 445 fi„
1089 418 1145 448 pro
1159 404 1338 456 ξξέἂῖΰᾶΐῖξξῇ

99 457 214 498 quibus
227 458 437 499 respondebit.
483 459 524 490 Et
535 459 648 496 eidem,
662 469 717 500 per
727 459 952 490 liberacionem
965 458 1145 498 Margarete
1159 450 1239 492 siguli.
1250 441 1265 463 P

99 508 226 549 conjugi
252 509 465 549 compotantis
493 509 534 540 ad
561 510 691 540 cofferas
716 509 844 539 domine
871 508 986 549 regine,
1014 507 1144 538 custode
1159 526 1322 555 Respondebit

98 558 214 599 privati
231 559 329 600 sigilli
345 562 484 592 testante
499 562 664 600 receptum
688 569 782 599 super
805 561 998 598 compotum,
1017 555 1089 594 j⁰xx
1104 556 1145 592 nl,
1160 556 1360 608 fflfffffffljfffflss‘qf

98 617 153 648 pro
169 608 285 648 quibus
301 609 515 649 respondebit.
562 609 604 639 Et,
628 608 835 649 compotanti,
851 618 907 648 pro
924 607 1017 638 feodo
1033 616 1090 637 suo
1107 606 1145 637 de
1159 592 1252 639 foimonae
1272 592 1283 608 s
1325 592 1339 607 a

97 667 181 688 anno
215 658 354 698 compoti
385 661 417 689 et:
451 658 490 689 de
521 668 604 689 anno
635 657 824 699 precedente
863 657 923 687 1100
954 659 1146 696 compotum,

98 707 175 747 xxvj
192 707 224 738 11.
242 708 297 748 xiij
323 706 356 739 ss
369 708 416 749 fiij
437 708 466 740 d.
513 708 646 739 Summa
668 708 764 749 hujus
788 717 935 748 expense,
948 705 1087 747 j⁰lxxxvj
1113 705 1145 736 11.

99 756 154 796 xiij
172 760 195 788 ἔ.
211 756 256 798 iiij
282 757 310 788 d.
356 757 400 788 Et
423 757 467 789 sic
491 760 613 789 restant
637 757 716 788 lxxv
739 757 771 788 fi.
795 757 817 797 ij
843 761 865 787 s.
892 756 924 797 xj
949 755 977 787 d.
1002 756 1049 787 ob.
1097 755 1145 786 De

100 805 224 845 quibusy
234 805 368 837 allocate
385 817 440 847 per
455 806 650 838 solucionem
671 807 789 837 factam
805 805 956 846 magistro
972 805 1093 845 Apioni
1105 805 1144 836 de

98 855 248 886 mandato
274 855 402 887 domine
428 856 544 897 regine,
571 856 701 887 custode
728 855 847 896 privati
877 855 975 895 sigilli
1005 857 1145 885 testante

98 905 295 942 mandatum,
326 905 338 936 l
369 910 391 937 s.
437 906 479 936 Et
510 916 565 946 per
602 906 798 936 solucionem
836 905 956 936 factam
992 904 1143 945 magisbro

100 953 244 985 Gilberto
260 954 393 996 Hering,
408 955 447 986 de
471 955 583 986 eodem
605 955 756 986 mandato
781 958 813 986 eb
836 955 896 985 sub
919 954 1028 985 eodem
1054 953 1144 985 testi-

97 1003 212 1041 monio,
229 1005 304 1045 xxxj
323 1009 345 1035 s.
392 1005 434 1035 Et
450 1015 505 1045 per
520 1004 715 1036 solucionem
732 1004 850 1035 factam
862 1004 1000 1035 Roberto
1013 1004 1146 1034 Huntar

97 1053 136 1084 de
152 1053 244 1085 feodo
260 1064 326 1091 suo,
342 1054 381 1085 de
398 1055 509 1085 eodem
525 1054 676 1086 mandato
693 1057 725 1085 et
743 1054 803 1085 sub
820 1054 929 1084 eodem
951 1053 1143 1089 testimonio,

97 1102 136 1133 de
155 1103 292 1134 termino
315 1104 546 1136 Penthecostes
570 1104 685 1134 ultimo
708 1103 869 1144 preterito,
892 1104 922 1143 vj
948 1103 979 1133 11,
1025 1103 1067 1133 Et]
1090 1112 1145 1143 per

97 1152 294 1184 solucionem
317 1153 435 1184 factam
458 1154 601 1185 <Iohanni
625 1154 829 1194 Skrimgeour
852 1153 891 1184 de
914 1152 1006 1183 feodo
1029 1162 1086 1183 suo
1107 1152 1145 1182 de

98 1202 184 1233 dicto
200 1203 346 1240 termino,
358 1203 396 1234 de
413 1203 524 1235 eodem
540 1204 690 1235 mandato
706 1206 738 1234 et
754 1203 813 1234 sub
830 1203 940 1234 eodem
950 1202 1144 1238 testimonio,

98 1251 132 1292 iij
149 1252 180 1283 11.
197 1253 227 1292 vj
245 1256 267 1283 s.
282 1253 338 1293 viij
355 1253 384 1284 d.
419 1254 460 1285 Ee
477 1254 576 1284 Leoni
591 1254 655 1294 regi
673 1263 833 1284 armorum
849 1253 887 1283 de
905 1253 989 1283 dicto
1000 1252 1146 1288 termino,

97 1301 136 1332 de
152 1301 262 1332 eodem
278 1302 429 1333 mandato
452 1306 485 1333 et
507 1303 567 1334 sub
592 1303 702 1333 eodem
725 1302 917 1339 testimonio,
941 1303 971 1342 vj
992 1301 1024 1332 11.
1048 1302 1102 1341 xiij
1122 1305 1145 1332 s.

96 1351 144 1391 iiij
161 1350 191 1382 d.
236 1352 279 1382 Et
295 1362 351 1392 per
366 1352 560 1384 solucionem
577 1353 695 1383 factam
718 1352 889 1383 Lanceloto
905 1352 944 1383 (10
959 1351 1143 1389 Abhnet-hy

96 1409 154 1441 pro
170 1400 262 1432 feodo
278 1411 334 1432 suo
351 1401 389 1432 de
406 1401 490 1432 dicho
515 1402 661 1439 termino,
677 1402 715 1433 de
732 1401 842 1432 eodem
866 1401 1018 1432 mandato
1034 1404 1068 1431 et
1084 1400 1143 1431 sub

97 1450 207 1481 eodem
222 1451 415 1488 testimonio,
431 1461 453 1482 v
475 1451 507 1483 11.
553 1452 685 1483 Summa
707 1451 804 1492 hujus
826 1451 1011 1492 pendencie,
1027 1460 1094 1481 xxv
1109 1450 1141 1481 11.

95 1499 140 1540 xij
163 1500 191 1532 d.
236 1501 279 1532 Et
294 1501 339 1532 sic
355 1504 478 1532 restant
493 1501 505 1532 l
520 1501 552 1532 fi.
569 1502 650 1542 xxiij
669 1501 698 1533 (1.
716 1502 764 1532 οῖ’).

139 1549 230 1581 Idem
246 1553 357 1582 onerat
379 1561 412 1582 se
435 1551 470 1582 in
492 1551 604 1592 primis
627 1551 666 1582 de
690 1551 779 1592 xxxij
802 1550 917 1582 celdris
940 1551 984 1591 xij
1009 1550 1103 1582 bollis
1119 1550 1141 1590 ij
1158 1559 1350 1600 Compobum

95 1600 202 1640 peccis
227 1600 381 1632 frumenti
405 1602 604 1633 restannibus
631 1602 666 1632 in
692 1601 807 1632 ultimo
835 1604 982 1642 compoto
1009 1611 1074 1638 suo,
1106 1604 1143 1631 ut
1156 1613 1332 1644 granorum.

96 1652 185 1690 patet
212 1650 246 1681 in
273 1651 353 1691 pede
384 1651 535 1691 ejusdem.
581 1651 623 1682 Et
650 1651 689 1682 de
721 1651 755 1682 lv
782 1651 896 1682 celdris
920 1651 963 1691 xij
989 1650 1082 1681 bollis
1106 1650 1139 1691 iij

95 1698 221 1731 ferlotis
237 1710 309 1731 cum
327 1700 450 1731 duabus
474 1700 618 1741 partibus
642 1700 753 1732 ferlote
777 1700 864 1731 ordei
887 1700 1081 1731 restantibus
1104 1702 1142 1730 ub

96 1759 198 1790 supra.
243 1750 286 1780 Et
301 1750 340 1781 de
356 1750 467 1791 xxxvij
485 1750 599 1781 celdris
616 1750 660 1791 xij
686 1750 780 1782 bollis
796 1750 829 1791 iij
849 1750 971 1781 ferlotis
986 1749 1020 1790 iij
1038 1750 1143 1790 peccis

95 1808 267 1830 avenarum
291 1799 485 1830 restantibus
511 1803 547 1830 ut
572 1810 676 1841 supra.
721 1800 764 1830 Et
795 1800 834 1831 de
864 1800 885 1840 ij
915 1799 1008 1830 bollis
1041 1799 1141 1830 farine

96 1848 257 1879 avenatice
287 1848 484 1880 restantibus
515 1853 552 1880 ut:
582 1859 686 1890 supra.
733 1849 864 1880 Summa
902 1849 999 1889 hujus
1038 1849 1142 1879 oneris

94 1900 190 1938 patet.

139 1947 232 1984 Item,
247 1948 332 1979 idem
349 1951 459 1979 onera'c
474 1958 507 1979 se
524 1948 562 1979 de
586 1949 663 1989 xxxj
681 1948 795 1980 celdris
811 1949 842 1989 vj
861 1945 954 1979 bollis
971 1948 1005 1987 iij
1020 1947 1142 1978 ferlotis

97 1997 119 2037 ij
136 1997 239 2038 peccis
256 1997 410 2028 frumenti
426 1998 464 2029 de
488 1998 620 2029 diversis
637 1998 728 2029 terris
749 1998 919 2028 comitatus
936 1997 974 2028 de
991 1997 1089 2037 Fyffe,
1105 2000 1142 2027 ub

95 2049 182 2087 patet
205 2046 239 2077 in
267 2057 360 2078 onere
387 2047 540 2088 superius.
587 2048 629 2078 Et:
656 2047 694 2078 de
719 2047 763 2088 lvj
793 2047 906 2078 celdris
937 2047 981 2086 xij
1010 2046 1104 2077 bollis
1127 2046 1140 2086 j

101 2095 213 2127 ferlota
243 2106 317 2127 cum
347 2096 471 2127 duabus
502 2097 646 2137 partibus
677 2096 790 2128 ferlote
821 2096 908 2127 ordei
946 2096 985 2126 de
1023 2095 1142 2126 eisdem

47 2180 51 2183 ¹
96 2145 186 2177 terris
216 2145 255 2176 de
290 2146 426 2177 termino
464 2146 572 2177 Sancti
603 2147 739 2177 Martini
769 2146 866 2186 hujus
897 2145 1044 2185 compoti,
1067 2145 1142 2184 quia

95 2197 172 2226 tunc
194 2194 338 2226 redditur
360 2200 498 2227 tantum.
544 2196 587 2227 Et
610 2196 648 2227 de
674 2196 773 2226 xxxix
798 2195 911 2226 celdris
935 2194 978 2234 vij
1004 2193 1097 2224 bollis
1120 2194 1140 2230 ij

139 2252 207 2275 VOL.
224 2252 278 2275 VH.
995 2251 1012 2273 F
