1551 2462
108 212 122 240 1
129 212 198 241 464.
418 210 579 242 REGUM
603 210 848 242 SCOTORUM.
1092 214 1152 243 243

108 301 173 333 suis
191 301 230 333 de
249 301 334 333 dieto
365 302 510 340 termino,
536 303 570 334 xl
594 307 618 335 s.
655 303 699 334 Et
732 303 878 334 ortulano
909 302 947 334 de
981 303 1155 340 Faucland,

80 382 83 385 ,
106 351 295 393 percipienti
310 353 477 383 annuatim
492 363 549 393 pro
567 352 657 383 feodo
670 363 727 383 suo
738 356 874 393 quatuor
885 363 1005 384 marcas
1018 353 1056 383 de
1069 353 1154 384 dicto

105 401 250 439 termino,
266 402 344 443 xxvj
361 406 383 433 5.
400 402 457 443 viij
474 401 502 433 d.
548 402 589 433 Et
604 402 776 433 Lanceloto
793 402 831 433 de
848 402 1155 443 Abernethy,perei-

106 451 209 492 pienti
225 452 391 483 annuatim
407 452 516 483 decem
532 451 628 483 libras
645 452 684 482 de
697 452 789 483 terris
812 452 851 483 de
867 452 1103 483 Thomastoune
1119 452 1152 482 in

107 501 199 532 feodo
215 511 280 538 suo,
297 501 336 533 de
352 501 437 533 dicto
453 502 598 539 termino,
613 512 635 532 v
650 501 682 532 fi.
728 502 771 532 Et
788 502 888 533 Leoni
905 502 970 543 regi
986 511 1155 538 armorum,

106 553 295 593 percipienti
311 553 478 584 annuatim
494 553 611 594 viginti
633 563 764 591 marcas,
780 553 814 584 in
830 553 923 584 feodo
939 564 996 584 5110
1013 553 1052 584 de
1068 553 1153 584 dicto

107 602 251 639 termino,
268 603 301 643 xJ'
316 602 348 634 fi.
365 603 421 644 xiij
439 607 461 634 ἔ.
478 603 524 644 iiij
549 602 577 634 (Ῐ.
623 603 666 634 Et
686 603 830 634 Johanni
847 603 1070 644 Skrymgeour,
1085 613 1156 643 per-

108 651 239 693 cipienti
255 652 421 684 annuatim
437 653 545 684 decem
571 663 701 690 marcas,
717 653 756 685 de
779 652 890 684 eodem
911 653 1054 689 termino,
1071 652 1105 692 iij
1123 652 1154 682 H.

107 701 138 741 vj
165 705 187 733 ἔ.
215 701 271 742 viij
297 701 325 732 d.
371 702 414 732 Et
438 702 574 733 Roberto
602 702 760 739 Huntare,
783 702 817 733 in
840 705 964 743 partem
985 701 1156 732 solucionis

107 749 193 781 feodi
215 750 274 788 sui,
293 751 483 793 percipienti
506 751 673 782 annuatim
697 752 864 783 duodecim
888 751 993 788 libras,
1009 751 1048 782 de
1072 751 1157 781 dicto

109 850 215 891 Boyis,
231 851 380 892 magistro
396 851 515 882 fabrice
531 851 570 882 de
586 851 835 891 Ravynniscrag,
850 861 907 891 pro
928 851 1010 882 dicta
1029 851 1158 887 fabrica,

109 910 149 931 ex
164 900 314 931 mandato
330 900 458 931 domine
473 901 580 941 regine
604 900 655 941 pie
678 901 838 937 memorie,
854 904 892 931 ut
906 903 996 940 patet
1011 910 1067 941 per
1083 910 1156 931 suas

109 949 217 980 literas
240 959 338 980 manu
361 959 418 980 sua
442 949 636 990 subscriptas
661 949 700 980 de
723 953 872 990 precepto
895 952 1037 980 ostensas
1062 960 1158 990 super
1172 975 1336 1005 Respondebit

110 1002 305 1039 computum,
328 1009 401 1030 cum
424 998 525 1030 literis
541 999 620 1029 dicti
642 998 750 1029 David
777 999 815 1030 de
838 1002 974 1039 recepto,
997 1009 1019 1029 x
1041 998 1083 1035 fi„
1100 1009 1157 1039 pro
1171 1005 1250 1028 David
1261 1006 1341 1034 Boyis,

111 1048 227 1089 quibus
253 1047 464 1088 respondebit.
509 1048 551 1079 Et
578 1048 690 1084 eidem,
717 1058 774 1089 pro
800 1048 948 1088 expensis
979 1047 1072 1079 factis
1102 1058 1159 1089 per

110 1097 276 1128 dominum
289 1097 436 1130 abbatem
449 1097 564 1130 Sancte
576 1097 695 1134 Crucis,
705 1097 929 1130 Alexandrum
945 1097 1115 1138 Kennedy,
1127 1100 1159 1128 et

109 1146 132 1177 J
134 1146 293 1178 ohannem
309 1146 347 1178 de
362 1146 533 1183 Munereif,
550 1147 642 1178 factis
658 1147 693 1177 in
704 1147 868 1178 Faucland
880 1150 1022 1187 tempore
1035 1147 1158 1178 asseda-

111 1196 210 1227 cionis
225 1199 381 1227 terrarum
396 1196 435 1227 de
458 1196 484 1226 F
485 1195 557 1237 yffe,
573 1198 610 1226 ut
632 1198 722 1236 patet
744 1205 800 1236 per
815 1196 925 1227 literas
941 1196 1020 1226 dicti
1035 1195 1160 1227 domini

111 1295 167 1335 viij
194 1294 224 1326 d.
279 1295 322 1326 Et
345 1295 456 1332 eidem,
484 1305 540 1335 per
569 1294 766 1326 solucionem
795 1295 913 1325 factam
943 1295 983 1326 de
1005 1295 1157 1326 mandato

111 1345 254 1387 magistri
268 1345 375 1376 David
392 1345 524 1382 Guthre,
540 1345 737 1382 thesaurarii,
753 1345 896 1376 Johanni
912 1345 980 1375 Ker
995 1354 1051 1385 pro
1067 1345 1159 1376 feodo
1173 1343 1338 1396 ἓῇἷζξᾶξξὲξ

111 1405 168 1426 5110
184 1395 223 1426 de
238 1395 374 1426 termino
399 1395 508 1426 Sancti
535 1394 671 1426 Martini
695 1394 818 1432 ultimo,
841 1394 917 1433 xxvj
935 1392 957 1425 ἕ.
975 1393 1031 1434 viij
1049 1393 1087 1432 (1.,
1103 1404 1159 1434 pro
1173 1390 1300 1427 samaritis.

112 1444 229 1485 quibus
253 1443 456 1484 respondebit
485 1443 571 1475 idem
601 1443 823 1475 thesaurarius.
883 1443 926 1474 Et
961 1443 1073 1480 eidem,
1103 1454 1160 1484 pro

110 1493 259 1534 expensis
275 1496 307 1524 et
329 1492 428 1534 gagiis
451 1492 645 1524 verletorum
669 1492 708 1523 de
731 1492 858 1523 stabulo
880 1492 961 1533 regis
977 1495 1010 1523 et
1025 1492 1160 1523 aliorum

111 1543 301 1575 servitorum
317 1542 468 1583 ejusdem,
484 1552 607 1574 necnon
624 1553 680 1584 pro
697 1542 853 1574 ferratura
869 1552 1023 1583 equorum
1039 1541 1161 1573 domini

111 1593 193 1634 regis
209 1593 302 1624 factis
317 1596 350 1624 et
360 1592 442 1624 datis
454 1592 539 1633 apud
549 1592 713 1623 Faucland
726 1592 859 1623 diversis
872 1591 996 1623 vicibus
1012 1601 1030 1622 a
1046 1594 1160 1632 quarto

112 1642 164 1674 die
178 1642 297 1674 mensis
309 1642 495 1674 Decembris
507 1652 609 1683 usque
625 1642 659 1673 in
669 1641 823 1673 ultimum
836 1641 920 1672 diem
930 1641 1048 1672 mensis
1058 1641 1160 1672 Janu-

113 1692 172 1724 arii
186 1692 351 1730 inclusive,
361 1695 397 1723 ut
406 1696 495 1734 patet
506 1692 541 1723 in
554 1692 683 1724 scedula
694 1691 910 1732 computantis
925 1691 1162 1732 particulariter

113 1741 294 1773 examinata
310 1752 404 1782 super
426 1745 622 1782 computum,
646 1743 678 1773 et
697 1740 736 1772 de
759 1741 919 1772 mandatis
942 1740 1065 1772 domini
1080 1741 1161 1781 regis

113 1794 145 1822 et
160 1791 303 1832 magistri
322 1791 430 1822 David
449 1791 581 1828 Guthre‚
597 1791 795 1828 thesaurarii,
818 1789 1002 1821 literatoriis
1026 1790 1162 1821 ostensis

113 1851 207 1882 super
222 1843 417 1882 computum,
433 1841 492 1871 sub
515 1840 656 1882 periculo
680 1839 905 1881 computantis,
922 1838 987 1879 xvij
1012 1838 1044 1869 si.
1066 1838 1111 1879 xij
1129 1843 1162 1875 s„

113 1900 178 1932 qua
203 1890 332 1922 scedula
355 1893 499 1921 remanet
522 1900 596 1922 cum
623 1890 709 1921 dicto
736 1889 938 1921 thesaurario.
984 1889 1027 1920 Et
1049 1888 1162 1926 eidem,

114 1950 170 1980 per
191 1939 387 1971 solucionem
409 1940 528 1970 factam
552 1939 681 1970 domino
705 1939 847 1970 Henrico
870 1938 1045 1979 Kingorne‚
1072 1948 1161 1969 sene-

115 1988 211 2020 scallo
227 1989 354 2020 domine
369 1989 478 2030 regine
496 1989 578 2020 bone
594 1988 755 2025 memorie,
771 1988 811 2019 ad
834 1997 989 2028 expensas
1006 1986 1160 2018 domicilii

115 2037 242 2069 domine
257 2038 373 2079 regine,
385 2041 418 2069 et
429 2041 501 2079 post
517 2039 586 2079 ejus
602 2038 727 2069 obitum
743 2037 783 2068 ad
801 2036 951 2077 exequias
961 2039 993 2067 et
1006 2035 1162 2067 funeralia
1176 2035 1365 2088 ξῖῗὲζῗὲιὲῑξῑῖἰῑξῃ

116 2087 266 2127 ejusdem,
292 2087 361 2128 ipso
385 2098 442 2128 per
466 2098 539 2119 suas
563 2087 672 2119 literas
703 2090 841 2118 testante
872 2088 1036 2127 receptum
1066 2096 1162 2127 super
1174 2101 1255 2123 gorne.

116 2140 310 2178 computum,
325 2135 436 2181 j⁰leu
463 2147 506 2170 xv
533 2141 556 2170 ἔ.
585 2137 640 2178 viij
665 2136 704 2175 d„
726 2147 783 2178 pro
807 2136 923 2178 quibus
949 2136 1159 2178 respondebit.
