1551 2462
109 279 200 310 1468.
417 276 579 308 REGUM
604 276 850 309 SCOTORUM.
1093 281 1150 310 521

149 369 241 401 Idem
257 371 367 401 onerata
389 379 423 400 se
445 369 480 400 in
502 368 615 410 primis
638 369 677 400 (18
700 368 758 399 lxx
773 369 804 399 fi.
822 379 878 410 per
893 369 1032 410 integras
1048 370 1155 401 firmas

107 419 236 451 baronie
252 418 291 450 de
301 418 528 450 Bothkennare
544 429 566 449 x
582 418 696 450 celdris
709 418 753 459 xij
771 418 866 450 bollis
877 419 978 450 farine
992 421 1155 451 avenatice

107 468 146 500 de
169 467 254 499 dicta
275 467 406 499 baronia
430 467 469 499 (18
496 467 620 498 duobus
645 467 788 499 terminis
805 467 901 508 hujus
918 468 1068 509 computi.
1114 469 1157 500 Ε(

107 517 208 549 nichil
222 517 275 548 hic
290 517 329 548 de
345 517 507 548 frumenbo
523 516 607 548 dicte
620 516 757 554 baronie,
767 518 843 558 quia
855 517 1000 549 canonici
1012 518 1051 549 de
1064 518 1156 549 Cam-

45 571 51 574 ’
106 566 304 599 buskinneth
326 567 508 608 percipiunt
528 566 569 597 ad
591 576 706 597 manus
729 567 882 608 proprias,
898 570 930 598 8(
953 567 1094 598 nescitur
1117 568 1157 598 ad

106 617 190 659 quod
213 620 348 658 tempus,
369 616 445 658 quia
465 626 563 658 grana
583 616 662 647 dieti
683 616 908 647 camerariatus
930 626 994 647 non
1014 617 1157 657 impone-

105 667 222 699 bantur
236 666 270 697 in
286 666 399 697 rotulis
418 668 640 706 computorum
657 668 732 697 ante
747 665 900 696 ultimum
916 676 1046 703 annum,
1062 676 1157 706 super

104 726 197 758 super
212 726 274 757 quo
290 714 502 746 consulendus
519 717 567 746 85(
589 725 653 746 rex
699 714 745 746 Ε(
760 715 799 747 (18
816 715 929 755 xxxiiij
948 715 980 746 fi.
997 715 1041 756 vij
1059 720 1082 747 s.
1099 726 1155 756 per

102 766 242 807 integras
258 765 365 796 firmas
380 764 539 795 AuJarum
555 764 595 795 de
610 764 691 795 Erth
702 764 740 796 de
757 764 850 796 dicbis
863 764 987 796 duobus
999 765 1153 796 terminis.

104 815 146 846 Ε(
161 814 200 846 (18
215 815 268 855 xxj
285 813 317 845 fi.
334 814 377 854 vij
392 818 414 845 ἔ.
431 814 462 854 vj
480 813 509 844 d.
523 814 535 854 j
549 813 656 844 celdra
666 813 722 854 xiij
733 814 828 845 bollis
841 814 938 845 brasii
949 825 1006 855 per
1015 815 1155 856 integwas

103 864 209 895 firmas
225 863 353 895 baronie
369 863 408 894 (18
425 863 551 894 Skeoch
566 873 640 894 cum
655 863 848 894 molendinis
864 874 1036 905 granorum
1048 867 1080 895 8(
1093 864 1155 895 ful-

103 912 185 944 lonis
201 915 233 944 8(
248 912 494 954 Ingramysland
511 912 549 943 de
565 912 686 943 eisdem
709 913 863 944 terminis.
910 913 952 944 Ε(
968 913 1006 944 (18
1022 913 1044 954 1]
1063 913 1156 944 bollis

104 963 199 995 brasii
222 963 300 994 dicti
320 961 498 994 molendini
520 962 653 993 fullonis
676 962 716 993 de
739 962 863 993 duobus
887 963 979 994 annis
996 966 1071 994 ante
1096 963 1156 994 hoc

1170 696 1336 719 Consulendus

1169 728 1205 748 est
1216 733 1264 749 rex.

12 1018 17 1020 “
44 1050 47 1051 ⁷
104 1015 298 1053 computum,
313 1022 386 1043 cum
398 1012 514 1053 quibus
538 1014 726 1052 computans
750 1012 858 1043 omisit
880 1022 1010 1044 onerare
1026 1023 1067 1044 se.
1113 1013 1156 1043 Ε(

103 1061 142 1093 (18
157 1061 212 1103 viij
225 1061 257 1093 fi.
271 1061 309 1093 (18
324 1061 424 1092 firmis
440 1064 597 1093 terrarum
613 1061 651 1092 de
668 1061 818 1102 Roploch.
865 1062 908 1092 Ε(
923 1062 961 1093 (18
978 1073 1022 1093 xx
1038 1066 1060 1093 ἔ.
1072 1065 1155 1093 terre

105 1111 144 1144 de
156 1111 309 1152 Blaregib.
355 1111 399 1142 Ε(
421 1111 460 1142 (18
482 1112 514 1152 vj
539 1111 571 1141 fi.
590 1110 645 1151 xiij
671 1115 693 1142 Ξ.
717 1111 764 1152 111]
782 1111 810 1142 d.
835 1114 918 1142 (8118
945 1111 984 1142 (18
1001 1112 1154 1153 Aldpark.

103 1161 146 1192 Ε(
160 1161 199 1193 (18
213 1161 260 1202 111]
276 1161 308 1192 fi.
324 1164 408 1192 terre
431 1161 470 1192 de
487 1160 723 1201 Quenyshalch.
769 1161 811 1191 Ε(
835 1160 874 1192 (18
891 1161 946 1201 xiij
960 1161 991 1192 fi.
1009 1161 1040 1202 vj
1059 1165 1081 1193 s.
1100 1162 1155 1202 viij

51 1209 53 1211 ’
73 1222 77 1223 ’
103 1210 133 1242 d.
149 1211 247 1242 annui
262 1210 405 1242 redditus
421 1213 580 1241 terrarum
604 1209 643 1240 de
660 1210 814 1251 Cragornh
836 1210 875 1241 de
892 1210 985 1242 dictis
1000 1211 1155 1242 terminis.

103 1260 146 1299 Ε(
160 1259 199 1292 (18
222 1260 289 1291 xri.
313 1260 335 1301 ij
360 1259 475 1291 oeldris
499 1259 653 1290 frumenti
668 1259 689 1300 ij
715 1259 830 1290 celdris
853 1260 940 1290 ordei
956 1263 988 1291 8(
1003 1260 1024 1300 1]
1042 1260 1156 1292 celdris

104 1319 276 1341 avenarum
290 1320 346 1350 per
361 1310 500 1350 integras
517 1308 625 1339 firmas
648 1311 680 1339 8(
695 1319 794 1349 grana
815 1312 973 1340 terrarum
989 1309 1028 1341 (18
1045 1310 1156 1341 Inver-

104 1359 202 1392 alone.
246 1360 289 1390 Ε(
304 1360 343 1391 (18
360 1370 381 1390 x
395 1359 427 1390 11.
444 1362 528 1390 terre
543 1359 583 1389 de
599 1358 784 1399 Fossoquhi.
830 1359 872 1389 Ε(
888 1359 927 1390 (18
943 1369 965 1389 x
976 1359 1007 1390 11.
1021 1363 1104 1390 terre
1117 1360 1156 1390 de

2 1558 53 1594 ᾗ
106 1561 194 1600 patet
209 1558 243 1589 in
258 1557 374 1589 rentali
391 1557 467 1588 anni
490 1556 748 1597 quinquagesimi
771 1557 863 1594 sexti,
879 1567 974 1598 super
996 1568 1060 1598 quo
1083 1568 1156 1588 con-

105 1409 264 1451 Lupnoch.
309 1409 352 1440 Ε(
375 1409 414 1440 (18
436 1419 458 1439 x
480 1408 512 1439 fi.
536 1411 619 1439 terre
641 1408 681 1439 de
703 1408 909 1440 Lessintrule.
954 1409 997 1439 Ε(
1012 1409 1052 1440 (18
1067 1409 1114 1450 111]
1132 1414 1156 1441 ἓ.

103 1458 151 1499 111]
168 1458 197 1490 d.
213 1459 235 1500 ij
253 1458 368 1490 celdris
384 1457 482 1489 brasii
498 1456 575 1488 ville
599 1457 637 1488 (18
654 1457 739 1498 Logy
758 1457 797 1488 de
813 1458 907 1489 dictis
923 1459 1077 1495 terminis,
1093 1469 1156 1500 que

105 1511 213 1540 tamen
228 1508 395 1540 consuevit]
410 1507 549 1539 assedari
565 1517 621 1548 pro
645 1507 788 1548 quinque
811 1507 925 1538 celdris
942 1508 1046 1545 brasii,
1062 1512 1157 1549 prout

107 1607 257 1639 sulendus
273 1610 322 1638 est
336 1617 401 1638 rex.
446 1607 489 1637 Ε(
512 1606 551 1637 (18
574 1606 620 1646 111]
637 1606 668 1636 fi.
690 1606 703 1647 j
724 1606 830 1637 celdra
854 1606 1008 1638 frumenti
1020 1607 1033 1647 j
1051 1607 1157 1638 celdra
1170 1587 1272 1640 3111311118
1274 1587 1336 1609 ndns

106 1656 202 1688 brasii
221 1657 259 1688 de
280 1656 374 1687 Blare
397 1656 436 1687 de
459 1656 546 1697 Logy
570 1655 609 1686 de
633 1656 726 1687 dictis
749 1656 902 1687 terminis.
948 1657 991 1687 Ε(
1014 1657 1052 1688 (18
1068 1658 1100 1698 vj
1124 1657 1156 1689 ri.

104 1706 118 1747 j
141 1705 249 1738 celdra'
275 1705 430 1737 frumenti
456 1705 469 1746 j
501 1705 609 1737 celdra
638 1705 726 1736 ordei
760 1708 843 1737 terre
874 1706 913 1736 de
944 1705 1054 1738 Pullis.
1115 1707 1158 1738 Ε(

107 1755 146 1787 (18
175 1755 220 1796 xlj
246 1755 278 1786 11⁵„
303 1755 359 1796 1111]
387 1759 410 1786 ἔ.
439 1754 494 1795 viij
521 1754 550 1785 d.
574 1755 606 1795 xj
639 1753 753 1785 celdris
776 1755 832 1795 viij
858 1754 951 1786 bollis
978 1755 1075 1786 brasii
1100 1765 1158 1796 per

106 1803 243 1846 integras
258 1804 365 1836 firmas
381 1804 510 1836 baronie
526 1803 565 1835 de
581 1803 757 1835 Tulicultre
773 1804 812 1835 de
825 1804 919 1835 dicbis
929 1805 1081 1836 terminis.
1115 1805 1157 1836 Ε(

106 1852 146 1885 (18
159 1863 182 1885 v
195 1853 227 1885 fi.
244 1857 400 1885 terrarum
416 1853 455 1884 (18
471 1853 742 1884 Lethbertschelis
758 1857 790 1884 8(
806 1853 997 1884 Standleche
1014 1854 1052 1884 de
1063 1854 1157 1885 dictis

106 1902 259 1935 terminis.
302 1903 345 1934 Ε(
361 1903 400 1934 (18
415 1903 448 1943 vj
466 1902 497 1933 fi.
515 1902 572 1943 xiij
590 1907 612 1933 Ξ.
630 1902 677 1942 111]
702 1902 731 1933 d.
748 1906 832 1933 terre
848 1902 886 1933 (18
902 1902 1102 1944 Litilsauchy
1117 1904 1156 1935 (18

107 1952 226 1984 eisdem
240 1952 392 1984 terminis.
439 1952 482 1983 Et
508 1952 547 1983 de
573 1952 650 1993 xxvj
678 1955 700 1983 s.
727 1952 782 1992 viij
807 1951 835 1983 d.
853 1955 935 1983 terre
951 1952 990 1982 de
1006 1952 1156 1990 Torhede,

107 2001 161 2033 sed
181 2002 291 2034 valent
317 2001 529 2043 quadraginta
553 2001 670 2032 solidos
695 2001 729 2031 in
751 2011 843 2032 anuo.
888 2000 931 2031 Ε(
951 2000 990 2031 (18
1005 2011 1027 2031 v
1043 2001 1157 2032 celdris

42 2053 47 2055 Α
107 2050 260 2082 frumenti
274 2061 296 2082 v
311 2050 425 2082 celdris
442 2050 540 2081 brasii
555 2050 577 2090 ij
595 2049 710 2081 celdris
734 2059 908 2080 avenarum
924 2049 962 2080 de
978 2050 1078 2080 firmis
1095 2054 1157 2081 (81-

108 2109 214 2131 rarum
240 2100 279 2132 de
305 2100 498 2137 Commune,
524 2109 587 2140 que
618 2098 807 2130 assedantur
830 2098 870 2129 ad
899 2108 996 2139 grana
1021 2102 1155 2130 tantum.

109 2147 239 2181 Summa
253 2149 349 2190 hujus
376 2150 480 2181 oneris
504 2149 648 2190 pecunie,
674 2147 779 2190 ij⁰lxvj
804 2148 832 2180 d.
850 2148 928 2188 xviij
949 2148 978 2179 d.
1025 2148 1158 2180 Summa

109 2198 216 2230 totalis
231 2199 385 2231 frumenti
400 2199 497 2239 hujus
513 2199 598 2236 anni,
615 2209 688 2230 cum
703 2198 806 2229 tribus
829 2198 943 2230 celdris
966 2200 999 2229 8(
1015 2199 1157 2239 quinque
