1551 2462
0 103 2 108 ,
0 84 3 90 .
0 0 22 70 “W-‚⁸3

102 268 192 298 1461.
410 265 573 296 REGUM
598 265 845 297 SCOTORUM.
1112 268 1150 298 75

99 358 220 394 rotulis,
236 357 274 388 (18
295 357 419 388 duobus
446 357 592 390 terminis
620 358 847 389 Penthecostes
872 358 956 389 infra
984 358 1043 390 hoc
1068 369 1152 390 com-

100 413 211 450 potum
227 410 259 439 et
274 409 333 438 sub
349 408 490 448 periculo
503 409 726 450 compotantis,
750 409 792 450 vij
809 409 840 440 n.
858 420 878 439 x
896 413 920 441 fi.
966 409 1008 440 Et
1024 409 1152 440 domino

100 458 246 499 episcopo
257 457 490 495 Dunkeldensi,
499 458 689 499 percipienti
703 459 870 490 annuatim
883 462 1021 500 quatuor
1032 468 1153 489 marcas

101 508 200 539 annui
215 507 358 538 redditus
382 512 463 539 terre
488 508 528 539 de
545 509 703 547 Urchard,
719 509 758 540 de
775 509 871 540 dictis
886 509 989 540 tribus
1008 509 1163 546 terminis?

102 559 161 589 sub
188 558 299 589 eodem
323 558 473 599 periculo,
499 559 546 599 iiij
579 558 612 590 11.
657 559 700 590 Et
731 559 916 590 Alexandro
946 559 1088 600 Ramsay
1114 559 1154 589 de

103 607 285 644 Brekmont,
301 608 491 649 percipienti
513 619 611 640 unam
637 619 777 640 marcam
803 609 902 640 annui
927 609 1069 640 redditus
1096 618 1153 649 pro

103 657 283 698 aqueductu
295 658 335 688 ad
346 658 577 696 molendinum,
594 659 631 690 tle
645 659 874 696 Thomastoun‚
887 659 925 690 de
942 659 1035 690 dictis
1051 659 1155 690 tribus

103 708 256 745 terminis,
283 718 327 738 xx
353 712 377 739 ἔ.
421 708 465 739 Et
488 708 620 740 domino
647 709 686 740 de
711 709 935 750 Monquhany,
967 709 1154 750 percipienti

3 768 5 770 ·
51 798 57 801 ἦ
104 758 269 789 annuatim
285 763 355 789 octo
371 768 494 790 marca-s
510 758 610 789 annui
625 758 770 789 redditus
786 762 868 790 terre
884 758 923 790 de
939 759 1025 789 Estir
1040 759 1066 790 F
1068 768 1155 798 erny,

103 808 142 839 de
172 808 291 839 eisdem
313 809 460 839 terminis
486 812 518 840 et
546 809 606 839 sub
633 808 744 839 eodem
769 808 921 849 periculo,
948 809 1004 849 viij
1036 808 1069 840 11.
1113 808 1157 838 Et

104 857 238 899 Georgio
254 857 476 899 Bannachtyn,
487 868 545 899 pro
557 858 759 898 reparacioue
776 861 808 889 et
818 858 1053 890 sustentaeioue
1069 857 1157 899 parci

104 908 142 939 de
155 908 180 938 F
182 907 325 944 aucland,
339 907 377 938 de
387 907 507 939 eisdem
518 907 663 940 terminis
677 911 708 938 et
718 908 778 939 sub
791 907 901 938 eodem
912 907 1062 948 periculo,
1072 907 1106 948 iij
1123 907 1156 938 n.

105 958 147 988 Et
175 957 318 988 Johanni
344 957 383 988 (18
410 956 552 994 Balfour,
575 956 700 988 custodi
721 958 817 988 castri
841 957 879 988 de
904 956 1077 994 Faucland,
1099 967 1157 997 pro

105 1007 196 1038 feodo
233 1016 292 1038 suo
322 1006 361 1037 de
395 1006 490 1037 dictis
525 1006 682 1043 terminis,
716 1006 805 1047 xxvij
818 1006 851 1037 fi.
911 1006 955 1037 Et
989 1006 1157 1037 Willelmo

105 1056 256 1093 Dravare,
270 1066 328 1096 pro
344 1056 466 1087 factura
482 1055 582 1087 brasii
597 1056 631 1086 in
652 1056 816 1087 Fauclaud
837 1056 877 1088 de
899 1056 1025 1087 duobus
1043 1056 1157 1097 primis

106 1106 251 1137 terminis
273 1105 370 1146 hujus
391 1106 539 1146 compoti,
562 1105 597 1146 iij
613 1105 645 1137 n.
674 1106 706 1146 vj
725 1110 748 1137 ἓ.
774 1106 830 1146 viij
848 1106 877 1137 d.
923 1106 966 1137 Et
993 1106 1158 1147 capellano

107 1157 281 1189 celebranti
291 1157 332 1188 ad
347 1156 447 1188 altare
460 1157 569 1188 Sancti
581 1157 750 1188 Laurencii
761 1156 795 1188 in
811 1157 944 1188 ecclesia
956 1157 995 1189 de
1006 1157 1159 1197 Cossessy,

108 1220 147 1241 ex
186 1208 377 1240 fundacione
416 1212 652 1240 antecessorum
693 1208 816 1240 domini
853 1209 945 1250 regis,
970 1209 1159 1250 percipienti

58 1297 62 1301 ι
108 1258 275 1289 annuatim
299 1256 338 1288 de
369 1257 468 1288 firmis
495 1260 579 1288 terre
604 1257 643 1289 de
670 1257 813 1289 Kiuloch
839 1258 949 1290 decem
973 1269 1103 1295 marcas,
1119 1258 1159 1289 de

108 1308 202 1339 dictis
231 1307 334 1339 tribus
364 1306 510 1338 terminis
540 1310 573 1338 et
603 1307 663 1338 sub
693 1307 804 1338 eodem
827 1307 977 1348 periculo,
1001 1319 1021 1338 x
1038 1307 1072 1339 fi.
1117 1308 1160 1338 Et

108 1357 251 1388 ortolano
263 1356 302 1388 de
314 1355 477 1388 Faucland
492 1366 549 1396 pro
561 1355 653 1387 feodo
666 1366 731 1394 suo,
741 1356 781 1387 de
793 1356 887 1388 dictis
899 1357 1001 1388 tribus
1014 1357 1161 1388 terminis

109 1467 206 1498 prope
230 1466 388 1488 cameram
411 1455 539 1486 domine
561 1455 670 1496 regine
689 1455 723 1486 in
750 1455 924 1493 Faucland,
939 1456 979 1487 de
1009 1455 1161 1487 mandato

109 1505 260 1546 ejusdem,
275 1505 333 1545 xlij
351 1509 374 1535 ἓ.
419 1504 462 1535 Et
482 1514 539 1544 pro
560 1504 709 1545 expensis
732 1504 826 1535 factis
848 1515 905 1545 per
925 1508 1160 1546 compotantem

110 1555 145 1585 in
167 1554 368 1595 reparacione
389 1563 512 1585 camere
534 1553 662 1584 noviter
679 1557 862 1585 constructe
882 1554 918 1584 in
938 1554 1104 1585 Faucland
1126 1554 1161 1584 in

111 1603 197 1641 ceris,
213 1603 354 1635 fenistris
370 1603 488 1639 vitreis,
505 1603 633 1640 tabulis,
649 1603 818 1644 stipendiis
833 1604 1105 1644 carpentariorum
1121 1603 1162 1634 ad

111 1653 294 1684 siccandum
307 1652 505 1696 [secandum]
522 1652 649 1684 tabulas
664 1656 697 1684 et
712 1653 808 1694 ligna,
821 1653 931 1684 ferreis
947 1653 1054 1691 clavis,
1067 1653 1162 1690 calce,

112 1702 230 1740 sabulo,
240 1705 271 1733 et
282 1702 404 1734 factura
413 1702 509 1733 unius
520 1701 693 1739 armoriole,
705 1712 829 1733 necnon
839 1702 1007 1742 stipendiis
1017 1702 1163 1733 Lesouris

112 1751 302 1793 carpentarii
328 1752 489 1792 octoginta
508 1751 620 1782 diebus
640 1751 814 1782 laborantis
838 1761 911 1783 cum
936 1752 1069 1783 diversis
1090 1751 1163 1783 81118

114 1811 220 1833 secum
239 1801 458 1833 laborantibus
485 1801 569 1832 circa
596 1800 716 1832 dietam
743 1811 911 1839 cameram,
938 1805 974 1832 ut
997 1804 1086 1842 patet
1108 1812 1165 1842 per

113 1850 258 1882 cedulam
299 1850 511 1891 compotantis
551 1850 786 1890 particulariter
819 1851 1036 1882 examinatam
1069 1861 1165 1892 super

113 1904 303 1941 compotum,
324 1900 355 1941 vj
373 1899 404 1930 11.
422 1900 477 1940 xiij
496 1904 518 1931 ἓ.
542 1899 563 1940 ij
581 1899 610 1930 d.
656 1899 699 1930 Et
714 1910 771 1940 pro
787 1899 951 1931 dolacione
974 1903 1006 1931 et
1029 1900 1165 1940 cariagio

115 1949 274 1990 lignorum
296 1952 328 1980 et
353 1949 503 1980 focaliuin
529 1949 564 1979 in
587 1958 711 1980 camera
734 1949 862 1980 domine
885 1949 1001 1990 regine,
1017 1953 1054 1980 ut
1076 1952 1166 1990 patet

115 1999 150 2030 in
174 1999 259 2031 dicta
287 1999 408 2035 cedula,
436 2009 457 2029 v
474 2002 497 2030 Ξ.
557 1998 600 2028 Et
624 1998 737 2036 eidem,
752 2009 810 2039 pro
837 1999 1063 2030 emendacione
1088 1998 1165 2030 tecti

115 2048 212 2079 turris
227 2048 266 2079 de
282 2048 446 2079 Faucland
462 2051 494 2079 et
510 2047 645 2079 aliarum
662 2048 837 2085 domorum,
848 2052 879 2078 et
891 2058 947 2088 pro
963 2047 1166 2088 reparacione

115 2096 312 2128 diversarum
339 2097 474 2128 aliarum
500 2107 697 2128 camerarum
728 2097 762 2128 in
783 2097 934 2134 Faclaud,
956 2101 993 2128 ut
1017 2100 1106 2138 patet
1131 2097 1166 2128 in

116 2146 196 2178 libro
216 2147 428 2187 compotantis
451 2146 687 2187 particulariter
711 2147 893 2178 examinato
920 2150 957 2177 ut
984 2157 1087 2187 supra,
1113 2146 1164 2178 lg.

115 2196 158 2227 Et
174 2206 230 2237 per
245 2196 439 2228 solucionem
453 2196 571 2228 factam
587 2197 738 2237 magistro
755 2196 921 2228 Willelmo
938 2196 1040 2234 Blare,
1061 2206 1166 2228 senes-
