1551 2462
351 307 411 336 386
666 305 830 336 ROTULI
855 304 1090 337 SCACCARII
1315 307 1405 337 1466.

350 399 404 440 xvj
422 398 454 429 fi.
471 398 502 439 vj
521 403 542 430 s.
562 398 618 439 viij
635 398 665 430 d.
682 398 720 430 de
737 399 838 430 firmis
854 399 950 430 tercie
973 399 1074 440 partis
1098 401 1179 434 terre
1203 398 1243 430 de
1267 399 1406 430 Glende-

349 459 476 480 rowane
492 449 531 479 de
548 448 643 480 dictis
659 449 784 480 duobus
800 449 956 486 terminis,
973 459 1035 489 que
1057 451 1133 480 suut
1157 449 1196 480 de
1212 450 1406 490 proprietate

350 498 472 529 domini
510 498 600 539 regis.
647 498 690 529 Et
729 498 768 529 de
807 499 888 539 xliiij
927 499 1039 529 martis
1078 499 1173 530 dictis
1211 499 1408 530 malemartis

349 548 485 579 aliarum
515 547 650 578 duarum
682 548 827 588 parcium
862 548 1068 589 proprietatis
1100 548 1223 579 domini
1253 549 1335 590 regis
1366 549 1405 592 de

349 598 602 629 Glenderowane
633 598 672 629 de
711 598 822 629 eodem
853 609 946 630 anno.
993 599 1126 629 Summa
1163 598 1261 640 hujus
1292 599 1406 637 oneris,

348 648 426 688 xxxj
445 647 476 678 Ti.
494 647 525 688 vj
543 652 566 678 ἔ.
584 648 639 687 viij
658 647 686 678 d.
705 647 786 688 xliiij
805 651 913 679 marte.

393 697 485 728 Idem
501 701 612 728 onerat
627 708 660 729 se
677 698 716 729 de
732 698 765 738 iij
783 698 815 730 fi.
832 699 863 739 vj
882 702 905 729 s.
931 698 986 739 viij
1006 697 1034 729 d.
1060 698 1098 729 de
1125 698 1226 729 firmis
1249 701 1407 729 terrarum

348 747 388 779 de
404 747 562 778 Kirkbirn
578 748 616 779 de
633 747 728 779 dictis
745 748 869 779 duobus
893 748 1047 784 terminis,
1064 748 1284 788 spectaucium
1307 747 1406 782 Alexf

349 798 448 828 andro
481 797 651 838 Lindesay,
674 802 707 829 et
733 798 974 829 remanencium
1012 798 1046 829 in
1078 798 1227 829 manibus
1258 798 1342 839 regis
1372 798 1407 829 in

348 847 476 878 defectu
492 847 571 878 dicti
587 847 767 878 Alexandri
783 847 922 878 nolentis
939 847 1052 888 capere
1065 848 1216 878 saisinam
1234 847 1273 879 de
1286 847 1407 879 eisdem

348 901 380 928 et
405 897 527 927 solvere
552 907 712 928 summam
739 897 778 928 de
803 897 909 928 warda
936 897 1080 938 ejusdem
1103 897 1253 929 debitam.
1300 898 1343 928 Et
1366 897 1405 928 de

348 947 425 987 xxvj
444 951 466 977 s.
495 946 551 987 viij
570 946 598 978 d.
622 947 660 977 de
680 947 779 978 firmis
803 950 961 978 terrarum
983 947 1021 978 de
1043 947 1217 978 Ksslenane
1239 947 1274 977 in
1297 947 1405 978 warda

348 996 559 1027 existencium
577 996 616 1027 de
632 1006 716 1026 anno
732 997 885 1037 computi,
902 996 1033 1037 dempta
1045 997 1144 1027 tercia
1156 997 1264 1028 debita
1277 996 1406 1028 domine

349 1046 530 1084 earundem,
553 1056 609 1087 per
637 1045 761 1077 obitum
793 1046 956 1086 quondam
988 1045 1168 1077 Alexandri
1197 1046 1325 1078 baronis
1362 1047 1402 1078 de

348 1096 530 1127 Killenane.
577 1095 710 1127 Summa
751 1095 849 1136 hujus
888 1095 999 1132 oneris,
1031 1095 1078 1136 iiij
1100 1095 1132 1126 fi.
1164 1096 1221 1137 xiij
1244 1100 1266 1127 s.
1301 1095 1347 1136 iiij
1377 1096 1405 1127 d.

349 1145 482 1177 Summa
497 1145 607 1176 totalis
623 1145 820 1176 oneraeionis
836 1148 942 1186 preter
966 1146 1131 1186 arreragia,
1155 1146 1255 1186 xxxvj
1272 1145 1304 1177 ti.
1322 1145 1403 1186 xliiij

347 1199 457 1227 marte.
504 1195 636 1226 Summa
651 1195 760 1226 tot-alis
774 1195 971 1226 oneracionis
983 1205 1056 1226 cum
1068 1195 1242 1236 arreragiis,
1254 1195 1358 1236 ij⁶xvij
1372 1195 1404 1226 Ῐί.

348 1246 379 1286 vj
397 1250 421 1276 s.
437 1245 470 1286 xj
488 1244 516 1275 d.
534 1245 581 1276 ob.
598 1244 681 1286 xliiij
699 1248 808 1276 marte.

391 1295 540 1335 Expense
565 1294 715 1335 ejusdem.
764 1294 805 1325 In
826 1293 946 1334 primis,
974 1292 1110 1324 allocate
1139 1294 1342 1334 computanti
1365 1294 1405 1325 de

347 1345 447 1375 firmis
461 1344 556 1375 tercie
569 1344 669 1385 partis
682 1348 839 1375 terrarum
850 1343 888 1375 de
899 1343 1152 1374 Grlenderowane
1165 1343 1244 1375 alias
1257 1354 1404 1376 concesse

347 1405 404 1435 per
442 1394 609 1425 dominum
640 1404 747 1435 regem
777 1394 829 1434 pie
867 1393 1019 1424 memorie
1051 1393 1215 1434 quondam
1245 1394 1404 1425 Duncauo

349 1444 494 1475 Cambell
511 1447 543 1475 et
559 1444 730 1475 heredibus
748 1444 822 1479 suis,
838 1447 875 1474 ut
898 1443 1011 1474 asserit
1035 1446 1233 1484 computans,
1257 1444 1297 1475 de
1319 1455 1404 1475 anno

349 1494 501 1534 computi,
517 1493 573 1534 xiij
591 1493 624 1525 ri.
639 1494 671 1534 vj
690 1497 712 1524 s.
729 1493 785 1533 viij
818 1493 847 1524 d.
893 1492 936 1523 Et
958 1492 1071 1530 eidem,
1097 1503 1154 1533 pro
1177 1493 1276 1524 tercia
1296 1493 1406 1525 debita

349 1554 463 1584 sponse
494 1543 659 1583 quondam
691 1542 843 1573 Duncani
872 1542 1118 1573 Laumondsone
1148 1542 1187 1573 de
1218 1543 1309 1574 terris
1340 1544 1406 1575 suis

350 1604 422 1624 cum
434 1593 551 1634 quibus
562 1592 584 1623 J
586 1592 728 1623 ohannes
738 1592 990 1629 Laumondsone,
1001 1595 1079 1622 tunc
1091 1591 1229 1623 ballivus
1240 1593 1279 1623 de
1289 1593 1406 1630 Cowal,

349 1643 540 1673 onerabatur
555 1642 590 1672 in
606 1644 756 1682 computo
772 1641 848 1672 anni
870 1641 1128 1681 quinquagesimi
1152 1641 1237 1679 noni,
1260 1652 1349 1673 xxxv
1372 1642 1405 1674 fi.

350 1692 404 1732 xvj
429 1696 451 1723 s.
470 1691 515 1732 iiij
541 1691 570 1722 d.
616 1691 659 1722 Et
675 1690 787 1727 eidem,
803 1690 842 1721 de
865 1690 963 1721 tercia
979 1690 1086 1721 debita
1103 1690 1231 1722 domine
1247 1694 1405 1723 terrarum

350 1742 389 1773 de
407 1741 559 1782 Oragbirn
577 1744 609 1772 et
626 1740 824 1772 Stanehouse
841 1750 914 1771 cum
924 1740 1040 1781 quibus
1057 1744 1246 1781 computans
1257 1742 1403 1782 superius

350 1795 510 1828 oneratur,
522 1791 582 1821 hoc
596 1800 678 1821 anno
695 1793 728 1820 et
740 1800 823 1820 anno
833 1789 1023 1830 precedente
1036 1789 1094 1820 hoc
1105 1793 1301 1831 computum,
1313 1791 1357 1832 vij
1371 1791 1404 1822 Π.

349 1853 393 1873 xv
409 1846 431 1874 s.
449 1842 480 1882 vj
499 1841 527 1873 d.
545 1841 592 1873 οῒ).
638 1841 681 1871 Et
697 1840 809 1877 eidem,
825 1840 864 1871 de
887 1840 987 1871 firmis
1009 1843 1166 1871 terrarum
1187 1840 1225 1872 de
1242 1841 1404 1873 Dunnone

350 1891 519 1932 assignatis
536 1890 737 1931 computanti
752 1900 808 1931 pro
832 1889 976 1921 custodia
999 1890 1096 1921 castri
1119 1890 1270 1930 ejusdem,
1287 1891 1326 1922 de
1342 1895 1403 1922 ter-

350 1941 446 1972 minis
463 1941 606 1981 computi
622 1943 654 1971 et
670 1940 813 1980 quinque
829 1939 922 1970 annis
938 1939 1182 1981 precedentibus
1198 1940 1257 1971 hoc
1273 1951 1402 1982 compu-

349 1995 420 2022 tum
436 2001 510 2022 cum
526 1990 642 2031 quibus
666 1993 855 2030 computans
879 1993 1037 2026 oneratur,
1059 1993 1096 2020 ut
1118 1993 1208 2030 patet
1223 2000 1280 2031 per
1294 1990 1403 2022 literas

353 2040 473 2072 domini
489 2040 572 2081 regis
589 2040 648 2071 sub
664 2039 788 2080 signeto
804 2039 843 2069 de
866 2038 1017 2069 mandato
1041 2042 1183 2070 ostensas
1206 2050 1302 2080 super
1317 2050 1402 2071 com-

351 2093 476 2131 putum,
489 2088 573 2130 j⁰viij
590 2089 623 2120 fi.
668 2089 711 2120 Et
727 2088 838 2126 eidem,
855 2089 894 2119 de
910 2088 1010 2119 firmis
1023 2088 1180 2119 dictarum
1196 2092 1353 2120 terrarum
1364 2090 1403 2122 de

352 2141 515 2171 Dunnone
532 2139 689 2170 concessis
706 2139 853 2179 episcopo
876 2138 1069 2169 Lisniorensi
1092 2148 1149 2179 pro
1166 2139 1309 2170 custodia
1325 2139 1403 2171 dicti

352 2189 446 2220 castri
463 2189 615 2229 ejusdem,
632 2188 670 2219 de
686 2198 750 2219 uno
767 2198 851 2218 anno
868 2191 942 2218 ante
958 2188 1060 2218 dictos
1075 2197 1131 2218 sex
1147 2198 1256 2225 annos,
1272 2189 1350 2229 xviij
1369 2189 1400 2220 fi.

353 2239 396 2270 Et
409 2239 511 2270 eidem
528 2238 737 2279 computantL
749 2247 804 2278 pro
818 2237 932 2278 viginti
944 2237 1034 2268 libris
1050 2237 1111 2268 sibi
1123 2237 1239 2269 debitis
1252 2237 1290 2269 de
1303 2237 1411 2269 dimess
