1551 2462
131 261 221 290 1466.
440 257 602 289 REGUM
625 256 872 288 SCOTORUM.
1119 235 1180 288 409

129 351 163 392 iij
180 351 209 382 d.
226 353 383 382 certarum
394 350 566 381 croftarum
579 350 671 390 burgi
682 349 721 381 (18
738 349 948 390 Kildrummy
962 349 1181 380 assedatarum

130 400 170 431 ad
180 400 388 431 feodifirmam
399 399 561 440 quondam
571 399 698 430 domino
709 398 893 429 Alexandro
904 398 1006 439 Yong,
1014 398 1052 429 de
1063 398 1184 429 eisdem

73 451 76 453 ’
129 449 280 480 terminis.
327 449 370 479 Et
392 449 431 479 de
455 449 535 479 xxix
561 448 592 479 fi.
620 448 653 488 vj
678 452 700 478 s.
726 448 781 488 viij
799 447 827 478 d.
844 457 902 487 per
917 447 1058 488 integras
1075 448 1183 478 firmas

64 523 70 525 <
130 498 263 530 dominii
278 498 316 529 de
335 498 433 529 Coule
450 501 482 529 et
499 497 602 534 Oneil,
619 507 680 537 que
697 500 773 528 sunt
790 497 827 527 de
851 496 1045 537 proprietate
1062 496 1184 527 domini

129 547 219 588 regis,
235 547 274 578 de
296 547 419 578 duobus
436 547 580 578 terminis
596 546 692 587 hujus
709 546 860 586 computi.
906 546 948 576 Et
971 546 1010 577 de
1034 557 1055 576 x
1078 546 1109 577 fi.
1127 557 1184 587 per

131 596 269 637 integras
282 596 388 627 firmas
406 596 443 627 de
459 596 646 637 Abiryeldy.
692 596 735 626 Et
751 596 789 626 (18
805 595 840 626 xl
856 595 888 627 fi.
905 596 944 627 de
961 596 1068 626 firmas
1083 599 1183 627 terra-

131 656 202 677 rum
218 646 256 676 de
273 645 461 686 Abernethy
477 646 515 677 de
532 646 651 677 eisdem
675 645 821 676 terminis
845 649 877 676 et
893 645 1095 686 proprietate.
1141 646 1184 676 Et

131 695 169 726 de
185 705 206 725 x
221 695 253 725 fi.
266 695 305 725 de
328 695 427 726 firmis
451 698 607 726 terrarum
631 695 670 726 de
693 695 912 726 Kininmonth
936 698 968 726 et
991 695 1182 726 Bouchrum.

131 744 172 776 Et
187 744 225 775 de
242 744 297 775 xlv
313 745 345 776 112
362 755 418 785 per
432 745 572 786 integras
595 745 702 775 firmas
725 744 870 785 thanagii
893 744 931 775 de
955 744 1082 781 Kintor,
1099 745 1185 785 quod

130 797 178 826 est
202 794 240 825 de
265 794 459 835 proprietate
483 794 637 830 Moravie,
664 793 703 824 de
728 793 846 824 eisdem
869 794 1024 825 terminis.
1071 794 1113 825 Et
1145 794 1184 825 de

128 843 266 884 j⁰xxxvij
283 843 314 874 fi.
332 853 376 874 xv
392 847 414 874 ἒ.
425 853 482 884 per
497 843 637 883 integras
650 842 755 873 firmas
766 843 937 874 comitatus
949 843 987 874 de
1000 843 1184 874 Garviauch

130 903 186 934 per
207 893 291 924 idem
315 897 451 933 tempus.
497 893 539 923 Et
567 892 605 923 de
631 892 674 932 xij
700 892 936 924 columbaribus
961 893 1055 924 dictis
1079 893 1184 924 hund-

131 942 242 973 colaris
258 942 329 973 albe
345 943 434 973 firme
451 946 532 973 terre
548 942 586 972 de
605 941 754 972 Blakhall
779 941 856 972 dicti
880 942 1050 973 comitatus
1067 942 1107 973 ad.
1123 945 1185 973 ter-

132 992 257 1023 minum
273 992 501 1023 Penthecostes
518 991 614 1031 hujus
631 991 781 1031 computi.
827 991 870 1021 Et
885 991 923 1022 de
941 991 962 1032 ij
981 991 1062 1023 albis
1079 1002 1184 1023 meru-

131 1041 171 1072 lis
188 1041 258 1072 albe
280 1041 369 1072 firme
393 1045 475 1072 terre
499 1041 537 1071 de
556 1039 744 1081 Quhitcorse
761 1040 798 1071 (18
823 1040 932 1071 eodem
950 1041 1096 1072 termino.
1142 1041 1184 1071 Et

132 1090 171 1122 de
184 1089 270 1131 j⁰liiij
287 1090 316 1121 d.
334 1101 378 1121 xv
393 1094 415 1121 s.
433 1101 454 1120 v
470 1090 499 1121 d.
518 1100 573 1131 per
588 1090 727 1130 integras
740 1089 846 1120 firmas
858 1090 1028 1121 comitatus
1039 1090 1184 1121 Mor-avie

132 1140 217 1171 infra
234 1140 492 1171 vicecomitatum
515 1140 554 1171 de
578 1139 672 1180 Elgin
695 1144 800 1180 preter
822 1150 919 1180 grana
944 1140 982 1170 de
999 1150 1082 1170 anno
1099 1150 1184 1171 com-

131 1190 210 1230 puti.
257 1190 299 1220 Et
315 1189 353 1220 de
370 1189 404 1220 lx
419 1189 451 1220 fi.
468 1199 524 1230 per
546 1190 686 1230 integras
708 1189 814 1220 firmas
831 1189 967 1220 dominii
984 1189 1022 1220 de
1040 1190 1184 1231 Glenqu-

131 1239 235 1280 harny
264 1239 350 1269 infra
377 1239 499 1270 dictum
526 1239 785 1269 vicecomitatum
812 1238 852 1269 de
883 1238 979 1279 Elgin
1008 1239 1047 1269 (18
1073 1239 1184 1270 eodem

64 1305 74 1308 -
132 1299 222 1320 anno.
270 1289 312 1319 Et
327 1288 365 1319 de
379 1287 483 1329 j⁰xviij
502 1288 533 1319 fi.
551 1299 572 1319 x
595 1292 617 1319 s.
635 1298 691 1328 per
706 1288 845 1328 integras
862 1288 968 1319 firmas
992 1288 1071 1319 dicti
1087 1289 1185 1319 comi-

75 1365 78 1368 ,
132 1340 218 1369 tatus
235 1338 378 1369 Moravie
395 1338 478 1369 infra
501 1338 761 1369 vicecomitatum
785 1337 823 1368 de
846 1338 942 1368 Fores
967 1341 1072 1378 preter
1087 1348 1186 1379 grana

132 1387 171 1418 de
187 1387 297 1418 eodem
314 1398 405 1418 anno.
450 1388 493 1418 Et
517 1388 555 1418 de
578 1387 646 1428 lxxj
664 1387 696 1418 fi.
721 1387 774 1427 xvj
792 1391 815 1418 ἓ.
840 1387 895 1427 viij
914 1387 942 1417 d.
967 1398 1023 1428 per
1045 1388 1185 1428 integras

132 1437 239 1468 firmas
251 1437 381 1468 baronie
398 1437 436 1468 (18
447 1437 578 1468 Leffaris
591 1447 688 1477 prope
705 1437 859 1468 Invernes
870 1437 948 1467 dicti
963 1437 1142 1474 comitatus,
1153 1441 1185 1468 et

133 1487 262 1518 baronie
274 1486 313 1517 de
326 1486 522 1517 Bonuoch‘et
534 1486 820 1527 Bonnochquhare,
832 1486 871 1516 de
883 1486 994 1516 eodem
1006 1496 1097 1517 anno.
1143 1487 1186 1517 Et

132 1536 171 1568 de
185 1537 288 1567 lxxxv
303 1536 334 1567 Ε,
349 1537 379 1577 vj
398 1540 420 1568 s.
434 1536 488 1576 viij
507 1536 535 1567 d.
552 1546 609 1577 per
620 1536 760 1576 integras
776 1535 883 1566 firmas
900 1536 1027 1567 baronie
1047 1536 1084 1567 de
1103 1537 1186 1577 Pety

134 1590 165 1617 et
180 1586 319 1627 Brachly
335 1586 374 1617 de
398 1586 508 1617 eodem
525 1596 616 1616 anno.
663 1585 705 1616 Et
728 1584 837 1626 de‘liij
862 1585 893 1616 fi.
912 1586 943 1626 vj
969 1590 992 1616 Ξ.
1010 1586 1065 1627 viij
1084 1586 1112 1617 d.
1129 1596 1186 1626 per

133 1635 271 1676 integras
295 1635 401 1666 firmas
426 1634 560 1666 dominii
587 1634 626 1665 de
650 1634 836 1665 Stratherne
859 1645 915 1675 per
938 1635 1023 1665 idem
1047 1639 1183 1676 tempus.

133 1686 175 1717 Et
190 1686 228 1717 de
241 1684 359 1726 j⁰lxxix
381 1685 413 1717 fi.
437 1685 472 1715 ix
495 1689 516 1716 s
541 1695 597 1725 per
619 1685 759 1725 integras
783 1684 892 1714 firmas
914 1685 1118 1716 baroniarum
1146 1685 1185 1715 de

133 1735 246 1767 Avach
269 1739 301 1767 et
324 1735 493 1767 Eddirdull
517 1745 579 1776 que
607 1734 760 1765 dicuntur
784 1733 1016 1765 Ardmannoch
1044 1734 1082 1765 de
1099 1734 1185 1764 dicto

134 1794 225 1816 anno.
269 1785 312 1816 Et
338 1784 378 1816 (18
405 1795 449 1817 xx
476 1789 499 1815 s.
530 1785 629 1815 annui
656 1784 799 1815 redditus
824 1783 863 1814 de
887 1783 1076 1823 Tulyhekke
1099 1784 1185 1814 infra

135 1834 310 1865 dominium
341 1835 379 1866 de
405 1834 504 1865 Coule
529 1837 561 1865 et
589 1834 683 1865 Oneil
710 1833 749 1864 de
776 1833 886 1864 eodem
914 1843 1004 1864 anno.
1052 1833 1186 1864 Summa

135 1883 230 1924 hujus
246 1884 357 1921 oneris,
371 1883 521 1925 jmv⁰xxxj
537 1883 568 1915 15.
587 1884 640 1924 xvj
658 1887 682 1915 s.
699 1884 730 1924 xj
748 1882 777 1914 d.

178 1933 271 1971 Item,
286 1933 371 1964 idem
387 1937 499 1964 onerat
514 1943 547 1965 se
564 1933 602 1964 de
618 1933 652 1964 lx
668 1933 700 1964 li.
717 1933 756 1963 de
772 1932 871 1963 firmis
889 1932 1000 1972 quinte
1011 1932 1111 1973 partis
1122 1936 1185 1963 ter-

135 1991 241 2013 rarum
257 1983 295 2014 (18
311 1983 494 2024 Burmukty
510 1993 582 2014 cum
600 1983 716 2014 annuis
738 1982 916 2013 redditibus
933 1982 1085 2022 ejusdem,
1101 1983 1186 2013 exis-

135 2032 233 2063 tentis
255 2033 288 2063 in
305 2033 453 2063 manibus
469 2033 550 2073 regis
573 2043 630 2073 per
653 2032 797 2072 spacium
813 2042 869 2062 sex
886 2041 1051 2068 annorum,
1067 2032 1186 2062 saisina

137 2091 201 2112 non
216 2085 400 2123 recuperata
411 2082 449 2113 de
459 2082 588 2119 eisdem,
599 2092 661 2122 que
673 2082 763 2112 firme
774 2091 807 2112 se
823 2080 1002 2111 extendunt
1018 2081 1184 2111 annuatim

139 2130 178 2162 ad
193 2131 301 2162 decem
318 2132 426 2169 libras,
440 2142 496 2172 per
512 2132 663 2162 saisinam
681 2131 788 2162 datam
804 2131 825 2161 J
828 2130 947 2161 ohanni
963 2130 1001 2161 de
1020 2130 1184 2161 Dunbrek.

136 2179 178 2211 Et
193 2179 232 2211 (18
249 2180 338 2221 xxxij
357 2180 390 2212 fi.
406 2191 463 2222 per
478 2181 701 2212 vendicionem
717 2190 773 2211 sex
786 2180 962 2211 celdrarum
981 2179 1131 2210 frumenti
1148 2180 1188 2210 (18
