<?xml version="1.0" encoding="UTF-8"?>
<!DOCTYPE html PUBLIC "-//W3C//DTD XHTML 1.0 Transitional//EN"
    "http://www.w3.org/TR/xhtml1/DTD/xhtml1-transitional.dtd">
<html xmlns="http://www.w3.org/1999/xhtml" xml:lang="en" lang="en">
 <head>
  <title>
</title>
<meta http-equiv="Content-Type" content="text/html;charset=utf-8" />
  <meta name='ocr-system' content='tesseract 3.04.00' />
  <meta name='ocr-capabilities' content='ocr_page ocr_carea ocr_par ocr_line ocrx_word'/>
</head>
<body>
  <div class='ocr_page' id='page_1' title='image "./rotuliscaccariir07scot_0390.png"; bbox 0 0 1551 2462; ppageno 0'>
   <div class='ocr_carea' id='block_1_1' title="bbox 128 974 268 1059">
    <p class='ocr_par' dir='ltr' id='par_1_1' title="bbox 128 974 268 1059">
     <span class='ocr_line' id='line_1_1' title="bbox 128 974 268 1005; baseline 0.007 -1"><span class='ocrx_word' id='word_1_1' title='bbox 128 974 268 1005; x_wconf 89' lang='lat' dir='ltr'>Kirkcu-</span> 
     </span>
     <span class='ocr_line' id='line_1_2' title="bbox 128 1018 251 1059; baseline 0 -10"><span class='ocrx_word' id='word_1_2' title='bbox 128 1018 251 1059; x_wconf 88' lang='lat' dir='ltr'>brycht.</span> 
     </span>
    </p>
   </div>
   <div class='ocr_carea' id='block_1_2' title="bbox 127 1272 301 1356">
    <p class='ocr_par' dir='ltr' id='par_1_2' title="bbox 127 1272 301 1356">
     <span class='ocr_line' id='line_1_3' title="bbox 127 1272 291 1302; baseline 0.012 -8"><span class='ocrx_word' id='word_1_3' title='bbox 127 1272 291 1302; x_wconf 75' lang='lat' dir='ltr'>Respondebit</span> 
     </span>
     <span class='ocr_line' id='line_1_4' title="bbox 127 1302 263 1325; baseline 0.007 -1"><span class='ocrx_word' id='word_1_4' title='bbox 127 1302 263 1325; x_wconf 78' lang='lat' dir='ltr'>willelmus</span> 
     </span>
     <span class='ocr_line' id='line_1_5' title="bbox 127 1332 301 1356; baseline 0 -1"><span class='ocrx_word' id='word_1_5' title='bbox 127 1332 301 1356; x_wconf 84' lang='lat' dir='ltr'>Edmonstoun.</span> 
     </span>
    </p>
   </div>
   <div class='ocr_carea' id='block_1_3' title="bbox 347 241 1385 274">
    <p class='ocr_par' dir='ltr' id='par_1_3' title="bbox 347 241 1385 274">
     <span class='ocr_line' id='line_1_6' title="bbox 347 241 1385 274; baseline 0 -1"><span class='ocrx_word' id='word_1_6' title='bbox 347 245 407 273; x_wconf 86' lang='lat'>312</span> <span class='ocrx_word' id='word_1_7' title='bbox 657 242 822 274; x_wconf 84' lang='lat' dir='ltr'>ROTULI</span> <span class='ocrx_word' id='word_1_8' title='bbox 846 241 1082 274; x_wconf 85' lang='lat' dir='ltr'><strong>SCACCARII</strong></span> <span class='ocrx_word' id='word_1_9' title='bbox 1305 244 1385 273; x_wconf 86' lang='lat'>1465</span> 
     </span>
    </p>
   </div>
   <div class='ocr_carea' id='block_1_4' title="bbox 340 334 1398 921">
    <p class='ocr_par' dir='ltr' id='par_1_4' title="bbox 340 334 1398 921">
     <span class='ocr_line' id='line_1_7' title="bbox 346 334 1397 376; baseline -0.001 -10"><span class='ocrx_word' id='word_1_10' title='bbox 346 335 470 366; x_wconf 80' lang='lat' dir='ltr'>duobus</span> <span class='ocrx_word' id='word_1_11' title='bbox 487 335 742 367; x_wconf 83' lang='lat' dir='ltr'>amerciamentis</span> <span class='ocrx_word' id='word_1_12' title='bbox 758 335 792 366; x_wconf 90' lang='lat' dir='ltr'>in</span> <span class='ocrx_word' id='word_1_13' title='bbox 809 335 925 376; x_wconf 85' lang='lat' dir='ltr'>quibus</span> <span class='ocrx_word' id='word_1_14' title='bbox 948 334 1150 375; x_wconf 85' lang='lat' dir='ltr'>adjudicatus</span> <span class='ocrx_word' id='word_1_15' title='bbox 1166 334 1314 365; x_wconf 87' lang='lat' dir='ltr'>similiter</span> <span class='ocrx_word' id='word_1_16' title='bbox 1330 336 1397 365; x_wconf 81' lang='lat' dir='ltr'>erat</span> 
     </span>
     <span class='ocr_line' id='line_1_8' title="bbox 345 383 1398 426; baseline -0.001 -11"><span class='ocrx_word' id='word_1_17' title='bbox 345 385 380 415; x_wconf 88' lang='lat' dir='ltr'>in</span> <span class='ocrx_word' id='word_1_18' title='bbox 404 384 527 416; x_wconf 87' lang='lat' dir='ltr'>duobus</span> <span class='ocrx_word' id='word_1_19' title='bbox 550 385 718 416; x_wconf 75' lang='lat' dir='ltr'>itineribus</span> <span class='ocrx_word' id='word_1_20' title='bbox 740 385 916 426; x_wconf 83' lang='lat' dir='ltr'>justiciarie</span> <span class='ocrx_word' id='word_1_21' title='bbox 938 384 1093 415; x_wconf 75' lang='lat' dir='ltr'>Ricarclus</span> <span class='ocrx_word' id='word_1_22' title='bbox 1114 384 1181 421; x_wconf 82' lang='lat' dir='ltr'>Bel,</span> <span class='ocrx_word' id='word_1_23' title='bbox 1198 394 1238 415; x_wconf 89' lang='lat' dir='ltr'>ex</span> <span class='ocrx_word' id='word_1_24' title='bbox 1254 394 1290 415; x_wconf 86' lang='lat' dir='ltr'>eo</span> <span class='ocrx_word' id='word_1_25' title='bbox 1312 383 1398 424; x_wconf 87' lang='lat' dir='ltr'>quod</span> 
     </span>
     <span class='ocr_line' id='line_1_9' title="bbox 347 433 1396 476; baseline -0.001 -11"><span class='ocrx_word' id='word_1_26' title='bbox 347 434 447 465; x_wconf 78' lang='lat' dir='ltr'>nichil</span> <span class='ocrx_word' id='word_1_27' title='bbox 462 434 558 465; x_wconf 83' lang='lat' dir='ltr'>habet</span> <span class='ocrx_word' id='word_1_28' title='bbox 574 435 607 465; x_wconf 90' lang='lat' dir='ltr'>in</span> <span class='ocrx_word' id='word_1_29' title='bbox 624 435 724 471; x_wconf 88' lang='lat' dir='ltr'>bonis,</span> <span class='ocrx_word' id='word_1_30' title='bbox 737 438 768 465; x_wconf 88' lang='lat' dir='ltr'>et</span> <span class='ocrx_word' id='word_1_31' title='bbox 785 435 907 476; x_wconf 80' lang='lat' dir='ltr'>plegius</span> <span class='ocrx_word' id='word_1_32' title='bbox 925 435 993 475; x_wconf 84' lang='lat' dir='ltr'>ejus</span> <span class='ocrx_word' id='word_1_33' title='bbox 1011 434 1111 465; x_wconf 83' lang='lat' dir='ltr'>nichil</span> <span class='ocrx_word' id='word_1_34' title='bbox 1127 433 1223 465; x_wconf 84' lang='lat' dir='ltr'>habet</span> <span class='ocrx_word' id='word_1_35' title='bbox 1235 433 1396 474; x_wconf 83' lang='lat' dir='ltr'>distringi-</span> 
     </span>
     <span class='ocr_line' id='line_1_10' title="bbox 346 483 1396 524; baseline -0.001 -10"><span class='ocrx_word' id='word_1_36' title='bbox 346 483 409 514; x_wconf 87' lang='lat' dir='ltr'>bile</span> <span class='ocrx_word' id='word_1_37' title='bbox 420 483 503 514; x_wconf 75' lang='lat' dir='ltr'>infra</span> <span class='ocrx_word' id='word_1_38' title='bbox 512 484 644 514; x_wconf 82' lang='lat' dir='ltr'>balliam</span> <span class='ocrx_word' id='word_1_39' title='bbox 655 484 879 524; x_wconf 83' lang='lat' dir='ltr'>computantis,</span> <span class='ocrx_word' id='word_1_40' title='bbox 891 494 930 514; x_wconf 83' lang='lat' dir='ltr'>ex</span> <span class='ocrx_word' id='word_1_41' title='bbox 941 484 1196 515; x_wconf 75' lang='lat' dir='ltr'>consideracione</span> <span class='ocrx_word' id='word_1_42' title='bbox 1206 483 1396 520; x_wconf 83' lang='lat' dir='ltr'>auditorum,</span> 
     </span>
     <span class='ocr_line' id='line_1_11' title="bbox 347 533 1396 575; baseline 0 -12"><span class='ocrx_word' id='word_1_43' title='bbox 347 544 391 563; x_wconf 85' lang='lat' dir='ltr'>xx</span> <span class='ocrx_word' id='word_1_44' title='bbox 403 533 434 564; x_wconf 75' lang='lat' dir='ltr'>n.</span> <span class='ocrx_word' id='word_1_45' title='bbox 466 534 508 564; x_wconf 88' lang='lat' dir='ltr'>Et</span> <span class='ocrx_word' id='word_1_46' title='bbox 521 533 559 565; x_wconf 88' lang='lat' dir='ltr'>de</span> <span class='ocrx_word' id='word_1_47' title='bbox 572 534 816 565; x_wconf 82' lang='lat' dir='ltr'>amerciamento</span> <span class='ocrx_word' id='word_1_48' title='bbox 827 534 862 564; x_wconf 88' lang='lat' dir='ltr'>in</span> <span class='ocrx_word' id='word_1_49' title='bbox 872 544 935 575; x_wconf 85' lang='lat' dir='ltr'>quo</span> <span class='ocrx_word' id='word_1_50' title='bbox 946 533 1147 574; x_wconf 84' lang='lat' dir='ltr'>adjudicatus</span> <span class='ocrx_word' id='word_1_51' title='bbox 1160 536 1228 564; x_wconf 81' lang='lat' dir='ltr'>erat</span> <span class='ocrx_word' id='word_1_52' title='bbox 1238 533 1396 564; x_wconf 84' lang='lat' dir='ltr'>Robertus</span> 
     </span>
     <span class='ocr_line' id='line_1_12' title="bbox 346 581 1396 624; baseline -0.001 -11"><span class='ocrx_word' id='word_1_53' title='bbox 346 582 476 623; x_wconf 86' lang='lat' dir='ltr'>Tyndin</span> <span class='ocrx_word' id='word_1_54' title='bbox 492 583 526 613; x_wconf 87' lang='lat' dir='ltr'>in</span> <span class='ocrx_word' id='word_1_55' title='bbox 543 582 627 613; x_wconf 87' lang='lat' dir='ltr'>dicto</span> <span class='ocrx_word' id='word_1_56' title='bbox 644 583 767 620; x_wconf 88' lang='lat' dir='ltr'>itinere,</span> <span class='ocrx_word' id='word_1_57' title='bbox 784 593 819 614; x_wconf 91' lang='lat' dir='ltr'>eo</span> <span class='ocrx_word' id='word_1_58' title='bbox 836 583 922 624; x_wconf 88' lang='lat' dir='ltr'>quod</span> <span class='ocrx_word' id='word_1_59' title='bbox 938 582 1047 613; x_wconf 89' lang='lat' dir='ltr'>nullus</span> <span class='ocrx_word' id='word_1_60' title='bbox 1063 582 1136 614; x_wconf 84' lang='lat' dir='ltr'>talis</span> <span class='ocrx_word' id='word_1_61' title='bbox 1153 584 1201 613; x_wconf 83' lang='lat' dir='ltr'>est</span> <span class='ocrx_word' id='word_1_62' title='bbox 1216 581 1396 623; x_wconf 83' lang='lat' dir='ltr'>reperibilis</span> 
     </span>
     <span class='ocr_line' id='line_1_13' title="bbox 344 632 1396 673; baseline -0.001 -10"><span class='ocrx_word' id='word_1_63' title='bbox 344 632 428 663; x_wconf 83' lang='lat' dir='ltr'>infra</span> <span class='ocrx_word' id='word_1_64' title='bbox 455 632 586 663; x_wconf 85' lang='lat' dir='ltr'>balliam</span> <span class='ocrx_word' id='word_1_65' title='bbox 613 633 838 673; x_wconf 86' lang='lat' dir='ltr'>computantis,</span> <span class='ocrx_word' id='word_1_66' title='bbox 860 636 897 663; x_wconf 87' lang='lat' dir='ltr'>ut</span> <span class='ocrx_word' id='word_1_67' title='bbox 923 632 1036 663; x_wconf 85' lang='lat' dir='ltr'>asserit</span> <span class='ocrx_word' id='word_1_68' title='bbox 1060 636 1250 673; x_wconf 81' lang='lat' dir='ltr'>computans</span> <span class='ocrx_word' id='word_1_69' title='bbox 1277 632 1311 662; x_wconf 89' lang='lat' dir='ltr'>in</span> <span class='ocrx_word' id='word_1_70' title='bbox 1338 641 1396 663; x_wconf 89' lang='lat' dir='ltr'>suo</span> 
     </span>
     <span class='ocr_line' id='line_1_14' title="bbox 340 681 1397 722; baseline 0 -10"><span class='ocrx_word' id='word_1_71' title='bbox 340 681 532 722; x_wconf 76' lang='lat' dir='ltr'>juramento,</span> <span class='ocrx_word' id='word_1_72' title='bbox 548 692 588 713; x_wconf 89' lang='lat' dir='ltr'>ex</span> <span class='ocrx_word' id='word_1_73' title='bbox 614 682 713 713; x_wconf 84' lang='lat' dir='ltr'>simili</span> <span class='ocrx_word' id='word_1_74' title='bbox 740 682 995 713; x_wconf 78' lang='lat' dir='ltr'>consideracione</span> <span class='ocrx_word' id='word_1_75' title='bbox 1022 682 1215 720; x_wconf 85' lang='lat' dir='ltr'>auditorum,</span> <span class='ocrx_word' id='word_1_76' title='bbox 1240 692 1261 712; x_wconf 82' lang='lat' dir='ltr'>x</span> <span class='ocrx_word' id='word_1_77' title='bbox 1276 681 1308 712; x_wconf 71' lang='grc' dir='ltr'>Ε.</span> <span class='ocrx_word' id='word_1_78' title='bbox 1354 682 1397 712; x_wconf 90' lang='lat' dir='ltr'>Et</span> 
     </span>
     <span class='ocr_line' id='line_1_15' title="bbox 344 731 1395 772; baseline 0 -10"><span class='ocrx_word' id='word_1_79' title='bbox 344 731 383 762; x_wconf 89' lang='lat' dir='ltr'>de</span> <span class='ocrx_word' id='word_1_80' title='bbox 398 731 644 762; x_wconf 85' lang='lat' dir='ltr'>amerciamento</span> <span class='ocrx_word' id='word_1_81' title='bbox 656 732 690 762; x_wconf 85' lang='lat' dir='ltr'>in</span> <span class='ocrx_word' id='word_1_82' title='bbox 707 742 769 772; x_wconf 89' lang='lat' dir='ltr'>quo</span> <span class='ocrx_word' id='word_1_83' title='bbox 780 732 981 772; x_wconf 85' lang='lat' dir='ltr'>adjudicatus</span> <span class='ocrx_word' id='word_1_84' title='bbox 992 735 1062 763; x_wconf 83' lang='lat' dir='ltr'>erat</span> <span class='ocrx_word' id='word_1_85' title='bbox 1078 732 1100 762; x_wconf 83' lang='lat' dir='ltr'><em>J</em></span> <span class='ocrx_word' id='word_1_86' title='bbox 1103 731 1248 763; x_wconf 87' lang='lat' dir='ltr'>ohannes</span> <span class='ocrx_word' id='word_1_87' title='bbox 1260 731 1395 768; x_wconf 86' lang='lat' dir='ltr'>Wilkin,</span> 
     </span>
     <span class='ocr_line' id='line_1_16' title="bbox 344 780 1397 822; baseline 0.002 -12"><span class='ocrx_word' id='word_1_88' title='bbox 344 780 500 822; x_wconf 74' lang='lat' dir='ltr'>fugitivus</span> <span class='ocrx_word' id='word_1_89' title='bbox 516 781 551 812; x_wconf 89' lang='lat' dir='ltr'>in</span> <span class='ocrx_word' id='word_1_90' title='bbox 566 781 719 822; x_wconf 80' lang='lat' dir='ltr'>Angliam</span> <span class='ocrx_word' id='word_1_91' title='bbox 735 785 767 812; x_wconf 87' lang='lat' dir='ltr'>et</span> <span class='ocrx_word' id='word_1_92' title='bbox 782 781 906 822; x_wconf 81' lang='lat' dir='ltr'>plegius</span> <span class='ocrx_word' id='word_1_93' title='bbox 923 781 1000 822; x_wconf 88' lang='lat' dir='ltr'>ejus,</span> <span class='ocrx_word' id='word_1_94' title='bbox 1016 784 1112 822; x_wconf 86' lang='lat' dir='ltr'>prout</span> <span class='ocrx_word' id='word_1_95' title='bbox 1135 781 1216 812; x_wconf 83' lang='lat' dir='ltr'>fides</span> <span class='ocrx_word' id='word_1_96' title='bbox 1233 781 1318 812; x_wconf 83' lang='lat' dir='ltr'>facta</span> <span class='ocrx_word' id='word_1_97' title='bbox 1333 781 1397 811; x_wconf 84' lang='lat' dir='ltr'>fuit</span> 
     </span>
     <span class='ocr_line' id='line_1_17' title="bbox 344 830 1394 872; baseline 0.001 -12"><span class='ocrx_word' id='word_1_98' title='bbox 344 840 439 870; x_wconf 88' lang='lat' dir='ltr'>super</span> <span class='ocrx_word' id='word_1_99' title='bbox 465 834 661 871; x_wconf 85' lang='lat' dir='ltr'>computum,</span> <span class='ocrx_word' id='word_1_100' title='bbox 678 841 699 861; x_wconf 83' lang='lat' dir='ltr'>x</span> <span class='ocrx_word' id='word_1_101' title='bbox 714 830 745 861; x_wconf 66' lang='lat' dir='ltr'>n„</span> <span class='ocrx_word' id='word_1_102' title='bbox 808 831 939 862; x_wconf 87' lang='lat' dir='ltr'>Summa</span> <span class='ocrx_word' id='word_1_103' title='bbox 965 841 1188 872; x_wconf 86' lang='lat' dir='ltr'>expensarum,</span> <span class='ocrx_word' id='word_1_104' title='bbox 1215 830 1344 872; x_wconf 81' lang='lat' dir='ltr'>viij⁰xlij</span> <span class='ocrx_word' id='word_1_105' title='bbox 1362 830 1394 862; x_wconf 67' lang='lat' dir='ltr'>n„</span> 
     </span>
     <span class='ocr_line' id='line_1_18' title="bbox 344 879 1161 921; baseline 0.001 -11"><span class='ocrx_word' id='word_1_106' title='bbox 344 879 412 920; x_wconf 82' lang='lat' dir='ltr'>xiiij</span> <span class='ocrx_word' id='word_1_107' title='bbox 431 883 453 911; x_wconf 77' lang='lat' dir='ltr'>s.</span> <span class='ocrx_word' id='word_1_108' title='bbox 470 879 526 920; x_wconf 80' lang='lat' dir='ltr'>viij</span> <span class='ocrx_word' id='word_1_109' title='bbox 544 879 573 910; x_wconf 67' lang='lat'>(1.</span> <span class='ocrx_word' id='word_1_110' title='bbox 619 880 661 910; x_wconf 84' lang='lat' dir='ltr'>Et</span> <span class='ocrx_word' id='word_1_111' title='bbox 677 880 723 911; x_wconf 88' lang='lat' dir='ltr'>sic</span> <span class='ocrx_word' id='word_1_112' title='bbox 738 883 862 911; x_wconf 75' lang='lat' dir='ltr'>restant</span> <span class='ocrx_word' id='word_1_113' title='bbox 877 880 923 921; x_wconf 88' lang='lat' dir='ltr'>iiij</span> <span class='ocrx_word' id='word_1_114' title='bbox 941 880 973 911; x_wconf 71' lang='lat' dir='ltr'>ii.</span> <span class='ocrx_word' id='word_1_115' title='bbox 990 880 1024 921; x_wconf 81' lang='lat' dir='ltr'>iij</span> <span class='ocrx_word' id='word_1_116' title='bbox 1043 885 1064 912; x_wconf 76' lang='lat' dir='ltr'>s.</span> <span class='ocrx_word' id='word_1_117' title='bbox 1083 880 1115 921; x_wconf 87' lang='lat' dir='ltr'>xj</span> <span class='ocrx_word' id='word_1_118' title='bbox 1133 880 1161 911; x_wconf 78' lang='lat' dir='ltr'>d.</span> 
     </span>
    </p>
   </div>
   <div class='ocr_carea' id='block_1_5' title="bbox 337 978 1416 2212">
    <p class='ocr_par' dir='ltr' id='par_1_5' title="bbox 340 978 1397 1358">
     <span class='ocr_line' id='line_1_19' title="bbox 388 978 1396 1020; baseline 0.002 -11"><span class='ocrx_word' id='word_1_119' title='bbox 388 978 584 1019; x_wconf 87' lang='lat' dir='ltr'>Computum</span> <span class='ocrx_word' id='word_1_120' title='bbox 607 978 766 1010; x_wconf 80' lang='lat' dir='ltr'>Johannis</span> <span class='ocrx_word' id='word_1_121' title='bbox 789 978 951 1020; x_wconf 85' lang='lat' dir='ltr'>Kennedy</span> <span class='ocrx_word' id='word_1_122' title='bbox 981 978 1020 1010; x_wconf 88' lang='lat' dir='ltr'>de</span> <span class='ocrx_word' id='word_1_123' title='bbox 1051 978 1283 1020; x_wconf 86' lang='lat' dir='ltr'>Blarequhane,</span> <span class='ocrx_word' id='word_1_124' title='bbox 1306 990 1396 1011; x_wconf 89' lang='lat' dir='ltr'>sene-</span> 
     </span>
     <span class='ocr_line' id='line_1_20' title="bbox 343 1027 1397 1070; baseline 0.002 -12"><span class='ocrx_word' id='word_1_125' title='bbox 343 1027 435 1059; x_wconf 89' lang='lat' dir='ltr'>scalli</span> <span class='ocrx_word' id='word_1_126' title='bbox 460 1028 499 1059; x_wconf 91' lang='lat' dir='ltr'>de</span> <span class='ocrx_word' id='word_1_127' title='bbox 525 1028 779 1069; x_wconf 85' lang='lat' dir='ltr'>Kirkcubrycht,</span> <span class='ocrx_word' id='word_1_128' title='bbox 805 1028 1015 1069; x_wconf 72' lang='lat' dir='ltr'>[Eclinburyh,</span> <span class='ocrx_word' id='word_1_129' title='bbox 1031 1029 1074 1059; x_wconf 60' lang='lat'>20</span> <span class='ocrx_word' id='word_1_130' title='bbox 1095 1029 1180 1059; x_wconf 72' lang='lat' dir='ltr'>June</span> <span class='ocrx_word' id='word_1_131' title='bbox 1202 1030 1297 1067; x_wconf 67' lang='lat'><strong><em>1465,</em></strong></span> <span class='ocrx_word' id='word_1_132' title='bbox 1305 1030 1397 1070; x_wconf 81' lang='lat' dir='ltr'>from</span> 
     </span>
     <span class='ocr_line' id='line_1_21' title="bbox 342 1078 1396 1119; baseline 0.001 -10"><span class='ocrx_word' id='word_1_133' title='bbox 342 1081 431 1118; x_wconf 68' lang='lat' dir='ltr'>cuiry</span> <span class='ocrx_word' id='word_1_134' title='bbox 461 1088 501 1108; x_wconf 71' lang='lat' dir='ltr'>on</span> <span class='ocrx_word' id='word_1_135' title='bbox 524 1078 600 1118; x_wconf 71' lang='lat' dir='ltr'>office</span> <span class='ocrx_word' id='word_1_136' title='bbox 631 1089 670 1109; x_wconf 79' lang='lat' dir='ltr'>on</span> <span class='ocrx_word' id='word_1_137' title='bbox 692 1079 734 1109; x_wconf 73' lang='lat'>31</span> <span class='ocrx_word' id='word_1_138' title='bbox 760 1078 1013 1116; x_wconf 65' lang='lat' dir='ltr'>Octobm·1.463;</span> <span class='ocrx_word' id='word_1_139' title='bbox 1047 1079 1069 1116; x_wconf 67' lang='grc'><strong><em>4</em></strong></span> <span class='ocrx_word' id='word_1_140' title='bbox 1099 1078 1213 1119; x_wconf 60' lang='lat' dir='ltr'>terma]</span> <span class='ocrx_word' id='word_1_141' title='bbox 1258 1078 1301 1109; x_wconf 86' lang='lat' dir='ltr'>Et</span> <span class='ocrx_word' id='word_1_142' title='bbox 1331 1088 1396 1110; x_wconf 88' lang='lat' dir='ltr'>non</span> 
     </span>
     <span class='ocr_line' id='line_1_22' title="bbox 342 1128 1394 1169; baseline 0.002 -11"><span class='ocrx_word' id='word_1_143' title='bbox 342 1130 453 1159; x_wconf 79' lang='lat' dir='ltr'>onerat</span> <span class='ocrx_word' id='word_1_144' title='bbox 469 1138 502 1159; x_wconf 87' lang='lat' dir='ltr'>se</span> <span class='ocrx_word' id='word_1_145' title='bbox 517 1128 557 1159; x_wconf 88' lang='lat' dir='ltr'>de</span> <span class='ocrx_word' id='word_1_146' title='bbox 573 1128 735 1169; x_wconf 82' lang='lat' dir='ltr'>aliquibus</span> <span class='ocrx_word' id='word_1_147' title='bbox 757 1128 917 1169; x_wconf 77' lang='lat' dir='ltr'>perceptis</span> <span class='ocrx_word' id='word_1_148' title='bbox 941 1128 980 1159; x_wconf 82' lang='lat' dir='ltr'>ab</span> <span class='ocrx_word' id='word_1_149' title='bbox 996 1128 1113 1159; x_wconf 87' lang='lat' dir='ltr'>ultimo</span> <span class='ocrx_word' id='word_1_150' title='bbox 1135 1128 1157 1159; x_wconf 81' lang='lat' dir='ltr'>J</span> <span class='ocrx_word' id='word_1_151' title='bbox 1161 1128 1228 1159; x_wconf 87' lang='lat' dir='ltr'>unii</span> <span class='ocrx_word' id='word_1_152' title='bbox 1245 1128 1323 1159; x_wconf 87' lang='lat' dir='ltr'>anni</span> <span class='ocrx_word' id='word_1_153' title='bbox 1337 1132 1394 1160; x_wconf 85' lang='lat' dir='ltr'>etc.</span> 
     </span>
     <span class='ocr_line' id='line_1_23' title="bbox 341 1178 1395 1219; baseline 0 -10"><span class='ocrx_word' id='word_1_154' title='bbox 341 1178 530 1219; x_wconf 76' lang='lat' dir='ltr'>sexagesimi</span> <span class='ocrx_word' id='word_1_155' title='bbox 561 1178 694 1209; x_wconf 88' lang='lat' dir='ltr'>secundi</span> <span class='ocrx_word' id='word_1_156' title='bbox 731 1188 833 1219; x_wconf 88' lang='lat' dir='ltr'>usque</span> <span class='ocrx_word' id='word_1_157' title='bbox 871 1178 913 1209; x_wconf 81' lang='lat' dir='ltr'>ad</span> <span class='ocrx_word' id='word_1_158' title='bbox 950 1178 1101 1209; x_wconf 84' lang='lat' dir='ltr'>ultimum</span> <span class='ocrx_word' id='word_1_159' title='bbox 1141 1178 1288 1209; x_wconf 81' lang='lat' dir='ltr'>Octobris</span> <span class='ocrx_word' id='word_1_160' title='bbox 1318 1178 1395 1209; x_wconf 85' lang='lat' dir='ltr'>anni</span> 
     </span>
     <span class='ocr_line' id='line_1_24' title="bbox 341 1227 1395 1269; baseline 0.002 -11"><span class='ocrx_word' id='word_1_161' title='bbox 341 1227 530 1269; x_wconf 78' lang='lat' dir='ltr'>sexagesimi</span> <span class='ocrx_word' id='word_1_162' title='bbox 545 1227 646 1265; x_wconf 85' lang='lat' dir='ltr'>tercii,</span> <span class='ocrx_word' id='word_1_163' title='bbox 662 1237 701 1258; x_wconf 91' lang='lat' dir='ltr'>ex</span> <span class='ocrx_word' id='word_1_164' title='bbox 719 1238 754 1258; x_wconf 92' lang='lat' dir='ltr'>eo</span> <span class='ocrx_word' id='word_1_165' title='bbox 772 1227 858 1268; x_wconf 87' lang='lat' dir='ltr'>quod</span> <span class='ocrx_word' id='word_1_166' title='bbox 873 1227 1059 1259; x_wconf 85' lang='lat' dir='ltr'>Willelmus</span> <span class='ocrx_word' id='word_1_167' title='bbox 1075 1228 1340 1260; x_wconf 86' lang='lat' dir='ltr'>Edmondstoune</span> <span class='ocrx_word' id='word_1_168' title='bbox 1355 1228 1395 1260; x_wconf 90' lang='lat' dir='ltr'>de</span> 
     </span>
     <span class='ocr_line' id='line_1_25' title="bbox 340 1277 1392 1319; baseline 0.001 -11"><span class='ocrx_word' id='word_1_169' title='bbox 340 1277 507 1309; x_wconf 84' lang='lat' dir='ltr'>Duntreth</span> <span class='ocrx_word' id='word_1_170' title='bbox 523 1277 721 1309; x_wconf 81' lang='lat' dir='ltr'>ministravit</span> <span class='ocrx_word' id='word_1_171' title='bbox 736 1277 771 1308; x_wconf 89' lang='lat' dir='ltr'>in</span> <span class='ocrx_word' id='word_1_172' title='bbox 788 1277 873 1308; x_wconf 88' lang='lat' dir='ltr'>dicto</span> <span class='ocrx_word' id='word_1_173' title='bbox 889 1278 1001 1316; x_wconf 88' lang='lat' dir='ltr'>officio,</span> <span class='ocrx_word' id='word_1_174' title='bbox 1017 1281 1049 1309; x_wconf 83' lang='lat' dir='ltr'>et</span> <span class='ocrx_word' id='word_1_175' title='bbox 1061 1288 1118 1319; x_wconf 88' lang='lat' dir='ltr'>pro</span> <span class='ocrx_word' id='word_1_176' title='bbox 1134 1278 1250 1319; x_wconf 87' lang='lat' dir='ltr'>quibus</span> <span class='ocrx_word' id='word_1_177' title='bbox 1265 1289 1392 1319; x_wconf 87' lang='lat' dir='ltr'>respon-</span> 
     </span>
     <span class='ocr_line' id='line_1_26' title="bbox 342 1327 437 1358; baseline 0 0"><span class='ocrx_word' id='word_1_178' title='bbox 342 1327 437 1358; x_wconf 86' lang='lat' dir='ltr'>debit.</span> 
     </span>
    </p>

    <p class='ocr_par' dir='ltr' id='par_1_6' title="bbox 340 1376 1394 1615">
     <span class='ocr_line' id='line_1_27' title="bbox 386 1376 1394 1418; baseline 0.001 -10"><span class='ocrx_word' id='word_1_179' title='bbox 386 1377 478 1408; x_wconf 89' lang='lat' dir='ltr'>Idem</span> <span class='ocrx_word' id='word_1_180' title='bbox 501 1379 611 1408; x_wconf 76' lang='lat' dir='ltr'>onerat</span> <span class='ocrx_word' id='word_1_181' title='bbox 634 1387 667 1408; x_wconf 89' lang='lat' dir='ltr'>se</span> <span class='ocrx_word' id='word_1_182' title='bbox 691 1376 725 1407; x_wconf 90' lang='lat' dir='ltr'>in</span> <span class='ocrx_word' id='word_1_183' title='bbox 749 1377 861 1418; x_wconf 86' lang='lat' dir='ltr'>primis</span> <span class='ocrx_word' id='word_1_184' title='bbox 884 1376 923 1408; x_wconf 85' lang='lat' dir='ltr'>de</span> <span class='ocrx_word' id='word_1_185' title='bbox 947 1376 1003 1417; x_wconf 83' lang='lat' dir='ltr'>xiij</span> <span class='ocrx_word' id='word_1_186' title='bbox 1027 1376 1059 1407; x_wconf 71' lang='lat' dir='ltr'>ii.</span> <span class='ocrx_word' id='word_1_187' title='bbox 1077 1376 1122 1417; x_wconf 87' lang='lat' dir='ltr'>iiij</span> <span class='ocrx_word' id='word_1_188' title='bbox 1141 1381 1164 1408; x_wconf 70' lang='grc' dir='ltr'>Ξ.</span> <span class='ocrx_word' id='word_1_189' title='bbox 1179 1377 1190 1418; x_wconf 85' lang='grc'>]“</span> <span class='ocrx_word' id='word_1_190' title='bbox 1208 1376 1236 1408; x_wconf 78' lang='lat' dir='ltr'>d.</span> <span class='ocrx_word' id='word_1_191' title='bbox 1254 1377 1276 1418; x_wconf 86' lang='lat' dir='ltr'>ij</span> <span class='ocrx_word' id='word_1_192' title='bbox 1293 1377 1394 1409; x_wconf 85' lang='lat' dir='ltr'>bobus</span> 
     </span>
     <span class='ocr_line' id='line_1_28' title="bbox 342 1425 1394 1467; baseline 0.001 -10"><span class='ocrx_word' id='word_1_193' title='bbox 342 1437 403 1467; x_wconf 86' lang='lat' dir='ltr'>que</span> <span class='ocrx_word' id='word_1_194' title='bbox 420 1427 583 1458; x_wconf 79' lang='lat' dir='ltr'>restabant</span> <span class='ocrx_word' id='word_1_195' title='bbox 599 1436 694 1467; x_wconf 88' lang='lat' dir='ltr'>super</span> <span class='ocrx_word' id='word_1_196' title='bbox 709 1426 896 1457; x_wconf 84' lang='lat' dir='ltr'>Donaldum</span> <span class='ocrx_word' id='word_1_197' title='bbox 919 1425 1114 1458; x_wconf 76' lang='lat' dir='ltr'>M⁰Clellane</span> <span class='ocrx_word' id='word_1_198' title='bbox 1137 1426 1176 1457; x_wconf 88' lang='lat' dir='ltr'>de</span> <span class='ocrx_word' id='word_1_199' title='bbox 1193 1426 1394 1466; x_wconf 82' lang='lat' dir='ltr'>Gyilstoune,</span> 
     </span>
     <span class='ocr_line' id='line_1_29' title="bbox 341 1474 1394 1516; baseline 0.001 -10"><span class='ocrx_word' id='word_1_200' title='bbox 341 1475 418 1506; x_wconf 89' lang='lat' dir='ltr'>olim</span> <span class='ocrx_word' id='word_1_201' title='bbox 434 1475 645 1506; x_wconf 77' lang='lat' dir='ltr'>senescallum</span> <span class='ocrx_word' id='word_1_202' title='bbox 669 1475 708 1506; x_wconf 89' lang='lat' dir='ltr'>de</span> <span class='ocrx_word' id='word_1_203' title='bbox 731 1474 983 1516; x_wconf 76' lang='lat' dir='ltr'>Kirkmibrycht,</span> <span class='ocrx_word' id='word_1_204' title='bbox 998 1478 1036 1505; x_wconf 87' lang='lat' dir='ltr'>ut</span> <span class='ocrx_word' id='word_1_205' title='bbox 1058 1479 1148 1516; x_wconf 81' lang='lat' dir='ltr'>patet</span> <span class='ocrx_word' id='word_1_206' title='bbox 1162 1475 1196 1506; x_wconf 91' lang='lat' dir='ltr'>in</span> <span class='ocrx_word' id='word_1_207' title='bbox 1213 1475 1292 1516; x_wconf 89' lang='lat' dir='ltr'>pede</span> <span class='ocrx_word' id='word_1_208' title='bbox 1309 1486 1394 1507; x_wconf 87' lang='lat' dir='ltr'>com-</span> 
     </span>
     <span class='ocr_line' id='line_1_30' title="bbox 340 1525 1391 1566; baseline 0.001 -10"><span class='ocrx_word' id='word_1_209' title='bbox 340 1525 413 1566; x_wconf 88' lang='lat' dir='ltr'>puti</span> <span class='ocrx_word' id='word_1_210' title='bbox 443 1525 491 1556; x_wconf 88' lang='lat' dir='ltr'>sui</span> <span class='ocrx_word' id='word_1_211' title='bbox 522 1525 599 1556; x_wconf 81' lang='lat' dir='ltr'>anni</span> <span class='ocrx_word' id='word_1_212' title='bbox 631 1525 760 1555; x_wconf 88' lang='lat' dir='ltr'>Domini</span> <span class='ocrx_word' id='word_1_213' title='bbox 793 1527 850 1556; x_wconf 89' lang='lat' dir='ltr'>etc.</span> <span class='ocrx_word' id='word_1_214' title='bbox 882 1525 1072 1566; x_wconf 74' lang='lat' dir='ltr'>sexagesimi</span> <span class='ocrx_word' id='word_1_215' title='bbox 1102 1525 1240 1566; x_wconf 82' lang='lat' dir='ltr'>septimo</span> <span class='ocrx_word' id='word_1_216' title='bbox 1266 1525 1391 1557; x_wconf 85' lang='lat' dir='ltr'>Marcii.</span> 
     </span>
     <span class='ocr_line' id='line_1_31' title="bbox 343 1575 753 1615; baseline -0.005 -9"><span class='ocrx_word' id='word_1_217' title='bbox 343 1575 475 1606; x_wconf 84' lang='lat' dir='ltr'>Summa</span> <span class='ocrx_word' id='word_1_218' title='bbox 490 1575 640 1615; x_wconf 81' lang='lat' dir='ltr'>arreragii</span> <span class='ocrx_word' id='word_1_219' title='bbox 656 1577 753 1615; x_wconf 85' lang='lat' dir='ltr'>patet.</span> 
     </span>
    </p>

    <p class='ocr_par' dir='ltr' id='par_1_7' title="bbox 337 1623 1416 2212">
     <span class='ocr_line' id='line_1_32' title="bbox 385 1623 1394 1664; baseline 0.001 -9"><span class='ocrx_word' id='word_1_220' title='bbox 385 1625 479 1662; x_wconf 84' lang='lat' dir='ltr'>Item,</span> <span class='ocrx_word' id='word_1_221' title='bbox 494 1624 580 1655; x_wconf 86' lang='lat' dir='ltr'>idem</span> <span class='ocrx_word' id='word_1_222' title='bbox 596 1627 706 1655; x_wconf 86' lang='lat' dir='ltr'>onerat</span> <span class='ocrx_word' id='word_1_223' title='bbox 721 1633 755 1655; x_wconf 87' lang='lat' dir='ltr'>se</span> <span class='ocrx_word' id='word_1_224' title='bbox 770 1623 810 1654; x_wconf 90' lang='lat' dir='ltr'>de</span> <span class='ocrx_word' id='word_1_225' title='bbox 824 1623 880 1664; x_wconf 90' lang='lat' dir='ltr'>viij</span> <span class='ocrx_word' id='word_1_226' title='bbox 898 1627 921 1655; x_wconf 74' lang='grc' dir='ltr'>ἓ.</span> <span class='ocrx_word' id='word_1_227' title='bbox 938 1623 984 1664; x_wconf 85' lang='lat' dir='ltr'>iiij</span> <span class='ocrx_word' id='word_1_228' title='bbox 1002 1623 1030 1654; x_wconf 78' lang='lat' dir='ltr'>d.</span> <span class='ocrx_word' id='word_1_229' title='bbox 1045 1624 1083 1655; x_wconf 89' lang='lat' dir='ltr'>de</span> <span class='ocrx_word' id='word_1_230' title='bbox 1099 1624 1200 1655; x_wconf 90' lang='lat' dir='ltr'>firmis</span> <span class='ocrx_word' id='word_1_231' title='bbox 1218 1634 1273 1655; x_wconf 90' lang='lat' dir='ltr'>sex</span> <span class='ocrx_word' id='word_1_232' title='bbox 1290 1624 1394 1656; x_wconf 88' lang='lat' dir='ltr'>decim</span> 
     </span>
     <span class='ocr_line' id='line_1_33' title="bbox 341 1667 1416 1715; baseline -0.001 -10"><span class='ocrx_word' id='word_1_233' title='bbox 341 1674 548 1705; x_wconf 85' lang='lat' dir='ltr'>solidatarum</span> <span class='ocrx_word' id='word_1_234' title='bbox 572 1676 604 1704; x_wconf 90' lang='lat' dir='ltr'>et</span> <span class='ocrx_word' id='word_1_235' title='bbox 626 1676 696 1704; x_wconf 86' lang='lat' dir='ltr'>octo</span> <span class='ocrx_word' id='word_1_236' title='bbox 720 1672 956 1704; x_wconf 85' lang='lat' dir='ltr'>denariatorum</span> <span class='ocrx_word' id='word_1_237' title='bbox 978 1676 1061 1705; x_wconf 81' lang='lat' dir='ltr'>terre</span> <span class='ocrx_word' id='word_1_238' title='bbox 1092 1674 1131 1705; x_wconf 87' lang='lat' dir='ltr'>de</span> <span class='ocrx_word' id='word_1_239' title='bbox 1154 1672 1394 1715; x_wconf 63' lang='lat' dir='ltr'>Gaytgilnfgil-</span> <span class='ocrx_word' id='word_1_240' title='bbox 1412 1667 1416 1670; x_wconf 14' lang='lat' dir='ltr'>l</span> 
     </span>
     <span class='ocr_line' id='line_1_34' title="bbox 340 1722 1395 1764; baseline 0 -9"><span class='ocrx_word' id='word_1_241' title='bbox 340 1724 473 1755; x_wconf 85' lang='lat' dir='ltr'>warnok</span> <span class='ocrx_word' id='word_1_242' title='bbox 504 1723 671 1755; x_wconf 85' lang='lat' dir='ltr'>existentis</span> <span class='ocrx_word' id='word_1_243' title='bbox 700 1723 735 1753; x_wconf 90' lang='lat' dir='ltr'>in</span> <span class='ocrx_word' id='word_1_244' title='bbox 765 1723 914 1754; x_wconf 86' lang='lat' dir='ltr'>manibus</span> <span class='ocrx_word' id='word_1_245' title='bbox 941 1723 1023 1764; x_wconf 82' lang='lat' dir='ltr'>regis</span> <span class='ocrx_word' id='word_1_246' title='bbox 1054 1723 1093 1754; x_wconf 87' lang='lat' dir='ltr'>de</span> <span class='ocrx_word' id='word_1_247' title='bbox 1119 1722 1256 1754; x_wconf 86' lang='lat' dir='ltr'>termino</span> <span class='ocrx_word' id='word_1_248' title='bbox 1284 1723 1395 1755; x_wconf 85' lang='lat' dir='ltr'>Sancti</span> 
     </span>
     <span class='ocr_line' id='line_1_35' title="bbox 340 1772 1393 1814; baseline -0.001 -9"><span class='ocrx_word' id='word_1_249' title='bbox 340 1774 476 1805; x_wconf 82' lang='lat' dir='ltr'>Martini</span> <span class='ocrx_word' id='word_1_250' title='bbox 492 1773 569 1804; x_wconf 84' lang='lat' dir='ltr'>anni</span> <span class='ocrx_word' id='word_1_251' title='bbox 591 1772 722 1804; x_wconf 86' lang='lat' dir='ltr'>Domini</span> <span class='ocrx_word' id='word_1_252' title='bbox 740 1775 797 1803; x_wconf 84' lang='lat' dir='ltr'>etc.</span> <span class='ocrx_word' id='word_1_253' title='bbox 815 1772 1010 1814; x_wconf 83' lang='lat' dir='ltr'>sexagesimi.</span> <span class='ocrx_word' id='word_1_254' title='bbox 1056 1772 1099 1803; x_wconf 84' lang='lat' dir='ltr'>Et</span> <span class='ocrx_word' id='word_1_255' title='bbox 1122 1772 1161 1803; x_wconf 92' lang='lat' dir='ltr'>de</span> <span class='ocrx_word' id='word_1_256' title='bbox 1177 1772 1230 1813; x_wconf 84' lang='lat' dir='ltr'>xvj</span> <span class='ocrx_word' id='word_1_257' title='bbox 1249 1777 1272 1803; x_wconf 76' lang='lat' dir='ltr'>s.</span> <span class='ocrx_word' id='word_1_258' title='bbox 1288 1773 1345 1814; x_wconf 87' lang='lat' dir='ltr'>viij</span> <span class='ocrx_word' id='word_1_259' title='bbox 1363 1772 1393 1804; x_wconf 79' lang='lat' dir='ltr'>d.</span> 
     </span>
     <span class='ocr_line' id='line_1_36' title="bbox 340 1821 1392 1862; baseline -0.001 -8"><span class='ocrx_word' id='word_1_260' title='bbox 340 1823 379 1854; x_wconf 87' lang='lat' dir='ltr'>de</span> <span class='ocrx_word' id='word_1_261' title='bbox 395 1823 514 1854; x_wconf 89' lang='lat' dir='ltr'>relevio</span> <span class='ocrx_word' id='word_1_262' title='bbox 530 1822 687 1853; x_wconf 84' lang='lat' dir='ltr'>dictarum</span> <span class='ocrx_word' id='word_1_263' title='bbox 704 1825 860 1853; x_wconf 84' lang='lat' dir='ltr'>terrarum</span> <span class='ocrx_word' id='word_1_264' title='bbox 875 1832 932 1862; x_wconf 87' lang='lat' dir='ltr'>per</span> <span class='ocrx_word' id='word_1_265' title='bbox 948 1821 1100 1853; x_wconf 79' lang='lat' dir='ltr'>saisinam</span> <span class='ocrx_word' id='word_1_266' title='bbox 1124 1821 1233 1853; x_wconf 83' lang='lat' dir='ltr'>datam</span> <span class='ocrx_word' id='word_1_267' title='bbox 1248 1822 1270 1853; x_wconf 88' lang='lat' dir='ltr'><strong>J</strong></span> <span class='ocrx_word' id='word_1_268' title='bbox 1273 1821 1392 1854; x_wconf 87' lang='lat' dir='ltr'>ohanni</span> 
     </span>
     <span class='ocr_line' id='line_1_37' title="bbox 340 1871 1394 1904; baseline -0.002 0"><span class='ocrx_word' id='word_1_269' title='bbox 340 1873 506 1904; x_wconf 87' lang='lat' dir='ltr'>Akersone</span> <span class='ocrx_word' id='word_1_270' title='bbox 530 1872 568 1903; x_wconf 87' lang='lat' dir='ltr'>de</span> <span class='ocrx_word' id='word_1_271' title='bbox 592 1871 719 1903; x_wconf 87' lang='lat' dir='ltr'>eisdem.</span> <span class='ocrx_word' id='word_1_272' title='bbox 764 1872 806 1902; x_wconf 89' lang='lat' dir='ltr'>Et</span> <span class='ocrx_word' id='word_1_273' title='bbox 829 1872 868 1903; x_wconf 87' lang='lat' dir='ltr'>de</span> <span class='ocrx_word' id='word_1_274' title='bbox 895 1871 930 1902; x_wconf 82' lang='lat' dir='ltr'>xl</span> <span class='ocrx_word' id='word_1_275' title='bbox 953 1875 975 1903; x_wconf 72' lang='lat' dir='ltr'>s.</span> <span class='ocrx_word' id='word_1_276' title='bbox 995 1871 1035 1902; x_wconf 89' lang='lat' dir='ltr'>de</span> <span class='ocrx_word' id='word_1_277' title='bbox 1059 1871 1159 1902; x_wconf 88' lang='lat' dir='ltr'>firmis</span> <span class='ocrx_word' id='word_1_278' title='bbox 1184 1871 1394 1903; x_wconf 85' lang='lat' dir='ltr'>dimidietatis</span> 
     </span>
     <span class='ocr_line' id='line_1_38' title="bbox 339 1921 1393 1962; baseline 0 -9"><span class='ocrx_word' id='word_1_279' title='bbox 339 1926 496 1953; x_wconf 77' lang='lat' dir='ltr'>terrarum</span> <span class='ocrx_word' id='word_1_280' title='bbox 519 1921 603 1953; x_wconf 84' lang='lat' dir='ltr'>dele</span> <span class='ocrx_word' id='word_1_281' title='bbox 627 1921 746 1962; x_wconf 87' lang='lat' dir='ltr'>Manys</span> <span class='ocrx_word' id='word_1_282' title='bbox 769 1921 808 1952; x_wconf 89' lang='lat' dir='ltr'>de</span> <span class='ocrx_word' id='word_1_283' title='bbox 832 1921 1105 1952; x_wconf 83' lang='lat' dir='ltr'>Balmakclellane</span> <span class='ocrx_word' id='word_1_284' title='bbox 1129 1923 1161 1952; x_wconf 89' lang='lat' dir='ltr'>et</span> <span class='ocrx_word' id='word_1_285' title='bbox 1184 1921 1393 1953; x_wconf 78' lang='lat' dir='ltr'>dimidietatis</span> 
     </span>
     <span class='ocr_line' id='line_1_39' title="bbox 339 1970 1392 2012; baseline -0.001 -9"><span class='ocrx_word' id='word_1_286' title='bbox 339 1971 516 2003; x_wconf 87' lang='lat' dir='ltr'>molendini</span> <span class='ocrx_word' id='word_1_287' title='bbox 532 1971 674 2012; x_wconf 87' lang='lat' dir='ltr'>ejusdcm</span> <span class='ocrx_word' id='word_1_288' title='bbox 691 1971 729 2002; x_wconf 88' lang='lat' dir='ltr'>de</span> <span class='ocrx_word' id='word_1_289' title='bbox 745 1981 809 2001; x_wconf 90' lang='lat' dir='ltr'>uno</span> <span class='ocrx_word' id='word_1_290' title='bbox 826 1971 963 2002; x_wconf 86' lang='lat' dir='ltr'>termino</span> <span class='ocrx_word' id='word_1_291' title='bbox 979 1970 1090 2002; x_wconf 84' lang='lat' dir='ltr'>Sancti</span> <span class='ocrx_word' id='word_1_292' title='bbox 1105 1970 1248 2002; x_wconf 79' lang='lat' dir='ltr'>Martini.</span> <span class='ocrx_word' id='word_1_293' title='bbox 1294 1971 1337 2002; x_wconf 90' lang='lat' dir='ltr'>Et</span> <span class='ocrx_word' id='word_1_294' title='bbox 1353 1971 1392 2002; x_wconf 88' lang='lat' dir='ltr'>de</span> 
     </span>
     <span class='ocr_line' id='line_1_40' title="bbox 338 2019 1392 2062; baseline -0.001 -10"><span class='ocrx_word' id='word_1_295' title='bbox 338 2022 384 2062; x_wconf 88' lang='lat' dir='ltr'>iiij</span> <span class='ocrx_word' id='word_1_296' title='bbox 409 2022 441 2052; x_wconf 71' lang='lat' dir='ltr'>fi.</span> <span class='ocrx_word' id='word_1_297' title='bbox 466 2021 504 2053; x_wconf 88' lang='lat' dir='ltr'>de</span> <span class='ocrx_word' id='word_1_298' title='bbox 527 2020 644 2052; x_wconf 86' lang='lat' dir='ltr'>relevio</span> <span class='ocrx_word' id='word_1_299' title='bbox 668 2020 826 2051; x_wconf 85' lang='lat' dir='ltr'>dictarum</span> <span class='ocrx_word' id='word_1_300' title='bbox 849 2023 1007 2051; x_wconf 81' lang='lat' dir='ltr'>terrarum</span> <span class='ocrx_word' id='word_1_301' title='bbox 1029 2030 1086 2060; x_wconf 86' lang='lat' dir='ltr'>per</span> <span class='ocrx_word' id='word_1_302' title='bbox 1108 2019 1261 2051; x_wconf 86' lang='lat' dir='ltr'>saisinam</span> <span class='ocrx_word' id='word_1_303' title='bbox 1284 2020 1392 2052; x_wconf 85' lang='lat' dir='ltr'>datam</span> 
     </span>
     <span class='ocr_line' id='line_1_41' title="bbox 339 2069 1392 2110; baseline -0.001 -8"><span class='ocrx_word' id='word_1_304' title='bbox 339 2071 410 2102; x_wconf 85' lang='lat' dir='ltr'>Ade</span> <span class='ocrx_word' id='word_1_305' title='bbox 427 2071 598 2102; x_wconf 86' lang='lat' dir='ltr'>Gordoune</span> <span class='ocrx_word' id='word_1_306' title='bbox 614 2070 653 2101; x_wconf 92' lang='lat' dir='ltr'>de</span> <span class='ocrx_word' id='word_1_307' title='bbox 669 2069 796 2101; x_wconf 89' lang='lat' dir='ltr'>eisdem.</span> <span class='ocrx_word' id='word_1_308' title='bbox 842 2070 885 2101; x_wconf 85' lang='lat' dir='ltr'>Et</span> <span class='ocrx_word' id='word_1_309' title='bbox 901 2070 940 2101; x_wconf 86' lang='lat' dir='ltr'>de</span> <span class='ocrx_word' id='word_1_310' title='bbox 953 2069 1083 2110; x_wconf 79' lang='lat' dir='ltr'>j⁰xxxiij</span> <span class='ocrx_word' id='word_1_311' title='bbox 1100 2069 1132 2100; x_wconf 73' lang='lat' dir='ltr'>n&#39;.</span> <span class='ocrx_word' id='word_1_312' title='bbox 1149 2069 1181 2110; x_wconf 82' lang='lat' dir='ltr'>vj</span> <span class='ocrx_word' id='word_1_313' title='bbox 1196 2074 1218 2100; x_wconf 77' lang='lat' dir='ltr'>s.</span> <span class='ocrx_word' id='word_1_314' title='bbox 1237 2070 1292 2110; x_wconf 87' lang='lat' dir='ltr'>viij</span> <span class='ocrx_word' id='word_1_315' title='bbox 1310 2070 1339 2102; x_wconf 80' lang='lat' dir='ltr'>d.</span> <span class='ocrx_word' id='word_1_316' title='bbox 1352 2070 1392 2101; x_wconf 90' lang='lat' dir='ltr'>de</span> 
     </span>
     <span class='ocr_line' id='line_1_42' title="bbox 339 2119 1391 2161; baseline 0 -10"><span class='ocrx_word' id='word_1_317' title='bbox 339 2121 439 2152; x_wconf 80' lang='lat' dir='ltr'>firmis</span> <span class='ocrx_word' id='word_1_318' title='bbox 462 2124 619 2152; x_wconf 85' lang='lat' dir='ltr'>terrarum</span> <span class='ocrx_word' id='word_1_319' title='bbox 642 2120 681 2151; x_wconf 88' lang='lat' dir='ltr'>de</span> <span class='ocrx_word' id='word_1_320' title='bbox 702 2119 843 2157; x_wconf 86' lang='lat' dir='ltr'>Duchra‚</span> <span class='ocrx_word' id='word_1_321' title='bbox 859 2120 1071 2151; x_wconf 83' lang='lat' dir='ltr'>existencium</span> <span class='ocrx_word' id='word_1_322' title='bbox 1094 2119 1129 2150; x_wconf 88' lang='lat' dir='ltr'>in</span> <span class='ocrx_word' id='word_1_323' title='bbox 1144 2120 1292 2151; x_wconf 89' lang='lat' dir='ltr'>manibus</span> <span class='ocrx_word' id='word_1_324' title='bbox 1309 2120 1391 2161; x_wconf 87' lang='lat' dir='ltr'>regis</span> 
     </span>
     <span class='ocr_line' id='line_1_43' title="bbox 337 2169 1390 2212; baseline -0.001 -10"><span class='ocrx_word' id='word_1_325' title='bbox 337 2181 394 2212; x_wconf 82' lang='lat' dir='ltr'>per</span> <span class='ocrx_word' id='word_1_326' title='bbox 424 2170 568 2211; x_wconf 84' lang='lat' dir='ltr'>spacium</span> <span class='ocrx_word' id='word_1_327' title='bbox 599 2169 708 2201; x_wconf 85' lang='lat' dir='ltr'>decem</span> <span class='ocrx_word' id='word_1_328' title='bbox 738 2179 902 2207; x_wconf 87' lang='lat' dir='ltr'>annorum,</span> <span class='ocrx_word' id='word_1_329' title='bbox 933 2180 996 2210; x_wconf 84' lang='lat' dir='ltr'>que</span> <span class='ocrx_word' id='word_1_330' title='bbox 1026 2169 1116 2201; x_wconf 86' lang='lat' dir='ltr'>firme</span> <span class='ocrx_word' id='word_1_331' title='bbox 1146 2179 1180 2201; x_wconf 85' lang='lat' dir='ltr'>se</span> <span class='ocrx_word' id='word_1_332' title='bbox 1211 2169 1390 2201; x_wconf 84' lang='lat' dir='ltr'>extendunt</span> 
     </span>
    </p>
   </div>
  </div>
 </body>
</html>
