1551 2462
111 1420 277 1451 Respondebit

112 1451 242 1480 Kingorne,
255 1457 306 1473 sen-

111 1481 220 1504 ascallus.

174 1788 217 1811 Do.

175 2068 219 2091 Do.

322 199 383 226 258
624 195 789 228 ROTULI
813 194 1049 226 SCACGARH
1281 194 1373 224 1464.

320 289 360 320 (16
381 288 480 320 firmis
497 291 654 320 terrarum
682 288 721 320 de
748 287 978 328 Cassoehquhy
1003 287 1043 318 de
1067 285 1188 318 eisdem
1214 285 1370 317 terminis.

320 339 363 370 Et
385 339 424 370 de
447 349 491 370 xv
513 338 545 370 11.
569 339 608 370 (16
631 338 730 370 firmis
746 338 786 369 de
808 337 934 378 Ardaty
956 336 1044 368 Estir
1066 345 1140 367 cum
1163 335 1267 367 media
1282 338 1373 375 parte

321 388 471 429 ejusdem.
517 388 559 419 Et
580 388 619 419 de
642 388 674 428 vj
699 387 731 418 li.
759 387 816 428 xiij
839 391 862 418 s.
884 387 930 427 iiij
953 386 984 417 d.
1006 386 1046 417 de
1067 385 1167 416 firmis
1182 384 1222 416 de
1244 384 1373 424 Ardaty

321 438 442 469 Westir
465 438 504 468 de
529 437 649 468 eisdem
676 437 828 468 terminis.
874 436 916 467 Et
940 435 979 467 de
1003 446 1025 466 x
1051 435 1083 466 li.
1100 434 1139 465 de
1162 433 1312 465 Lednach
1333 433 1372 464 (16

322 488 417 519 dietis
435 487 588 519 terminis
634 488 677 518 Et
699 487 739 518 de
763 486 817 527 xiij
845 486 876 517 li.
906 486 936 526 vj
961 489 985 516 s.
1012 484 1068 525 viij
1098 484 1127 516 (1,
1144 483 1183 515 (16
1214 483 1313 514 firmis
1334 482 1373 514 de

323 537 409 568 Estir
424 541 456 568 et
474 537 593 568 Westir
609 537 721 577 Busby
736 536 775 567 de
791 535 885 566 dictis
901 534 1056 566 terminis.
1102 534 1145 564 Et
1161 533 1200 564 de
1215 533 1271 573 viij
1289 532 1322 564 11‘.
1338 532 1371 572 vj

322 591 346 619 Ξ.
363 587 418 627 viij
436 587 465 618 d.
482 587 522 617 de
538 586 638 617 firmis
654 590 810 617 terrarum
832 585 872 616 de
895 585 1034 616 Idbarne
1050 583 1090 615 de
1106 583 1201 615 dictis
1216 582 1371 614 terminis.

322 637 365 668 Et
389 636 428 667 de
449 647 470 666 v
490 636 521 667 n.
540 635 578 667 (16
601 635 701 666 firmis
724 638 882 666 terrarum
904 634 943 665 de
964 634 1163 664 Drumearne
1189 633 1228 664 de
1253 632 1374 663 eisdem

322 685 475 717 terminis.
521 686 564 716 Et
579 685 618 716 de
634 684 725 724 xlviij
743 684 774 715 11
791 684 823 724 vj
841 688 864 714 s.
875 683 931 724 viij
949 683 979 714 d.
996 682 1035 714 de
1051 682 1150 714 firmis
1160 684 1315 713 terrarum
1333 681 1373 713 de

323 736 481 767 Dulcrufe
510 746 584 766 cum
607 732 791 765 molendino
815 733 958 774 ejusdem
973 733 1013 764 de
1032 732 1126 763 dictis
1150 732 1294 773 quinque
1310 734 1373 762 ter-

323 785 420 816 minis
446 795 507 825 que
523 795 556 815 se
574 784 753 816 extendunt
765 784 800 814 in
815 793 900 814 anno
916 783 956 814 ad
968 782 1189 813 novemdecim
1204 781 1301 812 libras
1317 790 1373 812 sex

324 835 442 866 solidos
458 837 490 865 et
505 837 576 865 octo
592 833 746 864 denarios.
791 832 834 863 Et
851 832 889 863 de
905 843 927 863 x
943 831 973 863 n.
991 832 1030 862 de
1046 831 1146 862 firmis
1163 834 1318 862 terrarum
1334 830 1374 861 de

324 883 512 916 Clothhoch.
559 883 601 914 Et
624 882 663 914 de
687 891 708 913 v
731 882 762 913 fi.
780 881 819 913 de
843 881 942 912 firmis
966 881 1103 912 duarum
1118 881 1318 912 brasinarum
1335 880 1374 911 de

323 934 482 965 Methven
508 934 547 964 de
574 933 668 964 dictis
695 932 848 963 terminis.
895 931 937 962 Et
963 930 1002 962 de
1029 931 1064 961 xl
1087 930 1119 962 11
1147 930 1186 961 de
1212 930 1312 961 firmis
1335 929 1375 960 de

323 983 552 1025 Tybbyrmello
575 983 614 1014 de
630 982 725 1013 dietis
749 980 932 1023 [terminis]
977 981 1021 1011 Et
1043 980 1082 1011 de
1105 980 1160 1021 xvj
1178 984 1200 1011 6.
1217 979 1273 1020 viij
1291 979 1320 1010 d.
1337 979 1376 1010 de

324 1044 431 1065 annuo
447 1033 574 1065 redditu
587 1033 626 1063 de
643 1033 798 1064 Petcarne
810 1031 849 1062 (16
862 1031 981 1062 eisdem
993 1030 1147 1061 terminis.
1194 1029 1236 1060 Et
1248 1029 1287 1060 de
1299 1028 1334 1060 lv
1342 1028 1375 1060 fi.

325 1084 357 1124 xj
375 1088 397 1115 s.
415 1083 470 1124 viij
485 1083 512 1114 d.
530 1083 569 1114 de
586 1082 686 1113 firmis
702 1082 898 1123 cotagiorum
908 1080 1149 1112 dominicalium
1164 1082 1321 1111 terrarum
1336 1078 1375 1110 de

325 1133 482 1165 Methven
499 1133 537 1164 de
554 1132 649 1163 dictis
671 1132 815 1173 quinque
837 1131 993 1168 terminis,
1009 1141 1072 1171 que
1095 1140 1129 1161 se
1145 1129 1325 1161 extendunt
1340 1128 1376 1159 in

326 1193 409 1214 anno
425 1183 465 1214 ad
488 1182 603 1223 viginti
627 1181 707 1212 duas
723 1181 813 1212 libris
837 1183 974 1221 quatuor
997 1179 1114 1211 solidos
1136 1182 1207 1210 octo
1223 1178 1375 1210 denarios.

325 1233 459 1263 Summa
473 1231 581 1262 totalis
599 1230 804 1267 oneracionis,
819 1229 868 1270 113ο
882 1229 917 1270 iij
932 1229 963 1260 li.
981 1229 1060 1270 xviij
1080 1233 1104 1261 ἔ.
1121 1229 1168 1269 iiij
1186 1228 1215 1259 d.

369 1282 518 1322 Expense
537 1280 688 1321 ejusdem.
735 1280 776 1310 In
798 1279 919 1320 primis,
942 1278 1077 1309 allocate
1098 1277 1298 1318 eomputanti
1322 1287 1379 1317 per

326 1331 521 1362 solucionem
538 1331 655 1361 factam
666 1329 795 1360 domino
811 1329 953 1360 Henrico
966 1329 1004 1360 (16
1020 1328 1195 1369 Kingorne,
1205 1326 1379 1358 senescallo

326 1380 449 1411 familie
466 1380 593 1411 domine
609 1379 725 1420 regine,
741 1379 781 1409 ad
798 1388 954 1419 expensas
971 1377 1125 1409 (10111161111
1141 1376 1293 1431 ejusdem,
1308 1376 1378 1417 ipso

328 1430 450 1461 fatente
476 1432 640 1469 receptum
670 1438 766 1468 super
796 1430 994 1468 computum,
1024 1427 1104 1458 xxix
1129 1426 1161 1457 li.
1189 1426 1234 1466 vij
1262 1436 1296 1462 6,,
1322 1435 1380 1465 pro

328 1480 446 1521 quibus
471 1477 683 1518 respondebit.
730 1477 772 1507 Et
802 1477 916 1514 eidem,
942 1486 999 1516 per
1040 1475 1237 1506 solucionem
1261 1475 1381 1505 factam

328 1529 414 1561 dicto
430 1527 559 1559 domino
582 1526 724 1557 Henrico
748 1525 788 1556 ad
811 1525 938 1556 easdem
961 1535 1125 1565 expensas,
1141 1524 1257 1555 fatenti
1280 1524 1381 1555 eciam

329 1581 493 1619 receptum
510 1586 605 1616 super
621 1578 817 1616 computum,
834 1585 855 1605 x
870 1574 912 1612 n,
928 1585 986 1615 pro
1003 1574 1119 1615 quibus
1136 1574 1236 1604 eciam
1251 1583 1381 1614 respon-

329 1628 424 1659 debit.
470 1627 513 1657 Et
544 1625 655 1662 eidem,
685 1635 742 1665 per
769 1624 964 1655 solucionem
987 1623 1106 1654 factam
1137 1623 1222 1654 dieto
1251 1623 1381 1654 domino

329 1677 471 1708 Henrieo
501 1686 557 1717 per
587 1674 812 1705 liberacionem
851 1673 971 1704 Thome
1009 1673 1177 1714 Olyphant
1213 1682 1254 1704 ex
1291 1676 1382 1713 parte

330 1728 555 1782 computantis,
585 1726 654 1767 ipso
693 1726 795 1757 eciam
825 1725 948 1756 fatente
978 1730 1143 1766 receptum
1173 1734 1268 1765 super
1298 1735 1382 1755 com—

330 1782 454 1819 putum,
485 1776 541 1807 xix
571 1775 602 1806 11.
638 1775 680 1815 vij
714 1785 737 1806 s.
768 1774 801 1815 vj
833 1773 872 1810 (1.,
902 1784 960 1814 pro
991 1774 1108 1814 quibus
1138 1774 1223 1805 idem
1253 1783 1383 1814 respon-

329 1827 425 1858 debit„
471 1826 513 1857 Et
536 1835 592 1866 per
619 1823 815 1855 solucionem
838 1822 956 1854 factam
979 1823 1065 1853 dicto
1088 1823 1217 1853 domino
1240 1822 1382 1853 Henrico

329 1887 386 1917 per
402 1876 524 1907 dictum
540 1875 694 1906 'rhomam
707 1883 746 1904 ex
760 1872 870 1903 eadem
886 1873 1004 1913 parte,
995 1883 1065 1913 ipso
1080 1873 1201 1903 fatente
1217 1876 1382 1912 receptum

331 1936 426 1966 super
449 1928 646 1965 computum,
662 1923 706 1964 xij
723 1922 755 1953 li.
773 1922 830 1961 xiij
847 1926 870 1952 s.
890 1921 936 1962 iiij
955 1922 993 1958 d„
1006 1932 1062 1962 pro
1080 1922 1197 1962 quibus
1212 1921 1382 1962 responde-

332 1976 386 2006 bit.
433 1975 475 2006 Et
505 1974 617 2010 eidem,
647 1983 704 2013 per
741 1971 937 2003 solucionem
974 1971 1092 2002 factam
1129 1971 1215 2002 dicto
1253 1970 1381 2002 domino

331 2024 473 2056 Henrico
498 2034 554 2064 per
580 2032 695 2054 manus
720 2021 944 2061 computantis,
971 2020 1040 2061 ipso
1065 2020 1186 2051 fatente
1216 2024 1381 2060 receptum

333 2084 426 2115 super
442 2076 639 2114 computum,
655 2072 686 2112 xj
704 2071 735 2102 li.
755 2071 785 2112 vj
803 2075 826 2102 s.
842 2070 898 2111 viij
915 2070 954 2107 (1.,
966 2080 1023 2111 pro
1036 2069 1152 2110 quibus
1168 2068 1379 2110 respondebit.

332 2125 374 2155 Et
389 2123 501 2161 eidem,
517 2133 574 2164 pro
596 2122 696 2163 gagiis
723 2120 918 2152 verletorum
942 2119 1062 2151 stabuli
1088 2119 1216 2151 domine
1242 2118 1349 2159 regine
1364 2128 1383 2149 a

1543 1852 1551 1867 1

1541 1874 1551 1891 “-

1544 1903 1551 1924 ⁴

1546 1933 1551 1950 1

1543 1961 1551 1977 d

1540 1980 1551 1989 ῃ

1544 2003 1551 2055 i'

1548 2126 1551 2136 4

1549 2146 1551 2157 1

1548 2181 1551 2189 1
