1551 2462
362 363 422 392 466
673 360 837 392 ROTULI
862 360 1098 392 SGAOOARH
1324 364 1338 392 1
1346 364 1383 393 46
1390 363 1415 393 7.

362 453 459 484 dente
489 452 548 484 hoc
573 458 769 494 computum,
806 453 859 494 xvj
890 457 913 485 ἔ.
970 454 1013 484 Et
1040 453 1152 491 eidem,
1178 463 1234 495 pro
1265 454 1414 486 secundis

362 503 494 535 decimis
510 503 550 535 de
564 503 595 534 10
611 503 719 534 Halch
735 503 774 534 de
798 503 937 534 Brechin
953 503 992 534 de
1016 504 1127 535 eodeni
1143 514 1235 540 anno,
1252 503 1309 544 xiij
1327 508 1350 535 5.
1366 504 1416 545 iiij

362 553 391 584 d.
437 553 481 584 Et
497 553 608 590 eidem,
625 553 663 584 de
687 553 787 584 firmis
803 556 961 584 terrarum
976 553 1016 584 de
1034 553 1270 591 Pettintoskell,
1286 554 1418 594 Petpul-

362 602 455 640 lokis,
497 606 529 634 et
581 602 798 643 Tuliquhilye,
843 603 1001 634 concessis
1040 602 1222 644 Margarete
1264 603 1417 634 Lindesai

364 652 524 684 comitisse
561 652 601 683 de
639 652 782 693 Douglas
820 662 921 693 usque
952 655 1071 683 etatem
1112 652 1194 693 regis
1232 653 1418 693 quindecim

364 712 530 739 annorum,
567 702 624 743 qui
661 712 748 733 nunc
786 702 973 743 completur,
1011 706 1049 732 nt
1086 705 1176 743 patet
1212 712 1270 743 per
1307 702 1417 734 literas

364 752 446 793 regis
476 752 555 783 alias
586 755 728 783 ostensas
767 761 863 792 super
900 754 1096 792 computum,
1125 751 1171 792 (10
1209 762 1293 783 anno
1330 762 1416 783 00111-

364 802 437 843 puti
481 805 513 833 et
543 802 603 833 sub
639 801 780 842 periculo
812 801 1037 842 computantis,
1083 801 1186 842 xxxiij
1224 801 1255 832 fi.
1294 802 1351 842 viij
1391 806 1415 833 ἓ.
1476 811 1479 813 ’
1514 806 1516 808 ’

365 852 422 892 viij
440 851 469 882 d.
517 851 560 882 Et
584 851 749 892 capellano
772 851 868 882 castri
885 851 923 882 de
946 850 1060 882 Avach
1083 854 1117 882 et
1139 851 1324 888 Eddirdule,
1347 862 1418 892 per-

365 900 497 941 cipienti
519 901 687 931 annuatim
710 900 853 941 quinque
875 900 974 931 libras
997 910 1038 931 ex
1061 900 1194 941 antiqua
1217 901 1418 938 fundacione,

365 953 403 980 ut
433 952 523 990 patet
553 949 588 980 in
617 949 732 980 rotulis
766 949 1022 989 precedentibus,
1052 949 1091 980 de
1128 949 1266 980 termino
1308 950 1419 981 Sancti

366 1000 502 1031 Martini
517 999 615 1040 hujus
639 999 782 1039 computi
798 999 858 1030 5111)
874 999 1015 1039 periculo
1039 999 1264 1040 computantis,
1280 999 1293 1030 1
1308 1004 1330 1030 s.
1377 1000 1420 1030 Et

365 1049 531 1090 capellano
547 1048 722 1080 celebranti
737 1048 771 1079 111
794 1048 927 1079 ecclesia
951 1048 1061 1079 Sancti
1084 1048 1227 1079 Duthaci
1248 1048 1286 1080 de
1303 1049 1420 1089 Tayne,

367 1100 501 1130 fundato
531 1109 588 1140 per
617 1099 782 1130 dominum
813 1108 919 1139 regem
957 1097 1041 1129 clare
1071 1098 1222 1129 memorie
1261 1098 1420 1129 Jacobum

368 1149 545 1180 secundum
561 1148 600 1179 de
616 1148 708 1179 terris
725 1148 763 1178 de
776 1147 945 1178 Dunscath
969 1157 1042 1178 cum
1057 1147 1212 1188 passagio,
1228 1147 1420 1188 percipienti
1442 1140 1449 1142 ”

368 1199 537 1229 annuatim
552 1198 661 1229 decem
684 1201 815 1235 marcae,
838 1197 877 1228 de
901 1197 1012 1228 eodem
1034 1197 1171 1228 termino
1195 1200 1228 1228 et
1250 1197 1309 1228 sub
1333 1198 1419 1229 dicto

367 1248 518 1289 periculo,
540 1247 577 1289 iij
592 1247 624 1279 n.
650 1247 681 1288 vj
699 1252 721 1279 5.
746 1247 801 1288 viij
819 1247 849 1278 d.
894 1247 937 1278 Et
959 1247 1058 1288 priori
1081 1247 1120 1278 de
1143 1247 1234 1278 Bello
1250 1247 1342 1284 Loco,
1363 1258 1420 1288 pro

368 1308 475 1329 annuo
490 1297 617 1328 redditu
640 1297 702 1329 sibi
725 1296 833 1328 debito
856 1300 888 1328 et
911 1307 976 1328 una
1002 1297 1085 1328 libra
1110 1296 1229 1338 piperis
1256 1297 1364 1328 debita
1380 1297 1420 1328 ad

367 1348 488 1379 festum
511 1347 620 1378 Sancti
646 1346 782 1378 Martini
806 1346 846 1377 de
869 1346 961 1377 terris
985 1346 1024 1377 de
1048 1346 1163 1377 Avach
1188 1349 1220 1377 et
1236 1346 1421 1385 Eddirdule‚

369 1397 409 1428 de
424 1396 536 1427 eodem
551 1396 688 1427 termino
705 1399 737 1427 et
753 1396 812 1427 sub
836 1396 921 1427 dicto
945 1396 1095 1436 periculo,
1111 1396 1181 1436 xliiJ'
1199 1400 1223 1427 ἔ.
1239 1396 1286 1437 111]
1303 1396 1333 1428 d.
1379 1397 1422 1428 Et

369 1446 530 1478 Celestino
560 1446 600 1477 de
627 1445 758 1482 Insulis,
784 1456 824 1476 ex
848 1445 1050 1476 concessione
1075 1445 1198 1476 domini
1227 1446 1309 1486 regis
1340 1446 1422 1478 bone

368 1496 520 1526 memorie
536 1495 575 1526 de
591 1495 682 1526 teiris
694 1495 733 1526 de
746 1495 921 1526 Eddirdule
934 1505 991 1536 pro
1004 1496 1148 1526 custodia
1161 1496 1256 1527 castri
1269 1496 1421 1536 ejusdem,

368 1545 408 1575 de
424 1544 535 1575 eodem
558 1544 704 1581 termino,
728 1544 784 1584 xiij
799 1544 829 1575 l'i.
847 1545 879 1585 vj
897 1548 920 1575 5.
948 1545 1004 1585 viij
1022 1544 1050 1575 d.
1097 1544 1142 1576 Et
1164 1555 1252 1576 maro
1275 1545 1314 1576 de
1338 1545 1421 1577 Ard-

370 1593 514 1631 manoch,
536 1603 593 1634 pro
624 1593 716 1624 feodo
747 1603 804 1624 suo
835 1593 873 1624 de
904 1593 996 1624 firma
1026 1594 1126 1624 crofte
1154 1604 1210 1625 sue
1237 1588 1280 1625 ‘de
1310 1595 1421 1626 eodem

369 1643 515 1679 termino,
545 1642 590 1682 xij
622 1642 651 1673 d.
711 1642 754 1672 Et
784 1641 897 1679 eidem,
924 1642 962 1673 de
979 1642 1071 1673 firma
1101 1643 1200 1674 crofte
1231 1643 1312 1674 mari
1338 1644 1421 1684 ejus·
1446 1655 1448 1657 ·

370 1692 443 1723 dem
484 1691 523 1722 de
565 1691 676 1722 eodem
716 1691 863 1728 termino,
904 1691 948 1731 xij
989 1691 1018 1722 d.
1065 1692 1107 1722 Et
1149 1692 1329 1724 cursoribus
1382 1693 1422 1724 de

368 1741 584 1778 Ardmanoch,
636 1751 692 1782 pro
752 1741 852 1772 feodis
898 1741 963 1772 suis
1016 1741 1054 1772 de
1099 1741 1190 1773 firma
1249 1742 1422 1774 croftarum

370 1801 500 1822 suarum
517 1791 555 1822 de
571 1790 682 1822 eodem
698 1791 844 1827 termino,
859 1790 893 1830 iij
912 1794 936 1821 5.
960 1790 1006 1831 111]
1025 1790 1053 1822 d.
1099 1791 1142 1822 Et
1163 1791 1275 1829 eidem,
1290 1802 1348 1833 pro
1365 1793 1422 1834 xiij

369 1841 483 1872 martis
505 1841 527 1881 ij
545 1840 701 1881 quarteris
718 1840 811 1871 dictis
834 1840 1008 1880 rynmartis
1024 1840 1062 1871 de
1085 1840 1214 1872 baronia
1231 1841 1270 1872 de
1285 1841 1423 1873 Ardma-

371 1891 462 1928 noch,
479 1900 536 1931 pro
552 1900 687 1931 quarum
710 1890 854 1930 qualibet
877 1889 1056 1920 allocantur
1078 1890 1255 1922 husbandis
1278 1891 1422 1932 quinque

372 1940 474 1978 solidi,
490 1940 525 1970 in
535 1939 620 1971 dicto
636 1939 773 1970 termino
786 1939 896 1970 Sancti
911 1939 1056 1976 Martini,
1066 1939 1142 1980 quia
1157 1943 1235 1971 tunc
1251 1940 1423 1972 solvuntur

372 1993 509 2027 tantum,
525 1989 559 2030 11]
576 1989 609 2021 H.
625 1989 669 2030 vij
687 1993 711 2020 5.
727 1989 758 2029 vj
777 1988 806 2020 d.
851 1989 894 2019 Et
915 1988 1027 2026 eidem,
1043 1999 1099 2030 pro
1122 1989 1178 2030 xiij
1197 1990 1383 2021 mutonibus
1398 1990 1421 2030 1]

373 2039 530 2081 quarteris
546 2038 639 2070 dictis
658 2042 873 2080 rynmutonne
896 2038 936 2070 de
952 2039 1038 2069 dicta
1061 2038 1198 2076 baronia,
1213 2049 1270 2080 pro
1286 2049 1422 2080 quorum

373 2089 517 2130 quolibet
533 2088 711 2120 allocantur
727 2088 903 2119 husbandis
926 2088 1093 2119 duodecim
1110 2088 1240 2126 denarii,
1256 2088 1295 2121 de
1311 2089 1422 2121 eodem

372 2139 518 2175 termino,
534 2138 590 2179 xiij
609 2143 630 2169 5.
649 2139 680 2179 ν]
698 2138 726 2169 d.
772 2138 815 2169 Et
838 2137 957 2169 eisdem
979 2137 1156 2169 husbandis
1179 2148 1236 2179 pro
1258 2139 1423 2171 trisdecim

372 2189 487 2220 celdris
512 2198 568 2220 sex
591 2188 684 2219 bollis
700 2187 798 2218 brasii
820 2190 853 2219 et
876 2187 976 2219 farine
1004 2188 1176 2225 avenatice,
1200 2198 1256 2229 pro
1286 2199 1422 2230 quarum

372 2238 516 2279 qualibet
546 2237 652 2269 celdra
677 2236 855 2268 allocantur
884 2236 1060 2268 husbandis
1087 2237 1224 2269 sedecim
1252 2238 1355 2276 solidi,
1383 2238 1422 2270 de

373 2288 482 2320 eodem
495 2287 631 2319 termino
656 2287 767 2318 Sancti
783 2286 926 2324 Martini,
943 2297 964 2317 x
980 2286 1010 2318 11.
1036 2287 1105 2327 xiiij
1123 2291 1145 2318 s.
1192 2287 1234 2319 Et
1258 2287 1423 2320 forestario
