<?xml version="1.0" encoding="UTF-8"?>
<!DOCTYPE html PUBLIC "-//W3C//DTD XHTML 1.0 Transitional//EN"
    "http://www.w3.org/TR/xhtml1/DTD/xhtml1-transitional.dtd">
<html xmlns="http://www.w3.org/1999/xhtml" xml:lang="en" lang="en">
 <head>
  <title>
</title>
<meta http-equiv="Content-Type" content="text/html;charset=utf-8" />
  <meta name='ocr-system' content='tesseract 3.04.00' />
  <meta name='ocr-capabilities' content='ocr_page ocr_carea ocr_par ocr_line ocrx_word'/>
</head>
<body>
  <div class='ocr_page' id='page_1' title='image "./rotuliscaccariir07scot_0091.png"; bbox 0 0 1551 2462; ppageno 0'>
   <div class='ocr_carea' id='block_1_1' title="bbox 0 0 113 147">
    <p class='ocr_par' dir='ltr' id='par_1_1' title="bbox 0 0 113 147">
     <span class='ocr_line' id='line_1_1' title="bbox 0 0 113 147; baseline 0 2315"><span class='ocrx_word' id='word_1_1' title='bbox 0 0 113 147; x_wconf 95' lang='lat' dir='ltr'> </span> 
     </span>
    </p>
   </div>
   <div class='ocr_carea' id='block_1_2' title="bbox 1 1335 9 2080">
    <p class='ocr_par' dir='ltr' id='par_1_2' title="bbox 1 1335 9 2080">
     <span class='ocr_line' id='line_1_2' title="bbox 1 1335 9 2080; baseline 0 0"><span class='ocrx_word' id='word_1_2' title='bbox 1 1335 9 2080; x_wconf 95' lang='lat' dir='ltr'> </span> 
     </span>
    </p>
   </div>
   <div class='ocr_carea' id='block_1_3' title="bbox 0 1651 16 2462">
    <p class='ocr_par' dir='ltr' id='par_1_3' title="bbox 0 1651 16 2462">
     <span class='ocr_line' id='line_1_3' title="bbox 0 1651 16 2462; baseline 0 0"><span class='ocrx_word' id='word_1_3' title='bbox 0 1651 16 2462; x_wconf 95' lang='lat' dir='ltr'> </span> 
     </span>
    </p>
   </div>
   <div class='ocr_carea' id='block_1_4' title="bbox 117 271 1164 304">
    <p class='ocr_par' dir='ltr' id='par_1_4' title="bbox 117 271 1164 304">
     <span class='ocr_line' id='line_1_4' title="bbox 117 271 1164 304; baseline -0.002 0"><span class='ocrx_word' id='word_1_4' title='bbox 117 275 206 304; x_wconf 88' lang='lat'>1460.</span> <span class='ocrx_word' id='word_1_5' title='bbox 425 271 586 303; x_wconf 80' lang='lat' dir='ltr'>REGUM</span> <span class='ocrx_word' id='word_1_6' title='bbox 611 271 860 303; x_wconf 81' lang='lat' dir='ltr'>SOOTORUM.</span> <span class='ocrx_word' id='word_1_7' title='bbox 1127 274 1164 302; x_wconf 88' lang='grc'>13</span> 
     </span>
    </p>
   </div>
   <div class='ocr_carea' id='block_1_5' title="bbox 115 365 1166 456">
    <p class='ocr_par' dir='ltr' id='par_1_5' title="bbox 115 365 1166 456">
     <span class='ocr_line' id='line_1_5' title="bbox 115 365 1166 407; baseline -0.001 -10"><span class='ocrx_word' id='word_1_8' title='bbox 115 366 171 407; x_wconf 87' lang='lat' dir='ltr'>viij</span> <span class='ocrx_word' id='word_1_9' title='bbox 188 365 298 397; x_wconf 84' lang='lat' dir='ltr'>martis</span> <span class='ocrx_word' id='word_1_10' title='bbox 318 365 462 396; x_wconf 82' lang='lat' dir='ltr'>liberatis</span> <span class='ocrx_word' id='word_1_11' title='bbox 486 365 526 396; x_wconf 74' lang='lat' dir='ltr'>acl</span> <span class='ocrx_word' id='word_1_12' title='bbox 549 375 704 406; x_wconf 82' lang='lat' dir='ltr'>expensas</span> <span class='ocrx_word' id='word_1_13' title='bbox 729 365 882 396; x_wconf 81' lang='lat' dir='ltr'>domicilii</span> <span class='ocrx_word' id='word_1_14' title='bbox 898 365 1021 396; x_wconf 89' lang='lat' dir='ltr'>domini</span> <span class='ocrx_word' id='word_1_15' title='bbox 1036 365 1117 406; x_wconf 86' lang='lat' dir='ltr'>regis</span> <span class='ocrx_word' id='word_1_16' title='bbox 1134 368 1166 396; x_wconf 84' lang='lat' dir='ltr'>et</span> 
     </span>
     <span class='ocr_line' id='line_1_6' title="bbox 115 415 1166 456; baseline -0.002 -9"><span class='ocrx_word' id='word_1_17' title='bbox 115 415 256 448; x_wconf 86' lang='lat' dir='ltr'>liberatis</span> <span class='ocrx_word' id='word_1_18' title='bbox 273 415 411 446; x_wconf 81' lang='lat' dir='ltr'>Roberto</span> <span class='ocrx_word' id='word_1_19' title='bbox 427 415 591 446; x_wconf 83' lang='lat' dir='ltr'>Forestare</span> <span class='ocrx_word' id='word_1_20' title='bbox 608 415 646 446; x_wconf 91' lang='lat' dir='ltr'>de</span> <span class='ocrx_word' id='word_1_21' title='bbox 669 415 801 446; x_wconf 80' lang='lat' dir='ltr'>Torwod</span> <span class='ocrx_word' id='word_1_22' title='bbox 824 418 897 456; x_wconf 83' lang='lat' dir='ltr'>post</span> <span class='ocrx_word' id='word_1_23' title='bbox 912 415 1065 446; x_wconf 76' lang='lat' dir='ltr'>ultimum</span> <span class='ocrx_word' id='word_1_24' title='bbox 1081 425 1166 446; x_wconf 80' lang='lat' dir='ltr'>scac-</span> 
     </span>
    </p>
   </div>
   <div class='ocr_carea' id='block_1_6' title="bbox 59 464 1166 506">
    <p class='ocr_par' dir='ltr' id='par_1_6' title="bbox 59 464 1166 506">
     <span class='ocr_line' id='line_1_7' title="bbox 59 464 1166 506; baseline -0.002 -9"><span class='ocrx_word' id='word_1_25' title='bbox 59 468 61 470; x_wconf 81' lang='grc'><strong>’</strong></span> <span class='ocrx_word' id='word_1_26' title='bbox 115 466 244 503; x_wconf 85' lang='lat' dir='ltr'>carium,</span> <span class='ocrx_word' id='word_1_27' title='bbox 259 465 402 506; x_wconf 85' lang='lat' dir='ltr'>precium</span> <span class='ocrx_word' id='word_1_28' title='bbox 418 468 520 495; x_wconf 79' lang='lat' dir='ltr'>marte.</span> <span class='ocrx_word' id='word_1_29' title='bbox 536 464 679 505; x_wconf 87' lang='lat' dir='ltr'>quinque</span> <span class='ocrx_word' id='word_1_30' title='bbox 695 464 789 504; x_wconf 83' lang='lat' dir='ltr'>solidi</span> <span class='ocrx_word' id='word_1_31' title='bbox 806 464 965 496; x_wconf 81' lang='lat' dir='ltr'>allocandi</span> <span class='ocrx_word' id='word_1_32' title='bbox 980 464 1166 502; x_wconf 83' lang='lat' dir='ltr'>husbandis,</span> 
     </span>
    </p>
   </div>
   <div class='ocr_carea' id='block_1_7' title="bbox 115 513 1166 804">
    <p class='ocr_par' dir='ltr' id='par_1_7' title="bbox 115 513 1166 804">
     <span class='ocr_line' id='line_1_8' title="bbox 115 513 1164 554; baseline -0.001 -9"><span class='ocrx_word' id='word_1_33' title='bbox 115 514 150 545; x_wconf 90' lang='lat' dir='ltr'>xl</span> <span class='ocrx_word' id='word_1_34' title='bbox 165 518 188 545; x_wconf 69' lang='grc' dir='ltr'>ἔ.</span> <span class='ocrx_word' id='word_1_35' title='bbox 232 514 275 545; x_wconf 82' lang='lat' dir='ltr'>Et</span> <span class='ocrx_word' id='word_1_36' title='bbox 297 514 409 551; x_wconf 84' lang='lat' dir='ltr'>eidem,</span> <span class='ocrx_word' id='word_1_37' title='bbox 433 524 490 554; x_wconf 84' lang='lat' dir='ltr'>pro</span> <span class='ocrx_word' id='word_1_38' title='bbox 514 513 691 554; x_wconf 83' lang='lat' dir='ltr'>agitacione</span> <span class='ocrx_word' id='word_1_39' title='bbox 715 513 873 544; x_wconf 79' lang='lat' dir='ltr'>dictarum</span> <span class='ocrx_word' id='word_1_40' title='bbox 892 517 1076 550; x_wconf 71' lang='lat' dir='ltr'>marterum,</span> <span class='ocrx_word' id='word_1_41' title='bbox 1092 514 1124 554; x_wconf 87' lang='lat' dir='ltr'>vj</span> <span class='ocrx_word' id='word_1_42' title='bbox 1142 517 1164 544; x_wconf 67' lang='grc' dir='ltr'>Ξ.</span> 
     </span>
     <span class='ocr_line' id='line_1_9' title="bbox 116 562 1166 604; baseline 0 -10"><span class='ocrx_word' id='word_1_43' title='bbox 116 563 171 604; x_wconf 83' lang='lat' dir='ltr'>viij</span> <span class='ocrx_word' id='word_1_44' title='bbox 203 562 232 594; x_wconf 79' lang='lat' dir='ltr'>d.</span> <span class='ocrx_word' id='word_1_45' title='bbox 277 564 319 594; x_wconf 87' lang='lat' dir='ltr'>Et</span> <span class='ocrx_word' id='word_1_46' title='bbox 343 563 455 600; x_wconf 87' lang='lat' dir='ltr'>eidem,</span> <span class='ocrx_word' id='word_1_47' title='bbox 481 563 520 594; x_wconf 89' lang='lat' dir='ltr'>de</span> <span class='ocrx_word' id='word_1_48' title='bbox 548 563 648 594; x_wconf 86' lang='lat' dir='ltr'>firmis</span> <span class='ocrx_word' id='word_1_49' title='bbox 673 566 830 594; x_wconf 84' lang='lat' dir='ltr'>terrarum</span> <span class='ocrx_word' id='word_1_50' title='bbox 861 563 900 594; x_wconf 84' lang='lat' dir='ltr'>de</span> <span class='ocrx_word' id='word_1_51' title='bbox 931 563 1102 594; x_wconf 87' lang='lat' dir='ltr'>Glenrosse</span> <span class='ocrx_word' id='word_1_52' title='bbox 1133 567 1166 594; x_wconf 80' lang='lat' dir='ltr'>et</span> 
     </span>
     <span class='ocr_line' id='line_1_10' title="bbox 118 612 1165 654; baseline -0.001 -10"><span class='ocrx_word' id='word_1_53' title='bbox 118 612 364 654; x_wconf 86' lang='lat' dir='ltr'>Coryknokduff</span> <span class='ocrx_word' id='word_1_54' title='bbox 376 613 410 643; x_wconf 91' lang='lat' dir='ltr'>in</span> <span class='ocrx_word' id='word_1_55' title='bbox 426 613 533 644; x_wconf 83' lang='lat' dir='ltr'>insula</span> <span class='ocrx_word' id='word_1_56' title='bbox 550 613 589 644; x_wconf 85' lang='lat' dir='ltr'>de</span> <span class='ocrx_word' id='word_1_57' title='bbox 601 613 718 650; x_wconf 72' lang='lat' dir='ltr'>Arane,</span> <span class='ocrx_word' id='word_1_58' title='bbox 731 623 771 644; x_wconf 78' lang='lat' dir='ltr'>ex</span> <span class='ocrx_word' id='word_1_59' title='bbox 787 623 823 644; x_wconf 85' lang='lat' dir='ltr'>eo</span> <span class='ocrx_word' id='word_1_60' title='bbox 840 613 925 654; x_wconf 86' lang='lat' dir='ltr'>quod</span> <span class='ocrx_word' id='word_1_61' title='bbox 936 613 1165 644; x_wconf 79' lang='lat' dir='ltr'>assedabautur</span> 
     </span>
     <span class='ocr_line' id='line_1_11' title="bbox 115 662 1165 703; baseline 0 -9"><span class='ocrx_word' id='word_1_62' title='bbox 115 662 278 694; x_wconf 85' lang='lat' dir='ltr'>Willelmo</span> <span class='ocrx_word' id='word_1_63' title='bbox 302 663 437 694; x_wconf 85' lang='lat' dir='ltr'>Stewart</span> <span class='ocrx_word' id='word_1_64' title='bbox 459 665 492 694; x_wconf 91' lang='lat' dir='ltr'>et</span> <span class='ocrx_word' id='word_1_65' title='bbox 515 662 582 703; x_wconf 86' lang='lat' dir='ltr'>ipse</span> <span class='ocrx_word' id='word_1_66' title='bbox 606 662 729 693; x_wconf 80' lang='lat' dir='ltr'>dimisit</span> <span class='ocrx_word' id='word_1_67' title='bbox 752 673 804 694; x_wconf 80' lang='lat' dir='ltr'>eas</span> <span class='ocrx_word' id='word_1_68' title='bbox 827 666 943 700; x_wconf 80' lang='lat' dir='ltr'>vastas,</span> <span class='ocrx_word' id='word_1_69' title='bbox 967 663 1005 694; x_wconf 91' lang='lat' dir='ltr'>de</span> <span class='ocrx_word' id='word_1_70' title='bbox 1029 663 1165 694; x_wconf 81' lang='lat' dir='ltr'>termino</span> 
     </span>
     <span class='ocr_line' id='line_1_12' title="bbox 115 712 1165 754; baseline -0.001 -10"><span class='ocrx_word' id='word_1_71' title='bbox 115 713 252 754; x_wconf 81' lang='lat' dir='ltr'>compoti</span> <span class='ocrx_word' id='word_1_72' title='bbox 275 715 308 744; x_wconf 84' lang='lat' dir='ltr'>et</span> <span class='ocrx_word' id='word_1_73' title='bbox 330 713 434 744; x_wconf 83' lang='lat' dir='ltr'>tribus</span> <span class='ocrx_word' id='word_1_74' title='bbox 458 712 603 744; x_wconf 86' lang='lat' dir='ltr'>terminis</span> <span class='ocrx_word' id='word_1_75' title='bbox 627 712 871 753; x_wconf 78' lang='lat' dir='ltr'>precedentibus</span> <span class='ocrx_word' id='word_1_76' title='bbox 894 712 954 744; x_wconf 81' lang='lat' dir='ltr'>hoc</span> <span class='ocrx_word' id='word_1_77' title='bbox 973 715 1165 753; x_wconf 79' lang='lat' dir='ltr'>compotum,</span> 
     </span>
     <span class='ocr_line' id='line_1_13' title="bbox 115 762 1165 804; baseline 0 -11"><span class='ocrx_word' id='word_1_78' title='bbox 115 763 146 804; x_wconf 88' lang='lat' dir='ltr'>vj</span> <span class='ocrx_word' id='word_1_79' title='bbox 169 762 200 794; x_wconf 74' lang='lat' dir='ltr'>fi.</span> <span class='ocrx_word' id='word_1_80' title='bbox 224 763 278 803; x_wconf 83' lang='lat' dir='ltr'>xvj</span> <span class='ocrx_word' id='word_1_81' title='bbox 303 767 327 794; x_wconf 73' lang='grc' dir='ltr'>ἔ.</span> <span class='ocrx_word' id='word_1_82' title='bbox 351 763 406 803; x_wconf 82' lang='lat' dir='ltr'>viij</span> <span class='ocrx_word' id='word_1_83' title='bbox 438 762 468 794; x_wconf 74' lang='lat' dir='ltr'>d.</span> <span class='ocrx_word' id='word_1_84' title='bbox 526 763 568 793; x_wconf 89' lang='lat' dir='ltr'>Et</span> <span class='ocrx_word' id='word_1_85' title='bbox 599 762 711 800; x_wconf 86' lang='lat' dir='ltr'>eidem,</span> <span class='ocrx_word' id='word_1_86' title='bbox 742 773 798 803; x_wconf 87' lang='lat' dir='ltr'>per</span> <span class='ocrx_word' id='word_1_87' title='bbox 824 762 1019 794; x_wconf 78' lang='lat' dir='ltr'>solucionem</span> <span class='ocrx_word' id='word_1_88' title='bbox 1047 762 1165 794; x_wconf 79' lang='lat' dir='ltr'>factam</span> 
     </span>
    </p>
   </div>
   <div class='ocr_carea' id='block_1_8' title="bbox 69 812 1343 854">
    <p class='ocr_par' dir='ltr' id='par_1_8' title="bbox 69 812 1343 854">
     <span class='ocr_line' id='line_1_14' title="bbox 69 812 1343 854; baseline 0 -11"><span class='ocrx_word' id='word_1_89' title='bbox 69 823 72 827; x_wconf 84' lang='grc'><strong><em>’</em></strong></span> <span class='ocrx_word' id='word_1_90' title='bbox 115 813 265 854; x_wconf 80' lang='lat' dir='ltr'>magistro</span> <span class='ocrx_word' id='word_1_91' title='bbox 283 812 466 844; x_wconf 82' lang='lat' dir='ltr'>Alexandro</span> <span class='ocrx_word' id='word_1_92' title='bbox 483 813 626 854; x_wconf 81' lang='lat' dir='ltr'>Murray,</span> <span class='ocrx_word' id='word_1_93' title='bbox 643 812 759 843; x_wconf 81' lang='lat' dir='ltr'>fatenti</span> <span class='ocrx_word' id='word_1_94' title='bbox 783 815 947 853; x_wconf 77' lang='lat' dir='ltr'>receptum</span> <span class='ocrx_word' id='word_1_95' title='bbox 970 823 1065 853; x_wconf 82' lang='lat' dir='ltr'>super</span> <span class='ocrx_word' id='word_1_96' title='bbox 1080 823 1164 844; x_wconf 89' lang='lat' dir='ltr'>oom-</span> <span class='ocrx_word' id='word_1_97' title='bbox 1179 819 1343 848; x_wconf 79' lang='lat' dir='ltr'>Respondebit</span> 
     </span>
    </p>
   </div>
   <div class='ocr_carea' id='block_1_9' title="bbox 113 849 1286 903">
    <p class='ocr_par' dir='ltr' id='par_1_9' title="bbox 113 849 1286 903">
     <span class='ocr_line' id='line_1_15' title="bbox 113 849 1286 903; baseline -0.003 -10"><span class='ocrx_word' id='word_1_98' title='bbox 113 865 233 903; x_wconf 84' lang='lat' dir='ltr'>potum,</span> <span class='ocrx_word' id='word_1_99' title='bbox 256 862 368 903; x_wconf 83' lang='lat' dir='ltr'>xxxvij</span> <span class='ocrx_word' id='word_1_100' title='bbox 394 862 427 893; x_wconf 72' lang='lat' dir='ltr'>n.</span> <span class='ocrx_word' id='word_1_101' title='bbox 451 862 473 903; x_wconf 80' lang='lat' dir='ltr'>ij</span> <span class='ocrx_word' id='word_1_102' title='bbox 498 866 521 893; x_wconf 76' lang='lat' dir='ltr'>s.</span> <span class='ocrx_word' id='word_1_103' title='bbox 546 872 567 893; x_wconf 78' lang='lat' dir='ltr'>x</span> <span class='ocrx_word' id='word_1_104' title='bbox 590 861 629 899; x_wconf 83' lang='lat' dir='ltr'>d.‚</span> <span class='ocrx_word' id='word_1_105' title='bbox 645 872 700 902; x_wconf 84' lang='lat' dir='ltr'>pro</span> <span class='ocrx_word' id='word_1_106' title='bbox 725 862 841 903; x_wconf 82' lang='lat' dir='ltr'>quibus</span> <span class='ocrx_word' id='word_1_107' title='bbox 865 862 1077 903; x_wconf 57' lang='lat' dir='ltr'>respondebit„</span> <span class='ocrx_word' id='word_1_108' title='bbox 1124 862 1166 893; x_wconf 86' lang='lat' dir='ltr'>Et</span> <span class='ocrx_word' id='word_1_109' title='bbox 1180 849 1286 878; x_wconf 79' lang='lat' dir='ltr'>Murray.</span> 
     </span>
    </p>
   </div>
   <div class='ocr_carea' id='block_1_10' title="bbox 111 911 1166 1102">
    <p class='ocr_par' dir='ltr' id='par_1_10' title="bbox 111 911 1166 1102">
     <span class='ocr_line' id='line_1_16' title="bbox 113 911 1166 953; baseline 0.001 -11"><span class='ocrx_word' id='word_1_110' title='bbox 113 911 224 950; x_wconf 85' lang='lat' dir='ltr'>eidem,</span> <span class='ocrx_word' id='word_1_111' title='bbox 247 911 286 943; x_wconf 83' lang='lat' dir='ltr'>de</span> <span class='ocrx_word' id='word_1_112' title='bbox 311 911 412 943; x_wconf 88' lang='lat' dir='ltr'>firmis</span> <span class='ocrx_word' id='word_1_113' title='bbox 436 915 519 942; x_wconf 86' lang='lat' dir='ltr'>terre</span> <span class='ocrx_word' id='word_1_114' title='bbox 543 911 581 942; x_wconf 89' lang='lat' dir='ltr'>de</span> <span class='ocrx_word' id='word_1_115' title='bbox 606 911 853 953; x_wconf 82' lang='lat' dir='ltr'>Gleuscharwag</span> <span class='ocrx_word' id='word_1_116' title='bbox 869 912 902 942; x_wconf 87' lang='lat' dir='ltr'>in</span> <span class='ocrx_word' id='word_1_117' title='bbox 924 912 1031 943; x_wconf 82' lang='lat' dir='ltr'>eadem</span> <span class='ocrx_word' id='word_1_118' title='bbox 1049 912 1166 949; x_wconf 80' lang='lat' dir='ltr'>insula,</span> 
     </span>
     <span class='ocr_line' id='line_1_17' title="bbox 113 961 1166 1003; baseline 0.001 -11"><span class='ocrx_word' id='word_1_119' title='bbox 113 962 255 993; x_wconf 74' lang='lat' dir='ltr'>assedate</span> <span class='ocrx_word' id='word_1_120' title='bbox 270 961 399 1003; x_wconf 80' lang='lat' dir='ltr'>Nigeilo</span> <span class='ocrx_word' id='word_1_121' title='bbox 420 961 569 1002; x_wconf 77' lang='lat' dir='ltr'>M‘Duffy</span> <span class='ocrx_word' id='word_1_122' title='bbox 586 965 618 992; x_wconf 83' lang='lat' dir='ltr'>et</span> <span class='ocrx_word' id='word_1_123' title='bbox 634 961 763 993; x_wconf 88' lang='lat' dir='ltr'>dimisse</span> <span class='ocrx_word' id='word_1_124' title='bbox 779 965 870 993; x_wconf 82' lang='lat' dir='ltr'>vasta</span> <span class='ocrx_word' id='word_1_125' title='bbox 885 973 941 1003; x_wconf 93' lang='lat' dir='ltr'>per</span> <span class='ocrx_word' id='word_1_126' title='bbox 964 962 1110 1001; x_wconf 86' lang='lat' dir='ltr'>eundem,</span> <span class='ocrx_word' id='word_1_127' title='bbox 1127 962 1166 994; x_wconf 86' lang='lat' dir='ltr'>de</span> 
     </span>
     <span class='ocr_line' id='line_1_18' title="bbox 113 1010 1166 1053; baseline 0.001 -11"><span class='ocrx_word' id='word_1_128' title='bbox 113 1011 231 1042; x_wconf 86' lang='lat' dir='ltr'>eisdem</span> <span class='ocrx_word' id='word_1_129' title='bbox 254 1011 408 1048; x_wconf 74' lang='lat' dir='ltr'>terminis,</span> <span class='ocrx_word' id='word_1_130' title='bbox 424 1011 459 1042; x_wconf 86' lang='lat' dir='ltr'>xl</span> <span class='ocrx_word' id='word_1_131' title='bbox 474 1015 496 1043; x_wconf 70' lang='lat' dir='ltr'>s.</span> <span class='ocrx_word' id='word_1_132' title='bbox 543 1011 585 1042; x_wconf 83' lang='lat' dir='ltr'>Et</span> <span class='ocrx_word' id='word_1_133' title='bbox 608 1010 720 1049; x_wconf 84' lang='lat' dir='ltr'>eidem,</span> <span class='ocrx_word' id='word_1_134' title='bbox 737 1011 775 1042; x_wconf 85' lang='lat' dir='ltr'>de</span> <span class='ocrx_word' id='word_1_135' title='bbox 792 1011 890 1042; x_wconf 86' lang='lat' dir='ltr'>firmis</span> <span class='ocrx_word' id='word_1_136' title='bbox 907 1015 988 1043; x_wconf 81' lang='lat' dir='ltr'>terre</span> <span class='ocrx_word' id='word_1_137' title='bbox 1005 1012 1043 1043; x_wconf 87' lang='lat' dir='ltr'>de</span> <span class='ocrx_word' id='word_1_138' title='bbox 1060 1011 1166 1053; x_wconf 84' lang='lat' dir='ltr'>Kery-</span> 
     </span>
     <span class='ocr_line' id='line_1_19' title="bbox 111 1060 1164 1102; baseline 0.001 -11"><span class='ocrx_word' id='word_1_139' title='bbox 111 1060 281 1097; x_wconf 87' lang='lat' dir='ltr'>lowmond,</span> <span class='ocrx_word' id='word_1_140' title='bbox 292 1061 447 1092; x_wconf 79' lang='lat' dir='ltr'>concessis</span> <span class='ocrx_word' id='word_1_141' title='bbox 461 1071 516 1101; x_wconf 86' lang='lat' dir='ltr'>pro</span> <span class='ocrx_word' id='word_1_142' title='bbox 532 1060 672 1101; x_wconf 74' lang='lat' dir='ltr'>presenti</span> <span class='ocrx_word' id='word_1_143' title='bbox 689 1071 727 1091; x_wconf 79' lang='lat' dir='ltr'>ex</span> <span class='ocrx_word' id='word_1_144' title='bbox 743 1061 848 1101; x_wconf 78' lang='lat' dir='ltr'>gracia</span> <span class='ocrx_word' id='word_1_145' title='bbox 864 1061 985 1092; x_wconf 88' lang='lat' dir='ltr'>domini</span> <span class='ocrx_word' id='word_1_146' title='bbox 1001 1061 1083 1102; x_wconf 83' lang='lat' dir='ltr'>regis</span> <span class='ocrx_word' id='word_1_147' title='bbox 1096 1061 1164 1093; x_wconf 82' lang='lat' dir='ltr'>Gil-</span> 
     </span>
    </p>
   </div>
   <div class='ocr_carea' id='block_1_11' title="bbox 46 1106 1165 1152">
    <p class='ocr_par' dir='ltr' id='par_1_11' title="bbox 46 1106 1165 1152">
     <span class='ocr_line' id='line_1_20' title="bbox 46 1106 1165 1152; baseline -0.001 -10"><span class='ocrx_word' id='word_1_148' title='bbox 46 1106 54 1112; x_wconf 53' lang='lat'>‘</span> <span class='ocrx_word' id='word_1_149' title='bbox 110 1111 208 1142; x_wconf 78' lang='lat' dir='ltr'>cristo</span> <span class='ocrx_word' id='word_1_150' title='bbox 231 1111 339 1148; x_wconf 87' lang='lat' dir='ltr'>Leich,</span> <span class='ocrx_word' id='word_1_151' title='bbox 362 1111 401 1141; x_wconf 90' lang='lat' dir='ltr'>de</span> <span class='ocrx_word' id='word_1_152' title='bbox 425 1110 561 1141; x_wconf 81' lang='lat' dir='ltr'>termino</span> <span class='ocrx_word' id='word_1_153' title='bbox 585 1110 732 1151; x_wconf 87' lang='lat' dir='ltr'>compoti,</span> <span class='ocrx_word' id='word_1_154' title='bbox 756 1111 886 1141; x_wconf 79' lang='lat' dir='ltr'>custode</span> <span class='ocrx_word' id='word_1_155' title='bbox 916 1111 1035 1152; x_wconf 77' lang='lat' dir='ltr'>privati</span> <span class='ocrx_word' id='word_1_156' title='bbox 1066 1111 1165 1152; x_wconf 84' lang='lat' dir='ltr'>sigilli</span> 
     </span>
    </p>
   </div>
   <div class='ocr_carea' id='block_1_12' title="bbox 113 1160 1166 1350">
    <p class='ocr_par' dir='ltr' id='par_1_12' title="bbox 113 1160 1166 1350">
     <span class='ocr_line' id='line_1_21' title="bbox 113 1160 1165 1201; baseline 0.001 -10"><span class='ocrx_word' id='word_1_157' title='bbox 113 1163 252 1191; x_wconf 77' lang='lat' dir='ltr'>testante</span> <span class='ocrx_word' id='word_1_158' title='bbox 284 1160 472 1191; x_wconf 79' lang='lat' dir='ltr'>mandatum</span> <span class='ocrx_word' id='word_1_159' title='bbox 511 1170 605 1200; x_wconf 86' lang='lat' dir='ltr'>super</span> <span class='ocrx_word' id='word_1_160' title='bbox 642 1164 835 1200; x_wconf 80' lang='lat' dir='ltr'>compotum,</span> <span class='ocrx_word' id='word_1_161' title='bbox 866 1160 966 1200; x_wconf 82' lang='lat' dir='ltr'>xxxiij</span> <span class='ocrx_word' id='word_1_162' title='bbox 999 1164 1023 1191; x_wconf 72' lang='lat' dir='ltr'>s.</span> <span class='ocrx_word' id='word_1_163' title='bbox 1056 1160 1102 1201; x_wconf 84' lang='lat' dir='ltr'>iiij</span> <span class='ocrx_word' id='word_1_164' title='bbox 1135 1161 1165 1192; x_wconf 77' lang='lat' dir='ltr'>d.</span> 
     </span>
     <span class='ocr_line' id='line_1_22' title="bbox 115 1208 1166 1251; baseline 0.001 -11"><span class='ocrx_word' id='word_1_165' title='bbox 115 1210 246 1241; x_wconf 83' lang='lat' dir='ltr'>Summa</span> <span class='ocrx_word' id='word_1_166' title='bbox 270 1219 493 1251; x_wconf 82' lang='lat' dir='ltr'>expensarum,</span> <span class='ocrx_word' id='word_1_167' title='bbox 506 1208 554 1250; x_wconf 61' lang='lat' dir='ltr'>fij</span> <span class='ocrx_word' id='word_1_168' title='bbox 572 1209 603 1241; x_wconf 73' lang='lat' dir='ltr'>fi.</span> <span class='ocrx_word' id='word_1_169' title='bbox 622 1209 701 1250; x_wconf 81' lang='lat' dir='ltr'>xviij</span> <span class='ocrx_word' id='word_1_170' title='bbox 720 1214 743 1241; x_wconf 77' lang='lat' dir='ltr'>s.</span> <span class='ocrx_word' id='word_1_171' title='bbox 760 1209 816 1250; x_wconf 83' lang='lat' dir='ltr'>viij</span> <span class='ocrx_word' id='word_1_172' title='bbox 836 1210 864 1240; x_wconf 78' lang='lat' dir='ltr'>d.</span> <span class='ocrx_word' id='word_1_173' title='bbox 909 1210 952 1241; x_wconf 75' lang='lat' dir='ltr'>Et</span> <span class='ocrx_word' id='word_1_174' title='bbox 975 1210 1020 1241; x_wconf 87' lang='lat' dir='ltr'>sic</span> <span class='ocrx_word' id='word_1_175' title='bbox 1043 1213 1166 1241; x_wconf 75' lang='lat' dir='ltr'>restant</span> 
     </span>
     <span class='ocr_line' id='line_1_23' title="bbox 113 1258 1166 1300; baseline 0.001 -11"><span class='ocrx_word' id='word_1_176' title='bbox 113 1269 157 1289; x_wconf 86' lang='lat' dir='ltr'>xx</span> <span class='ocrx_word' id='word_1_177' title='bbox 173 1259 204 1290; x_wconf 51' lang='grc' dir='ltr'>ΠΖ</span> <span class='ocrx_word' id='word_1_178' title='bbox 218 1259 298 1300; x_wconf 82' lang='lat' dir='ltr'>xxiij</span> <span class='ocrx_word' id='word_1_179' title='bbox 308 1259 343 1290; x_wconf 75' lang='lat' dir='ltr'>d.</span> <span class='ocrx_word' id='word_1_180' title='bbox 390 1260 439 1290; x_wconf 86' lang='lat' dir='ltr'>De</span> <span class='ocrx_word' id='word_1_181' title='bbox 456 1259 573 1300; x_wconf 82' lang='lat' dir='ltr'>quibus</span> <span class='ocrx_word' id='word_1_182' title='bbox 596 1259 739 1299; x_wconf 83' lang='lat' dir='ltr'>pendent</span> <span class='ocrx_word' id='word_1_183' title='bbox 762 1258 801 1289; x_wconf 86' lang='lat' dir='ltr'>de</span> <span class='ocrx_word' id='word_1_184' title='bbox 826 1258 917 1289; x_wconf 75' lang='lat' dir='ltr'>terris</span> <span class='ocrx_word' id='word_1_185' title='bbox 934 1259 972 1289; x_wconf 77' lang='lat' dir='ltr'>cle</span> <span class='ocrx_word' id='word_1_186' title='bbox 989 1258 1117 1290; x_wconf 86' lang='lat' dir='ltr'>Loched</span> <span class='ocrx_word' id='word_1_187' title='bbox 1134 1263 1166 1290; x_wconf 76' lang='lat' dir='ltr'>et</span> 
     </span>
     <span class='ocr_line' id='line_1_24' title="bbox 113 1308 1165 1350; baseline -0.001 -10"><span class='ocrx_word' id='word_1_188' title='bbox 113 1309 271 1350; x_wconf 79' lang='lat' dir='ltr'>Cochogal</span> <span class='ocrx_word' id='word_1_189' title='bbox 287 1309 320 1339; x_wconf 90' lang='lat' dir='ltr'>in</span> <span class='ocrx_word' id='word_1_190' title='bbox 337 1309 444 1340; x_wconf 81' lang='lat' dir='ltr'>Arane</span> <span class='ocrx_word' id='word_1_191' title='bbox 457 1309 618 1350; x_wconf 75' lang='lat' dir='ltr'>occupabis</span> <span class='ocrx_word' id='word_1_192' title='bbox 629 1319 685 1349; x_wconf 87' lang='lat' dir='ltr'>per</span> <span class='ocrx_word' id='word_1_193' title='bbox 702 1308 868 1340; x_wconf 86' lang='lat' dir='ltr'>dominum</span> <span class='ocrx_word' id='word_1_194' title='bbox 881 1308 919 1339; x_wconf 87' lang='lat' dir='ltr'>de</span> <span class='ocrx_word' id='word_1_195' title='bbox 930 1308 966 1339; x_wconf 87' lang='lat' dir='ltr'>M</span> <span class='ocrx_word' id='word_1_196' title='bbox 969 1313 1165 1350; x_wconf 84' lang='lat' dir='ltr'>ontgomery,</span> 
     </span>
    </p>
   </div>
   <div class='ocr_carea' id='block_1_13' title="bbox 83 1357 1163 1400">
    <p class='ocr_par' dir='ltr' id='par_1_13' title="bbox 83 1357 1163 1400">
     <span class='ocr_line' id='line_1_25' title="bbox 83 1357 1163 1400; baseline 0 -10"><span class='ocrx_word' id='word_1_197' title='bbox 83 1367 86 1371; x_wconf 89' lang='lat'>·</span> <span class='ocrx_word' id='word_1_198' title='bbox 112 1362 148 1390; x_wconf 91' lang='lat' dir='ltr'>ut</span> <span class='ocrx_word' id='word_1_199' title='bbox 164 1359 275 1390; x_wconf 84' lang='lat' dir='ltr'>asserit</span> <span class='ocrx_word' id='word_1_200' title='bbox 291 1362 486 1400; x_wconf 77' lang='lat' dir='ltr'>compotans,</span> <span class='ocrx_word' id='word_1_201' title='bbox 503 1359 542 1389; x_wconf 87' lang='lat' dir='ltr'>de</span> <span class='ocrx_word' id='word_1_202' title='bbox 565 1358 649 1389; x_wconf 79' lang='lat' dir='ltr'>dicto</span> <span class='ocrx_word' id='word_1_203' title='bbox 673 1358 819 1395; x_wconf 78' lang='lat' dir='ltr'>termino,</span> <span class='ocrx_word' id='word_1_204' title='bbox 835 1358 866 1398; x_wconf 85' lang='lat' dir='ltr'>vj</span> <span class='ocrx_word' id='word_1_205' title='bbox 892 1357 923 1389; x_wconf 70' lang='lat' dir='ltr'>fi.</span> <span class='ocrx_word' id='word_1_206' title='bbox 940 1357 994 1398; x_wconf 81' lang='lat' dir='ltr'>xvj</span> <span class='ocrx_word' id='word_1_207' title='bbox 1019 1362 1042 1391; x_wconf 67' lang='lat' dir='ltr'>s.</span> <span class='ocrx_word' id='word_1_208' title='bbox 1059 1358 1116 1399; x_wconf 82' lang='lat' dir='ltr'>viij</span> <span class='ocrx_word' id='word_1_209' title='bbox 1134 1358 1163 1392; x_wconf 79' lang='lat' dir='ltr'>d.</span> 
     </span>
    </p>
   </div>
   <div class='ocr_carea' id='block_1_14' title="bbox 109 1407 1338 2195">
    <p class='ocr_par' dir='ltr' id='par_1_14' title="bbox 113 1407 857 1450">
     <span class='ocr_line' id='line_1_26' title="bbox 113 1407 857 1450; baseline -0.001 -11"><span class='ocrx_word' id='word_1_210' title='bbox 113 1408 244 1439; x_wconf 85' lang='lat' dir='ltr'>Summa</span> <span class='ocrx_word' id='word_1_211' title='bbox 259 1411 355 1450; x_wconf 81' lang='lat' dir='ltr'>patet.</span> <span class='ocrx_word' id='word_1_212' title='bbox 402 1409 445 1439; x_wconf 70' lang='lat' dir='ltr'>Et</span> <span class='ocrx_word' id='word_1_213' title='bbox 461 1409 506 1439; x_wconf 85' lang='lat' dir='ltr'>sic</span> <span class='ocrx_word' id='word_1_214' title='bbox 522 1410 644 1439; x_wconf 83' lang='lat' dir='ltr'>restant</span> <span class='ocrx_word' id='word_1_215' title='bbox 660 1408 716 1438; x_wconf 78' lang='lat' dir='ltr'>xlv</span> <span class='ocrx_word' id='word_1_216' title='bbox 734 1412 755 1439; x_wconf 69' lang='grc' dir='ltr'>ἒ.</span> <span class='ocrx_word' id='word_1_217' title='bbox 774 1407 808 1448; x_wconf 87' lang='lat' dir='ltr'>iij</span> <span class='ocrx_word' id='word_1_218' title='bbox 828 1407 857 1439; x_wconf 79' lang='lat' dir='ltr'>d.</span> 
     </span>
    </p>

    <p class='ocr_par' dir='ltr' id='par_1_15' title="bbox 111 1455 1263 1798">
     <span class='ocr_line' id='line_1_27' title="bbox 155 1455 1263 1499; baseline -0.001 -10"><span class='ocrx_word' id='word_1_219' title='bbox 155 1458 248 1496; x_wconf 84' lang='lat' dir='ltr'>Item,</span> <span class='ocrx_word' id='word_1_220' title='bbox 270 1458 355 1489; x_wconf 84' lang='lat' dir='ltr'>idem</span> <span class='ocrx_word' id='word_1_221' title='bbox 379 1455 488 1489; x_wconf 66' lang='lat' dir='ltr'>oneret</span> <span class='ocrx_word' id='word_1_222' title='bbox 511 1468 544 1489; x_wconf 89' lang='lat' dir='ltr'>se</span> <span class='ocrx_word' id='word_1_223' title='bbox 561 1458 600 1489; x_wconf 87' lang='lat' dir='ltr'>de</span> <span class='ocrx_word' id='word_1_224' title='bbox 624 1469 644 1488; x_wconf 83' lang='lat' dir='ltr'>x</span> <span class='ocrx_word' id='word_1_225' title='bbox 668 1458 779 1488; x_wconf 82' lang='lat' dir='ltr'>martis</span> <span class='ocrx_word' id='word_1_226' title='bbox 804 1468 859 1498; x_wconf 88' lang='lat' dir='ltr'>per</span> <span class='ocrx_word' id='word_1_227' title='bbox 883 1457 1040 1499; x_wconf 78' lang='lat' dir='ltr'>arreragia</span> <span class='ocrx_word' id='word_1_228' title='bbox 1056 1457 1164 1491; x_wconf 83' lang='lat' dir='ltr'>ultimi</span> <span class='ocrx_word' id='word_1_229' title='bbox 1179 1461 1263 1484; x_wconf 83' lang='lat' dir='ltr'>Marte-</span> 
     </span>
     <span class='ocr_line' id='line_1_28' title="bbox 113 1507 1164 1549; baseline 0 -10"><span class='ocrx_word' id='word_1_230' title='bbox 113 1509 250 1549; x_wconf 77' lang='lat' dir='ltr'>compoti</span> <span class='ocrx_word' id='word_1_231' title='bbox 266 1508 324 1545; x_wconf 90' lang='lat' dir='ltr'>sui,</span> <span class='ocrx_word' id='word_1_232' title='bbox 339 1511 377 1539; x_wconf 86' lang='lat' dir='ltr'>ut</span> <span class='ocrx_word' id='word_1_233' title='bbox 393 1511 482 1549; x_wconf 82' lang='lat' dir='ltr'>patet</span> <span class='ocrx_word' id='word_1_234' title='bbox 499 1508 532 1541; x_wconf 84' lang='lat' dir='ltr'>in</span> <span class='ocrx_word' id='word_1_235' title='bbox 555 1508 637 1548; x_wconf 83' lang='lat' dir='ltr'>pede</span> <span class='ocrx_word' id='word_1_236' title='bbox 661 1508 811 1548; x_wconf 71' lang='lat' dir='ltr'>ejusdem.</span> <span class='ocrx_word' id='word_1_237' title='bbox 859 1507 992 1539; x_wconf 83' lang='lat' dir='ltr'>Summa</span> <span class='ocrx_word' id='word_1_238' title='bbox 1014 1508 1164 1549; x_wconf 80' lang='lat' dir='ltr'>arreragii</span> 
     </span>
     <span class='ocr_line' id='line_1_29' title="bbox 111 1557 1165 1598; baseline -0.001 -9"><span class='ocrx_word' id='word_1_239' title='bbox 111 1561 206 1598; x_wconf 74' lang='lat' dir='ltr'>patet.</span> <span class='ocrx_word' id='word_1_240' title='bbox 253 1558 345 1595; x_wconf 83' lang='lat' dir='ltr'>Item,</span> <span class='ocrx_word' id='word_1_241' title='bbox 361 1558 447 1589; x_wconf 85' lang='lat' dir='ltr'>idem</span> <span class='ocrx_word' id='word_1_242' title='bbox 463 1561 573 1589; x_wconf 86' lang='lat' dir='ltr'>onerat</span> <span class='ocrx_word' id='word_1_243' title='bbox 589 1567 622 1588; x_wconf 89' lang='lat' dir='ltr'>se</span> <span class='ocrx_word' id='word_1_244' title='bbox 638 1558 677 1589; x_wconf 86' lang='lat' dir='ltr'>de</span> <span class='ocrx_word' id='word_1_245' title='bbox 701 1557 735 1588; x_wconf 84' lang='lat' dir='ltr'>xl</span> <span class='ocrx_word' id='word_1_246' title='bbox 751 1557 861 1588; x_wconf 82' lang='lat' dir='ltr'>martis</span> <span class='ocrx_word' id='word_1_247' title='bbox 878 1558 899 1598; x_wconf 87' lang='lat' dir='ltr'>ij</span> <span class='ocrx_word' id='word_1_248' title='bbox 924 1558 1046 1598; x_wconf 82' lang='lat' dir='ltr'>quartis</span> <span class='ocrx_word' id='word_1_249' title='bbox 1062 1562 1165 1589; x_wconf 78' lang='lat' dir='ltr'>marte</span> 
     </span>
     <span class='ocr_line' id='line_1_30' title="bbox 112 1607 1164 1640; baseline 0.001 -1"><span class='ocrx_word' id='word_1_250' title='bbox 112 1608 231 1639; x_wconf 83' lang='lat' dir='ltr'>vocatis</span> <span class='ocrx_word' id='word_1_251' title='bbox 247 1608 443 1640; x_wconf 82' lang='lat' dir='ltr'>malemartis</span> <span class='ocrx_word' id='word_1_252' title='bbox 459 1607 564 1639; x_wconf 79' lang='lat' dir='ltr'>insule</span> <span class='ocrx_word' id='word_1_253' title='bbox 580 1608 619 1639; x_wconf 84' lang='lat' dir='ltr'>de</span> <span class='ocrx_word' id='word_1_254' title='bbox 643 1608 734 1639; x_wconf 83' lang='lat' dir='ltr'>Bute.</span> <span class='ocrx_word' id='word_1_255' title='bbox 779 1608 822 1638; x_wconf 79' lang='lat' dir='ltr'>Et</span> <span class='ocrx_word' id='word_1_256' title='bbox 843 1608 881 1639; x_wconf 90' lang='lat' dir='ltr'>de</span> <span class='ocrx_word' id='word_1_257' title='bbox 899 1619 917 1638; x_wconf 81' lang='lat' dir='ltr'><strong>x</strong></span> <span class='ocrx_word' id='word_1_258' title='bbox 942 1608 1053 1639; x_wconf 82' lang='lat' dir='ltr'>martis</span> <span class='ocrx_word' id='word_1_259' title='bbox 1070 1608 1164 1640; x_wconf 83' lang='lat' dir='ltr'>dictis</span> 
     </span>
     <span class='ocr_line' id='line_1_31' title="bbox 112 1657 1163 1699; baseline 0.001 -11"><span class='ocrx_word' id='word_1_260' title='bbox 112 1658 305 1689; x_wconf 81' lang='lat' dir='ltr'>malemartis</span> <span class='ocrx_word' id='word_1_261' title='bbox 336 1657 441 1689; x_wconf 88' lang='lat' dir='ltr'>insule</span> <span class='ocrx_word' id='word_1_262' title='bbox 466 1657 504 1689; x_wconf 87' lang='lat' dir='ltr'>de</span> <span class='ocrx_word' id='word_1_263' title='bbox 530 1657 644 1694; x_wconf 81' lang='lat' dir='ltr'>Arane,</span> <span class='ocrx_word' id='word_1_264' title='bbox 668 1657 706 1688; x_wconf 90' lang='lat' dir='ltr'>de</span> <span class='ocrx_word' id='word_1_265' title='bbox 728 1658 865 1689; x_wconf 77' lang='lat' dir='ltr'>termino</span> <span class='ocrx_word' id='word_1_266' title='bbox 893 1658 988 1699; x_wconf 83' lang='lat' dir='ltr'>hujus</span> <span class='ocrx_word' id='word_1_267' title='bbox 1015 1659 1163 1699; x_wconf 90' lang='lat' dir='ltr'>compoti,</span> 
     </span>
     <span class='ocr_line' id='line_1_32' title="bbox 112 1707 1162 1748; baseline 0.001 -10"><span class='ocrx_word' id='word_1_268' title='bbox 112 1707 187 1748; x_wconf 84' lang='lat' dir='ltr'>quia</span> <span class='ocrx_word' id='word_1_269' title='bbox 209 1710 286 1738; x_wconf 88' lang='lat' dir='ltr'>tunc</span> <span class='ocrx_word' id='word_1_270' title='bbox 308 1707 452 1738; x_wconf 79' lang='lat' dir='ltr'>redditur</span> <span class='ocrx_word' id='word_1_271' title='bbox 482 1711 618 1739; x_wconf 77' lang='lat' dir='ltr'>tantum.</span> <span class='ocrx_word' id='word_1_272' title='bbox 665 1707 796 1738; x_wconf 79' lang='lat' dir='ltr'>Summa</span> <span class='ocrx_word' id='word_1_273' title='bbox 827 1707 934 1738; x_wconf 78' lang='lat' dir='ltr'>totalis</span> <span class='ocrx_word' id='word_1_274' title='bbox 966 1709 1162 1740; x_wconf 84' lang='lat' dir='ltr'>oneraciouis</span> 
     </span>
     <span class='ocr_line' id='line_1_33' title="bbox 113 1757 717 1798; baseline 0 -10"><span class='ocrx_word' id='word_1_275' title='bbox 113 1767 185 1788; x_wconf 87' lang='lat' dir='ltr'>cum</span> <span class='ocrx_word' id='word_1_276' title='bbox 202 1757 372 1798; x_wconf 80' lang='lat' dir='ltr'>arreragiis,</span> <span class='ocrx_word' id='word_1_277' title='bbox 388 1757 423 1789; x_wconf 74' lang='lat' dir='ltr'>xl</span> <span class='ocrx_word' id='word_1_278' title='bbox 439 1760 540 1793; x_wconf 75' lang='lat' dir='ltr'>marte</span> <span class='ocrx_word' id='word_1_279' title='bbox 557 1757 578 1797; x_wconf 78' lang='lat' dir='ltr'>ij</span> <span class='ocrx_word' id='word_1_280' title='bbox 596 1760 717 1797; x_wconf 80' lang='lat' dir='ltr'>quarte.</span> 
     </span>
    </p>

    <p class='ocr_par' dir='ltr' id='par_1_16' title="bbox 112 1806 1162 2047">
     <span class='ocr_line' id='line_1_34' title="bbox 155 1806 1162 1848; baseline 0.001 -10"><span class='ocrx_word' id='word_1_281' title='bbox 155 1808 302 1848; x_wconf 85' lang='lat' dir='ltr'>Expense</span> <span class='ocrx_word' id='word_1_282' title='bbox 317 1807 469 1848; x_wconf 85' lang='lat' dir='ltr'>ejusdem.</span> <span class='ocrx_word' id='word_1_283' title='bbox 515 1807 555 1838; x_wconf 88' lang='lat' dir='ltr'>In</span> <span class='ocrx_word' id='word_1_284' title='bbox 579 1807 701 1848; x_wconf 83' lang='lat' dir='ltr'>primis,</span> <span class='ocrx_word' id='word_1_285' title='bbox 714 1806 848 1838; x_wconf 80' lang='lat' dir='ltr'>allocate</span> <span class='ocrx_word' id='word_1_286' title='bbox 864 1817 921 1848; x_wconf 89' lang='lat' dir='ltr'>per</span> <span class='ocrx_word' id='word_1_287' title='bbox 936 1807 1162 1839; x_wconf 83' lang='lat' dir='ltr'>liberacionem</span> 
     </span>
     <span class='ocr_line' id='line_1_35' title="bbox 113 1856 1161 1898; baseline 0 -10"><span class='ocrx_word' id='word_1_288' title='bbox 113 1856 229 1888; x_wconf 80' lang='lat' dir='ltr'>factam</span> <span class='ocrx_word' id='word_1_289' title='bbox 238 1857 474 1888; x_wconf 75' lang='lat' dir='ltr'>constabulario</span> <span class='ocrx_word' id='word_1_290' title='bbox 490 1857 585 1888; x_wconf 81' lang='lat' dir='ltr'>castri</span> <span class='ocrx_word' id='word_1_291' title='bbox 598 1857 636 1888; x_wconf 90' lang='lat' dir='ltr'>de</span> <span class='ocrx_word' id='word_1_292' title='bbox 647 1857 743 1888; x_wconf 79' lang='lat' dir='ltr'>Rothi</span> <span class='ocrx_word' id='word_1_293' title='bbox 748 1867 829 1898; x_wconf 82' lang='lat' dir='ltr'>ssay,</span> <span class='ocrx_word' id='word_1_294' title='bbox 840 1857 1030 1898; x_wconf 80' lang='lat' dir='ltr'>percipienti</span> <span class='ocrx_word' id='word_1_295' title='bbox 1041 1868 1161 1889; x_wconf 78' lang='lat' dir='ltr'>annua-</span> 
     </span>
     <span class='ocr_line' id='line_1_36' title="bbox 112 1906 1161 1948; baseline 0.001 -11"><span class='ocrx_word' id='word_1_296' title='bbox 112 1907 170 1938; x_wconf 82' lang='lat' dir='ltr'>tim</span> <span class='ocrx_word' id='word_1_297' title='bbox 183 1907 215 1937; x_wconf 91' lang='lat' dir='ltr'>in</span> <span class='ocrx_word' id='word_1_298' title='bbox 232 1907 341 1938; x_wconf 82' lang='lat' dir='ltr'>martis</span> <span class='ocrx_word' id='word_1_299' title='bbox 358 1910 421 1938; x_wconf 87' lang='lat' dir='ltr'>tres</span> <span class='ocrx_word' id='word_1_300' title='bbox 439 1910 557 1938; x_wconf 75' lang='lat' dir='ltr'>martas</span> <span class='ocrx_word' id='word_1_301' title='bbox 573 1917 647 1938; x_wconf 90' lang='lat' dir='ltr'>cum</span> <span class='ocrx_word' id='word_1_302' title='bbox 663 1906 804 1943; x_wconf 80' lang='lat' dir='ltr'>dimidio,</span> <span class='ocrx_word' id='word_1_303' title='bbox 821 1907 860 1937; x_wconf 89' lang='lat' dir='ltr'>de</span> <span class='ocrx_word' id='word_1_304' title='bbox 873 1907 1009 1938; x_wconf 84' lang='lat' dir='ltr'>termino</span> <span class='ocrx_word' id='word_1_305' title='bbox 1022 1908 1161 1948; x_wconf 78' lang='lat' dir='ltr'>compoti</span> 
     </span>
     <span class='ocr_line' id='line_1_37' title="bbox 112 1956 1160 1997; baseline 0 -9"><span class='ocrx_word' id='word_1_306' title='bbox 112 1959 144 1988; x_wconf 78' lang='lat' dir='ltr'>et</span> <span class='ocrx_word' id='word_1_307' title='bbox 158 1957 217 1988; x_wconf 83' lang='lat' dir='ltr'>sub</span> <span class='ocrx_word' id='word_1_308' title='bbox 240 1957 380 1997; x_wconf 86' lang='lat' dir='ltr'>periculo</span> <span class='ocrx_word' id='word_1_309' title='bbox 404 1957 627 1997; x_wconf 82' lang='lat' dir='ltr'>compotantis,</span> <span class='ocrx_word' id='word_1_310' title='bbox 643 1956 677 1996; x_wconf 80' lang='lat' dir='ltr'>iij</span> <span class='ocrx_word' id='word_1_311' title='bbox 700 1959 800 1986; x_wconf 85' lang='lat' dir='ltr'>marte</span> <span class='ocrx_word' id='word_1_312' title='bbox 816 1956 838 1996; x_wconf 81' lang='lat' dir='ltr'>ij</span> <span class='ocrx_word' id='word_1_313' title='bbox 857 1959 977 1996; x_wconf 79' lang='lat' dir='ltr'>quarte.</span> <span class='ocrx_word' id='word_1_314' title='bbox 1023 1957 1065 1987; x_wconf 78' lang='lat' dir='ltr'>Et</span> <span class='ocrx_word' id='word_1_315' title='bbox 1077 1957 1160 1997; x_wconf 80' lang='lat' dir='ltr'>jani-</span> 
     </span>
     <span class='ocr_line' id='line_1_38' title="bbox 113 2005 1161 2047; baseline 0.002 -11"><span class='ocrx_word' id='word_1_316' title='bbox 113 2006 174 2036; x_wconf 85' lang='lat' dir='ltr'>tori</span> <span class='ocrx_word' id='word_1_317' title='bbox 189 2006 266 2037; x_wconf 81' lang='lat' dir='ltr'>dicti</span> <span class='ocrx_word' id='word_1_318' title='bbox 282 2007 386 2043; x_wconf 85' lang='lat' dir='ltr'>castri,</span> <span class='ocrx_word' id='word_1_319' title='bbox 402 2006 441 2037; x_wconf 89' lang='lat' dir='ltr'>de</span> <span class='ocrx_word' id='word_1_320' title='bbox 461 2006 572 2037; x_wconf 89' lang='lat' dir='ltr'>eodem</span> <span class='ocrx_word' id='word_1_321' title='bbox 596 2006 731 2037; x_wconf 84' lang='lat' dir='ltr'>termino</span> <span class='ocrx_word' id='word_1_322' title='bbox 755 2009 787 2036; x_wconf 82' lang='lat' dir='ltr'>et</span> <span class='ocrx_word' id='word_1_323' title='bbox 803 2006 863 2036; x_wconf 83' lang='lat' dir='ltr'>sub</span> <span class='ocrx_word' id='word_1_324' title='bbox 884 2005 995 2037; x_wconf 86' lang='lat' dir='ltr'>eodem</span> <span class='ocrx_word' id='word_1_325' title='bbox 1012 2006 1161 2047; x_wconf 82' lang='lat' dir='ltr'>periculo,</span> 
     </span>
    </p>

    <p class='ocr_par' dir='ltr' id='par_1_17' title="bbox 109 2055 1338 2195">
     <span class='ocr_line' id='line_1_39' title="bbox 109 2055 1160 2097; baseline 0.001 -11"><span class='ocrx_word' id='word_1_326' title='bbox 109 2055 122 2096; x_wconf 86' lang='lat' dir='ltr'><strong>j</strong></span> <span class='ocrx_word' id='word_1_327' title='bbox 139 2058 246 2086; x_wconf 80' lang='lat' dir='ltr'>marta.</span> <span class='ocrx_word' id='word_1_328' title='bbox 292 2056 334 2086; x_wconf 79' lang='lat' dir='ltr'>Et</span> <span class='ocrx_word' id='word_1_329' title='bbox 350 2056 555 2096; x_wconf 71' lang='lat' dir='ltr'>competenti,</span> <span class='ocrx_word' id='word_1_330' title='bbox 570 2065 627 2096; x_wconf 89' lang='lat' dir='ltr'>pro</span> <span class='ocrx_word' id='word_1_331' title='bbox 639 2055 730 2086; x_wconf 80' lang='lat' dir='ltr'>feodo</span> <span class='ocrx_word' id='word_1_332' title='bbox 742 2065 800 2086; x_wconf 82' lang='lat' dir='ltr'>suo</span> <span class='ocrx_word' id='word_1_333' title='bbox 813 2055 852 2086; x_wconf 85' lang='lat' dir='ltr'>de</span> <span class='ocrx_word' id='word_1_334' title='bbox 865 2056 1001 2086; x_wconf 83' lang='lat' dir='ltr'>termino</span> <span class='ocrx_word' id='word_1_335' title='bbox 1012 2057 1160 2097; x_wconf 84' lang='lat' dir='ltr'>compoti,</span> 
     </span>
     <span class='ocr_line' id='line_1_40' title="bbox 112 2105 1160 2146; baseline 0.001 -10"><span class='ocrx_word' id='word_1_336' title='bbox 112 2105 134 2145; x_wconf 81' lang='lat' dir='ltr'>ij</span> <span class='ocrx_word' id='word_1_337' title='bbox 153 2108 258 2136; x_wconf 85' lang='lat' dir='ltr'>marte.</span> <span class='ocrx_word' id='word_1_338' title='bbox 303 2106 346 2136; x_wconf 86' lang='lat' dir='ltr'>Et</span> <span class='ocrx_word' id='word_1_339' title='bbox 361 2116 417 2146; x_wconf 85' lang='lat' dir='ltr'>per</span> <span class='ocrx_word' id='word_1_340' title='bbox 439 2105 663 2136; x_wconf 83' lang='lat' dir='ltr'>liberacionem</span> <span class='ocrx_word' id='word_1_341' title='bbox 688 2105 804 2136; x_wconf 81' lang='lat' dir='ltr'>factam</span> <span class='ocrx_word' id='word_1_342' title='bbox 828 2105 966 2136; x_wconf 77' lang='lat' dir='ltr'>Roberto</span> <span class='ocrx_word' id='word_1_343' title='bbox 989 2105 1160 2137; x_wconf 84' lang='lat' dir='ltr'>Forestarii</span> 
     </span>
     <span class='ocr_line' id='line_1_41' title="bbox 114 2154 1338 2195; baseline 0.002 -9"><span class='ocrx_word' id='word_1_344' title='bbox 114 2154 152 2186; x_wconf 90' lang='lat' dir='ltr'>de</span> <span class='ocrx_word' id='word_1_345' title='bbox 167 2155 298 2186; x_wconf 87' lang='lat' dir='ltr'>Torwod</span> <span class='ocrx_word' id='word_1_346' title='bbox 315 2154 354 2186; x_wconf 81' lang='lat' dir='ltr'>ad</span> <span class='ocrx_word' id='word_1_347' title='bbox 365 2165 520 2195; x_wconf 79' lang='lat' dir='ltr'>expensas</span> <span class='ocrx_word' id='word_1_348' title='bbox 533 2154 686 2185; x_wconf 81' lang='lat' dir='ltr'>domicilii</span> <span class='ocrx_word' id='word_1_349' title='bbox 697 2154 817 2185; x_wconf 87' lang='lat' dir='ltr'>domini</span> <span class='ocrx_word' id='word_1_350' title='bbox 834 2154 924 2195; x_wconf 78' lang='lat' dir='ltr'>regis,</span> <span class='ocrx_word' id='word_1_351' title='bbox 940 2158 1158 2195; x_wconf 78' lang='lat' dir='ltr'>compotorum</span> <span class='ocrx_word' id='word_1_352' title='bbox 1173 2165 1338 2194; x_wconf 75' lang='lat' dir='ltr'>Respondebit</span> 
     </span>
    </p>
   </div>
   <div class='ocr_carea' id='block_1_15' title="bbox 113 2195 1350 2254">
    <p class='ocr_par' dir='ltr' id='par_1_18' title="bbox 113 2195 1350 2254">
     <span class='ocr_line' id='line_1_42' title="bbox 113 2195 1350 2254; baseline 0.001 -19"><span class='ocrx_word' id='word_1_353' title='bbox 113 2204 283 2235; x_wconf 83' lang='lat' dir='ltr'>rotulatore</span> <span class='ocrx_word' id='word_1_354' title='bbox 305 2204 426 2236; x_wconf 82' lang='lat' dir='ltr'>fatente</span> <span class='ocrx_word' id='word_1_355' title='bbox 450 2208 613 2245; x_wconf 84' lang='lat' dir='ltr'>receptum</span> <span class='ocrx_word' id='word_1_356' title='bbox 636 2214 732 2245; x_wconf 86' lang='lat' dir='ltr'>super</span> <span class='ocrx_word' id='word_1_357' title='bbox 755 2207 946 2244; x_wconf 79' lang='lat' dir='ltr'>compotum,</span> <span class='ocrx_word' id='word_1_358' title='bbox 971 2204 1025 2245; x_wconf 81' lang='lat' dir='ltr'>viij</span> <span class='ocrx_word' id='word_1_359' title='bbox 1051 2208 1160 2243; x_wconf 77' lang='lat' dir='ltr'>marte,</span> <span class='ocrx_word' id='word_1_360' title='bbox 1172 2195 1292 2254; x_wconf 41' lang='lat' dir='ltr'>{efflator</span> <span class='ocrx_word' id='word_1_361' title='bbox 1302 2195 1350 2218; x_wconf 76' lang='lat' dir='ltr'>Na-</span> 
     </span>
    </p>
   </div>
  </div>
 </body>
</html>
