1551 2462
117 805 214 837 Ward
219 816 266 837 ro-

117 859 199 890 pare.

337 268 400 297 340
653 265 817 297 ROTULI
841 264 1079 297 SCACCARH
1294 267 1389 299 1465.

334 359 424 401 ginta
454 359 596 400 quinque
622 359 734 390 martis
761 359 823 390 sibi
849 358 1018 399 assignatis
1045 368 1085 389 ex
1115 367 1211 389 causa
1240 358 1386 399 superius

334 412 526 449 expressata,
541 409 575 439 ix
591 411 700 439 marte.
746 408 789 439 Et
808 407 960 439 Gilcristo
977 407 1074 438 Leich
1095 407 1135 439 de
1157 407 1268 439 eodem
1292 418 1387 446 anno,

331 458 344 498 j
369 461 479 489 marta.
534 458 577 489 Et
606 458 718 494 eidem,
749 467 806 498 per
835 457 1061 488 liberacionem
1093 457 1212 488 factam
1241 457 1386 489 Johanni

334 507 463 538 domino
478 507 599 539 Dernle
616 507 650 538 in
672 510 797 548 partem
813 506 986 538 solueionis
1002 506 1214 547 quadraginta
1230 506 1386 537 librarum

333 556 396 587 sibi
410 557 556 598 superius
572 557 607 587 in
623 561 773 597 computo
795 555 931 596 pecunie
947 555 1084 597 desuper
1106 555 1273 596 descripte,
1290 556 1382 597 xxiiij

332 610 435 637 marte
479 607 522 637 Et
548 606 748 646 computanti
771 616 829 646 pro
852 605 944 636 feodo
972 615 1029 637 suo
1052 605 1091 637 de
1120 615 1204 636 anno
1230 606 1383 646 computi,

332 655 355 696 ij
393 659 502 687 marte.
563 655 695 686 Summa
732 664 951 695 expensarum,
979 655 1079 695 xxxvj
1111 658 1219 686 marte.
1265 655 1308 686 Et
1337 655 1384 687 sic

331 707 455 736 restant
470 705 560 745 lxxxj
579 708 681 735 marte
697 703 719 745 ij
737 707 857 745 quarte.

375 803 572 844 Computum
601 803 720 834 Thome
750 802 984 843 Wardroppare
1015 802 1054 833 de
1085 802 1204 844 Gonys,
1234 803 1316 834 mari
1346 807 1379 835 et

330 853 501 893 receptoris
532 853 695 883 firmarum
725 852 939 883 dominiorum
970 852 1008 883 de
1033 852 1255 890 Strathbraun,
1285 853 1378 894 Kyn-

330 902 444 939 clevin,
474 902 718 943 Appynnadull,
753 902 947 943 Forthirgill,
977 902 1139 940 Desoheir,
1177 903 1318 943 Tweyer,
1348 906 1381 934 et

330 952 543 993 Glenlyoune,
559 955 592 983 et
608 951 742 983 aliarum
757 952 955 983 diversarum
971 955 1128 983 terrarum
1143 952 1266 983 domini
1277 953 1380 984 nostri

329 1002 419 1043 regis,
439 1002 647 1043 [mium-972,
665 1003 685 1034 7
699 1002 779 1043 July
793 1003 889 1040 1465,
897 1002 988 1043 from
1002 1002 1025 1040 ,4
1038 1000 1124 1033 June
1139 1002 1234 1040 1464„

374 1051 500 1093 Chcw‘qe.
546 1052 694 1089 Arrears,
705 1053 804 1090 &140
819 1053 884 1083 193.
899 1050 990 1093 ΗΛ]

372 1103 467 1140 Item,
493 1102 580 1133 idem
606 1105 717 1133 onerat
739 1112 773 1133 se
800 1101 840 1133 de
862 1101 942 1142 xlvij
969 1101 1003 1133 11.
1026 1111 1084 1142 per
1106 1101 1245 1142 integras
1271 1101 1378 1133 firmas

328 1151 464 1183 dominii
494 1151 533 1182 de
558 1151 790 1182 Strathbraune
817 1151 857 1182 de
884 1151 1009 1182 duobus
1031 1151 1179 1182 terminis
1205 1150 1291 1181 infra
1319 1150 1380 1182 hoe

328 1204 525 1241 computum.
570 1200 612 1231 Et
643 1200 682 1231 de
713 1200 839 1241 lxxxxij
871 1199 903 1231 fi.
934 1210 990 1241 per
1019 1199 1158 1240 integras
1198 1200 1303 1231 firmas
1340 1200 1380 1232 de

329 1249 512 1292 Desoheyer
527 1252 559 1282 et
580 1250 711 1291 Tweyer
732 1249 771 1281 de
796 1250 893 1288 dictis„
913 1249 1060 1281 terminis
1083 1260 1123 1281 ex
1139 1252 1274 1290 utraque
1289 1253 1380 1291 parte

327 1300 417 1331 lacus
444 1300 483 1331 de
507 1300 600 1341 Taya.
647 1300 689 1331 Et
720 1300 759 1331 de
783 1300 898 1340 xxxvij
929 1299 961 1330 fi.
992 1299 1032 1330 de
1055 1299 1156 1330 firmis
1183 1299 1318 1330 dominii
1340 1300 1380 1331 de

329 1350 532 1391 Glenlyoune
549 1350 587 1381 de
603 1349 723 1381 eisdem
745 1349 899 1381 terminis.
944 1349 988 1380 Et
1010 1349 1049 1380 de
1071 1349 1150 1390 xviij
1168 1349 1200 1380 fi.
1217 1349 1256 1381 de
1279 1350 1380 1381 firmis

328 1399 458 1430 baronie
485 1400 524 1431 de
551 1399 725 1440 Forthirgil
748 1399 786 1430 de
809 1398 929 1430 eisdem
955 1398 1110 1430 terminis.
1155 1399 1259 1430 Etde
1282 1398 1318 1440 lij
1347 1399 1378 1430 11.

328 1448 384 1489 xiij
403 1453 426 1480 Ξ.
443 1449 489 1489 iiij
519 1449 548 1479 d.
573 1449 612 1480 de
636 1447 736 1479 firmis
763 1447 893 1479 baronie
919 1447 959 1479 de
989 1447 1209 1489 Appynnadul
1232 1448 1271 1480 de
1294 1448 1380 1480 dieto

328 1508 421 1530 anno.
466 1497 509 1530 Et
531 1498 570 1529 de
594 1497 672 1538 xviij
696 1496 728 1528 fi.
752 1498 784 1538 vj
809 1502 832 1529 ἔ.
859 1497 916 1538 viij
945 1497 974 1528 d.
1001 1497 1039 1528 de
1062 1497 1163 1528 firmis
1186 1497 1316 1529 baronie
1340 1498 1379 1529 de

328 1547 484 1579 Rannaoh
508 1548 547 1579 de
572 1547 682 1578 eodem
705 1557 796 1578 anno.
841 1547 884 1577 Et
911 1547 950 1578 de
976 1547 1034 1587 xiij
1052 1546 1084 1577 fi.
1107 1547 1139 1587 vj
1161 1551 1183 1578 Ξ.
1211 1547 1267 1587 viij
1285 1547 1313 1579 d.
1338 1547 1378 1579 de
1417 1585 1425 1591 .

328 1597 428 1628 firmis
451 1597 568 1628 foreste
598 1596 637 1628 de
669 1596 798 1628 Clunee.
844 1596 887 1626 Et
917 1596 956 1627 de
985 1595 1067 1636 lxxij
1089 1595 1122 1626 H.
1153 1606 1210 1636 per
1239 1596 1377 1637 integras

327 1647 435 1678 firmas
459 1647 594 1678 dominii
617 1646 655 1677 de
683 1646 869 1687 Kynclevin
893 1645 933 1676 de
957 1645 1081 1676 duobus
1111 1645 1257 1677 terminis
1280 1645 1377 1687 hujus

327 1697 479 1737 computi.
524 1697 568 1727 Et
583 1696 622 1727 de
639 1694 674 1726 xl
692 1700 715 1727 ἓ.
731 1695 832 1726 annui
854 1695 999 1726 redditus
1015 1698 1097 1726 terre
1121 1694 1160 1726 de
1187 1695 1377 1736 Kynblach-

326 1750 418 1778 mont
434 1746 472 1777 de
496 1745 589 1777 dietis
613 1745 767 1776 terminis.
813 1745 856 1776 Et
880 1744 919 1776 de
942 1755 985 1775 xx
1002 1748 1024 1776 ἓ.
1044 1747 1127 1776 terre
1150 1744 1189 1776 (18
1212 1745 1377 1786 Torsoppy

326 1795 366 1827 de
389 1795 509 1827 eisdem
531 1794 686 1827 terminis.
731 1794 774 1825 Et
797 1794 836 1825 de
852 1804 872 1825 v
889 1798 911 1826 ἓ.
928 1794 974 1834 iiij
997 1794 1026 1825 d.
1045 1793 1145 1825 annui
1167 1793 1310 1826 redditus
1337 1795 1376 1827 de

325 1844 528 1886 Monorgond
544 1844 583 1876 de
599 1854 684 1876 anno
700 1844 851 1884 computi.
896 1844 939 1875 Et
956 1844 994 1875 de
1010 1843 1056 1884 iiij
1075 1848 1096 1874 ἒ.
1113 1843 1257 1875 redditus
1279 1845 1376 1876 assise

325 1897 408 1925 terre
424 1893 463 1925 de
476 1893 601 1934 Lochty
612 1904 669 1934 per
680 1893 903 1925 vendicionem
915 1896 986 1924 octo
996 1892 1175 1934 amplarum
1187 1893 1376 1934 sagittarum

325 1942 364 1974 de
380 1943 474 1974 dietis
490 1943 644 1974 terminis.
690 1943 733 1973 Et
748 1942 786 1974 de
804 1942 817 1983 j
841 1942 924 1974 libra
946 1942 1065 1983 piperis
1085 1942 1157 1973 albe
1179 1942 1269 1974 firme
1291 1938 1387 1975 terre*

324 1993 364 2024 de
379 1993 460 2023 Bate
485 2003 546 2033 que
569 1992 686 2024 dieitur
709 1991 855 2029 Freland,
871 1992 910 2023 de
933 1992 1069 2024 termino
1091 1991 1218 2023 Natalis
1242 1992 1375 2024 Domini

323 2041 407 2072 infra
422 2040 482 2072 hoc
501 2045 695 2082 computum,
712 2041 788 2082 quia
806 2044 883 2072 tunc
902 2041 1046 2072 redditur
1061 2044 1195 2072 tantum.
1241 2042 1374 2074 Summa

323 2090 420 2131 hujus
437 2090 550 2127 oneris,
565 2088 661 2131 iij⁰liij
679 2089 712 2122 fi„
728 2089 782 2130 xvj
800 2094 822 2121 ἔ.
836 2089 849 2131 j
866 2089 949 2121 libra
964 2090 1092 2131 piperis.

367 2141 461 2177 Item,
491 2140 576 2171 idem
608 2142 719 2171 onerat
751 2150 784 2171 se
814 2139 854 2170 de
877 2139 984 2180 j⁰lxvij
1001 2139 1034 2171 fi.
1065 2139 1123 2181 xiij
1148 2144 1170 2172 ἔ.
1202 2140 1249 2181 iiij
1273 2140 1302 2171 d.
1333 2141 1373 2172 de

321 2189 493 2231 grassumis
510 2192 668 2221 terrarum
684 2189 723 2221 de
739 2188 934 2230 Kynelevin,
950 2188 1189 2228 Strathbraune,
1205 2189 1371 2231 Appinna-
