1551 2462
186 218 278 247 1468.
496 214 658 246 REGUM
682 215 928 247 SOOTORUM.
1170 219 1231 247 563

183 311 368 349 recuperata
394 308 434 339 de
457 308 585 339 eisdem.
629 308 672 339 Et
699 308 738 339 de
765 309 787 349 ij
818 309 948 349 paribus
979 308 1148 340 calcarium
1178 319 1236 350 per

183 358 437 399 duplicacionem
466 358 537 389 albe
568 358 658 389 firme
687 368 744 399 per
774 358 925 389 saisinam
956 358 1065 389 datam
1095 357 1235 399 Esplano

185 408 344 440 Craufurd
359 407 398 439 de
413 408 540 439 eisdem.
586 408 629 438 Et
644 407 683 438 de
699 407 800 448 xxxiij
818 412 840 438 s.
857 408 904 447 iiij
922 407 950 438 d.
968 407 1007 438 de
1023 407 1122 438 firmis
1139 410 1235 438 berra-

185 468 255 490 rum
271 458 310 489 de
328 457 574 499 Dalquhonnale
591 457 629 489 de
646 458 783 489 termino
800 457 909 488 Sancti
925 457 1062 488 Martini
1076 456 1160 487 infra
1176 456 1236 487 hoc

186 511 381 548 computum,
396 507 513 538 saisina
536 517 601 538 non
622 509 815 547 recuperata.
861 506 904 537 Er,
927 506 965 537 de
988 506 1022 546 iij
1040 505 1072 536 li.
1090 506 1120 546 vj
1138 509 1160 536 s.
1179 505 1233 545 viij

186 557 214 589 d.
232 557 270 588 de
292 557 411 588 relevio
433 557 592 588 dictarum
614 560 770 588 terrarum
793 555 859 596 regi
882 555 990 587 debito
1012 565 1068 596 per
1084 555 1236 586 saisinam

143 648 146 651 ἢ
187 607 294 638 datam
311 606 472 648 Dungallo
488 606 634 638 Adonale
651 606 689 637 de
706 605 833 637 eisdem.
879 605 922 636 En
938 605 976 636 de
993 605 1027 636 xl
1043 609 1065 636 s.
1083 604 1121 636 de
1137 604 1237 635 firmis

187 659 343 688 terrarum
359 656 397 687 (18
421 656 599 697 Smyrtone,
623 655 834 686 existencium
856 655 891 686 in
914 655 1062 686 manibus
1085 655 1165 696 regis
1181 664 1238 695 per

187 705 331 747 spacium
346 705 441 737 unius
466 706 550 743 anni,
567 705 685 736 saisina
708 715 773 736 non
797 708 989 746 recuperaea.
1035 705 1079 736 Et
1101 704 1140 736 (18
1164 704 1198 734 xl
1213 708 1237 735 s.

147 792 156 796 ἱ
188 756 227 787 (18
251 755 368 786 relevio
399 755 557 786 dictarum
588 758 744 786 terrarum
774 755 840 795 regi
867 754 974 786 debito
1000 764 1058 795 per
1087 754 1239 785 saisinam

188 805 296 836 datam
311 804 440 836 Andree
463 804 598 835 Neilson
622 804 660 835 de
684 804 811 835 eisdem.
858 804 990 835 Summa
1012 804 1109 844 hujus
1127 803 1241 840 oneris,

189 854 257 895 xiiij
273 853 305 885 fi.
321 854 344 895 ij
360 854 449 895 paria
464 853 643 886 calcarium.
690 854 822 885 Summa
837 854 947 885 totalis
963 853 1168 890 oneracionis‚
1182 852 1241 884 lxv

190 904 222 935 fi.
239 903 307 944 xiiij
325 908 348 935 s.
940 896 943 897 ’

232 956 380 996 Expense
410 955 560 996 ejusdem.
608 955 648 986 In
672 955 793 996 primis,
816 954 950 986 allocate
978 954 1180 995 computanti
1202 953 1242 985 de

190 1004 289 1036 firmis
318 1007 475 1035 terrarum
502 1005 541 1035 de
571 1004 777 1041 Dundonald,
804 1014 878 1035 cum
907 1004 1025 1044 quibus
1051 1006 1241 1044 computans

190 1054 334 1095 superius
350 1057 507 1091 oneratur,
523 1057 749 1094 occupatarum
765 1064 821 1094 per
844 1053 1009 1084 dominum
1027 1053 1191 1090 Cathkert,
1206 1056 1244 1083 ut

190 1103 348 1139 asseritur,
364 1113 405 1134 ex
420 1103 621 1134 concessione
644 1103 766 1134 domini
781 1103 864 1144 regis
879 1113 936 1143 per
952 1106 1082 1140 cartam,
1097 1103 1137 1134 (18
1160 1112 1245 1133 anno

191 1153 287 1194 hujus
302 1153 453 1193 computi,
476 1153 530 1193 xvj
547 1152 579 1184 11
595 1153 628 1193 vj
653 1157 676 1184 s.
700 1153 755 1193 viij
781 1152 810 1184 d.
856 1153 899 1184 Et
921 1152 1034 1190 eidem,
1057 1152 1096 1184 (18
1119 1152 1244 1184 duabus

140 1238 142 1240 v
192 1202 298 1234 terciis
321 1202 513 1233 exeuntibus
535 1202 575 1234 de
590 1202 682 1234 terris
701 1202 740 1234 (18
765 1202 973 1243 Oragincalye
996 1206 1028 1234 et
1052 1202 1244 1233 Ballewmas

191 1252 308 1283 debitis
324 1252 447 1283 duabus
464 1252 653 1284 dominabus
669 1252 852 1289 earundem,
867 1252 901 1283 lv
917 1257 939 1283 s.
951 1252 983 1293 vj
1001 1252 1029 1283 d.
1075 1252 1118 1283 Et
1133 1252 1246 1288 eidem,

193 1301 232 1333 de
247 1301 347 1332 firmis
363 1304 520 1333 terrarum
537 1302 576 1333 de
592 1301 759 1342 Turnbery
774 1311 996 1333 concessarum
1012 1311 1068 1342 per
1081 1301 1247 1332 dominum

193 1361 299 1392 regem
321 1350 510 1382 hereditarie
525 1362 582 1392 per
605 1355 725 1382 cartam
741 1351 861 1382 Thome
884 1351 994 1382 comiti
1010 1351 1048 1382 de
1071 1351 1188 1388 Arane,
1211 1353 1248 1380 ub
1432 1386 1443 1391 ἢ

194 1404 283 1441 patet.
312 1400 347 1431 in
371 1400 476 1432 rotulo
507 1401 584 1431 anni
610 1400 816 1442 precedentis,
833 1401 871 1431 de
895 1411 979 1431 anno
1005 1401 1156 1441 computi,
1172 1411 1193 1430 x
1215 1399 1247 1430 fi.
1263 1400 1427 1430 Respondebit

196 1449 255 1490 [To
281 1449 489 1490 Oomptroller,
504 1451 581 1482 2⁰36
595 1451 660 1481 IIs.
677 1451 764 1491 md]
810 1451 942 1482 Summa
957 1460 1177 1492 expensarum,
1193 1450 1250 1480 lxv
1262 1432 1388 1485 ξῖὲῗξῗὸι·

195 1498 227 1530 fi.
244 1499 313 1539 xiiij
331 1503 353 1530 s.
399 1500 443 1530 Et
458 1500 504 1531 sic
520 1510 609 1541 eque,
626 1504 731 1541 preter
747 1500 888 1531 calcaria.
1264 1513 1338 1541 Eque.

239 1548 333 1586 Item,
348 1548 434 1580 idem
461 1552 573 1580 onerat
599 1560 632 1581 se
649 1550 687 1581 de
704 1560 749 1580 xx
778 1550 809 1581 fi.
836 1550 875 1581 de
902 1550 1002 1581 firmis
1030 1553 1186 1581 terrarum
1213 1549 1252 1580 de
1268 1552 1463 1586 Kirkandris

196 1598 398 1635 Kirkandris,
431 1599 610 1639 jacencium
642 1599 726 1630 infra
757 1599 1004 1632 senescallatum
1034 1600 1073 1631 de
1111 1600 1252 1630 Kirkcu-
1266 1602 1298 1629 et
1313 1597 1435 1628 Warda

196 1647 319 1689 brycht‚
335 1658 397 1689 que
413 1652 490 1679 sunl:
505 1648 544 1679 de
561 1649 756 1690 proprietate
774 1649 896 1681 domini
912 1650 1002 1691 regis.
1048 1650 1092 1680 Et
1103 1650 1142 1681 de
1152 1649 1210 1680 lxx
1218 1649 1250 1680 fi.
1267 1641 1306 1672 de
1322 1641 1396 1672 Les·

197 1697 220 1738 ij
237 1701 259 1728 s.
277 1697 307 1738 vj
332 1697 361 1728 d.
388 1708 444 1738 per
467 1698 610 1739 integras
631 1699 739 1730 firmas
765 1699 966 1730 baroniarum
993 1699 1032 1730 de
1057 1699 1195 1730 Leswalb
1220 1702 1253 1730 et
1266 1684 1350 1716 walt·

197 1745 375 1787 Menebrig,
405 1747 440 1777 in
475 1748 581 1778 warda
623 1747 836 1779 existencium
877 1758 934 1788 per
964 1748 1087 1778 obitum
1119 1747 1254 1788 Georgei

198 1795 350 1837 Douglas,
380 1795 419 1827 de
443 1806 527 1827 anno
551 1796 648 1837 hujus
672 1797 821 1838 computi.
868 1797 1000 1828 Summa
1021 1797 1118 1837 hujus
1142 1797 1254 1833 oneris,

201 1845 304 1876 lxxxx
319 1845 351 1877 fi.
368 1845 392 1886 ij
409 1850 431 1877 s.
449 1846 481 1887 vj
498 1845 527 1877 d.

243 1894 295 1926 De
339 1894 466 1935 quibus,
504 1895 640 1935 allocate
685 1895 888 1936 oomputanti
932 1905 988 1936 per
1031 1895 1256 1926 liberacionem

199 1942 319 1975 factam
364 1944 524 1975 Oristiane
568 1945 728 1981 Rothven,
766 1944 877 1975 relicte
923 1944 1085 1985 quondam
1123 1944 1257 1985 Georgei

200 1993 352 2034 Douglas,
376 2003 416 2024 ex
439 1993 612 2035 conjuncta
634 1993 855 2025 infeodacione
879 1994 941 2025 sibi
965 1993 1057 2031 facta,
1080 1993 1119 2025 de
1142 1994 1258 2035 viginti

201 2045 339 2083 quatuor
369 2043 519 2074 marcatis
549 2047 706 2074 terrarum
737 2043 942 2074 baroniarum
981 2043 1020 2074 de
1059 2043 1198 2075 Leswalb
1227 2046 1280 2074 et-

142 2088 153 2094 ‘
201 2090 369 2132 Menebrig
392 2091 617 2132 predictarum,
641 2095 678 2122 ut
701 2094 790 2132 patet
813 2091 847 2122 in
870 2092 985 2123 rotulis
1007 2092 1260 2133 precedentibus,

203 2140 242 2171 de
257 2150 341 2172 anno
357 2141 508 2181 computi,
524 2141 578 2181 xvj
596 2140 627 2171 fi.
673 2141 718 2172 Et
733 2151 789 2182 per
806 2140 1034 2173 liberacionem
1047 2141 1165 2173 factam
1177 2141 1261 2172 dicte
