1551 2462
81 1885 267 1917 Stewarton.

303 274 365 303 380
543 299 547 302 .
618 273 782 306 ROTULI
806 274 1042 307 SCACGARII
1267 278 1357 307 1466.

672 651 791 685 CCXL.
817 650 967 694 [coms]

418 750 633 784 ooMPUTA
656 751 955 784 BALLivoRUM
977 752 1042 783 AD
1065 751 1224 783 EXTRA.

782 845 874 876 1466.

345 938 545 969 Scaccarium
556 938 751 970 serenissimi
761 938 916 979 principis
932 941 965 970 et
978 937 1101 969 domini
1110 937 1222 973 nostri,
1232 931 1356 968 domini

299 986 413 1019 Jacobi
431 988 521 1019 tercii
533 988 644 1019 divina
656 988 785 1020 favente
798 989 973 1020 clemencia
989 988 1157 1019 Scotorum
1172 987 1255 1028 regis
1265 987 1357 1019 illus-

298 1037 441 1075 trissimi,
456 1040 584 1069 tentum
600 1038 686 1078 apud
701 1038 878 1079 Linlithqw
895 1041 927 1069 et
936 1037 1123 1069 inchoatum
1134 1037 1255 1068 ibidem
1271 1047 1355 1067 nono

299 1087 350 1118 die
367 1087 485 1118 mensis
501 1088 523 1118 J
526 1087 596 1118 unii
611 1097 695 1118 anno
711 1088 845 1119 Domini
860 1088 1031 1119 millesimo
1042 1086 1356 1128 quadringentesimo

299 1137 496 1178 sexagesimo
512 1140 602 1168 sexto
620 1140 651 1168 et
666 1138 756 1178 regni
779 1138 830 1168 sui
846 1148 930 1168 anno
947 1140 1046 1174 sexto,
1059 1147 1165 1168 coram
1182 1136 1355 1167 reverendo

298 1188 537 1228 venerabilique
553 1188 588 1218 in
605 1187 709 1219 Cristo
724 1187 856 1219 Andrea
871 1188 1019 1229 episcopo
1030 1186 1231 1228 Glasguensi,
1241 1186 1356 1217 Archi-

299 1237 393 1268 baldo
424 1237 539 1268 abbate
563 1237 679 1268 Sancte
710 1237 822 1268 Crucis
846 1237 884 1268 de
914 1236 1117 1278 Ediuburgh,¹
1135 1236 1298 1267 nobilibus
1321 1239 1355 1267 et

298 1286 476 1327 magnificis
500 1286 638 1317 dominis
655 1286 785 1317 Andrea
808 1285 938 1317 domino
960 1285 1139 1323 Avandale,
1163 1284 1355 1319 cancellario

299 1336 415 1374 Scocie,
427 1336 539 1368 Colino
552 1336 667 1367 comite
678 1335 716 1367 de
729 1336 835 1377 Ergile
848 1338 879 1366 et
889 1335 1018 1366 domino
1030 1335 1187 1372 CambelL
1201 1335 1354 1376 magistro

297 1386 433 1427 hospicii
471 1386 562 1427 regis,
607 1385 753 1416 Gilberto
791 1385 919 1416 domino
957 1385 1130 1426 Kennedy,
1173 1384 1352 1415 venerabili

296 1435 366 1466 viro
382 1435 533 1476 magistro
548 1435 571 1466 J
573 1435 670 1466 acobo
693 1434 861 1475 Lindesay,
883 1435 1044 1476 preposito
1064 1435 1103 1466 de
1126 1434 1354 1472 Lineloudaue,

297 1485 428 1516 custode
458 1484 576 1525 privati
606 1485 712 1525 sigilli,
743 1484 906 1515 nobilibus
936 1484 1014 1515 viris
1049 1483 1238 1515 Alexandro
1271 1483 1354 1514 Boid
1404 1496 1407 1499 ¹

297 1535 336 1566 de
359 1534 537 1571 Drumooll,
553 1534 702 1565 Johanne
720 1533 906 1574 Colquhone
929 1534 969 1564 de
992 1533 1112 1570 eodem,
1129 1537 1353 1574 computorum

297 1584 479 1621 rotulatore,
509 1584 677 1621 militibus,
707 1583 858 1624 magistro
883 1583 990 1614 David
1013 1583 1139 1614 Guthre
1163 1583 1203 1614 de
1233 1583 1353 1620 eodem,

296 1633 503 1670 thesaurario,
519 1633 715 1664 Archibaldo
729 1633 901 1671 Quhithw,
911 1633 1134 1664 archidiacono
1148 1632 1354 1670 Moraviensi,

297 1683 474 1720 secretario,
490 1683 676 1714 Alexandro
692 1683 827 1721 Murref,
843 1687 875 1714 et
898 1683 1027 1714 domino
1051 1683 1188 1713 Ricardo
1212 1682 1353 1719 Roberti,

296 1733 502 1765 ecclesiarum
517 1733 730 1764 Moraviensis
747 1736 779 1765 et
801 1733 1039 1765 Aberdonensis
1055 1731 1225 1769 canonicis,
1247 1732 1352 1762 audit-

297 1782 403 1813 oribus
415 1792 472 1823 per
487 1792 673 1823 supremum
689 1782 856 1813 domiuum
872 1785 1017 1814 nostrum
1034 1791 1141 1822 regem
1157 1781 1328 1822 deputatis.

341 1881 534 1922 Oompotum
550 1881 665 1923 Rogeri
680 1881 719 1913 de
735 1880 915 1912 Foultoune
931 1884 964 1912 et
979 1879 1196 1912 Johanuis‘de
1208 1879 1351 1921 Dunlop,

296 1931 515 1972 serjandorum
535 1931 669 1962 dominii
685 1931 724 1961 de
748 1931 959 1967 Stewartoun,
976 1929 1189 1971 [Linlich90w‚
1206 1929 1249 1959 18
1265 1929 1353 1960 June

296 1981 491 2021 1466,fr0m
506 1982 526 2011 1
542 1981 622 2021 July
637 1981 731 2019 1465.

342 2031 468 2072 Clzarqe.
512 2030 658 2067 Arreao-s,
670 2030 768 2068 „269564
783 2030 847 2060 113.
866 2029 938 2072 6721&
955 2030 999 2060 920
1014 2028 1153 2059 chalders
1168 2028 1324 2069 oatmeal]

339 2080 434 2118 Item,
448 2080 535 2111 idem
551 2083 661 2111 onerat
677 2090 709 2111 se
722 2079 762 2110 de
781 2078 897 2120 j⁰xxvij
915 2079 946 2110 fi.
965 2078 1020 2119 xiij
1039 2083 1062 2109 s.
1079 2078 1125 2118 iiij
1143 2078 1172 2109 d.
1189 2078 1211 2119 ij
1237 2078 1351 2109 celdris

295 2130 351 2171 viij
363 2130 458 2161 bouis
470 2130 571 2161 farine
584 2129 748 2160 avenatios
758 2139 814 2169 per
825 2128 965 2170 integras
977 2128 1085 2158 firmas
1098 2127 1203 2158 tocius
1216 2127 1350 2158 dominii

296 2180 334 2211 de
352 2180 552 2211 Stewartoun
575 2182 608 2210 et
637 2178 895 2210 molendinorum
917 2177 1069 2218 ejusdem,
1092 2180 1188 2218 prout
1211 2177 1350 2218 particu-

295 2229 404 2272 lariter
434 2228 616 2261 continetur
648 2228 680 2258 in
709 2227 814 2259 rotulo
844 2227 922 2258 anni
951 2226 1158 2268 precedentis.
1218 2226 1350 2257 Summa
