1551 2462
145 255 235 284 1466.
454 251 615 283 REGUM
640 251 887 283 SCOTORUM.
1131 254 1191 283 383

142 344 302 377 Falkland
314 347 346 376 et
364 344 598 376 Uchtermukte
608 343 647 375 de
659 354 775 385 croppo
792 344 869 375 anni
881 343 1080 385 precedentis
1091 346 1123 375 et
1133 344 1193 375 sub

143 394 285 436 periculo
301 393 594 436 computantis,fxvj
612 394 644 425 fi.
662 394 718 435 xiij
733 398 755 425 s.
771 394 818 435 iiij
833 394 861 424 d.
885 394 928 424 Et
941 396 1079 434 quatuor
1090 404 1193 434 serge-

143 444 234 476 andis
244 454 300 485 pro
310 444 411 475 feodis
423 444 498 481 suis,
509 445 547 475 de
558 454 641 475 anno
651 444 794 484 computi
804 443 900 474 etsub
911 443 1052 484 periculo
1063 453 1193 484 compu-

142 494 250 532 tantis,
265 494 311 536 iiij
328 494 359 525 ti.
405 495 448 525 Et
464 494 575 531 eidem,
591 493 630 525 de
646 493 745 525 firmis
761 493 846 525 Aule
862 493 902 524 de
918 493 1030 534 Rossy,
1046 503 1193 524 concesse

143 545 183 576 ad
205 544 414 576 feodifirmam
431 543 597 575 VVillelmo
613 544 737 574 Bonare
760 553 816 584 per
832 546 951 574 cartam
975 543 1097 574 domini
1112 543 1195 584 regis

142 595 181 626 de
191 605 247 626 sex
262 594 387 630 marcis,
403 596 436 625 et
459 596 649 634 computans
665 596 815 624 oneratur
831 603 904 624 cum
921 596 991 624 octo
1007 593 1121 624 marcis
1137 603 1194 633 pro

144 643 262 675 eisdem
279 643 317 674 de
331 653 415 673 anno
442 642 594 683 computi,
611 643 686 683 xxvj
709 647 732 673 s.
748 642 805 683 viij
832 642 860 673 d.
919 642 977 683 [To
995 642 1196 682 Comptroller
1209 638 1373 698 ἓξῗέξζῗὲξῆ

138 694 196 734 for
210 693 381 730 housekold,
398 693 497 730 :9342
519 693 583 723 IOs.
608 692 674 732 5³d.]
719 692 762 723 Et
784 692 896 729 eidem,
919 702 976 732 per
999 691 1194 723 solucionem
1208 699 1333 721 rotulator.
1353 686 1359 696 ⁷

145 743 262 773 factam
278 742 300 773 J
302 742 421 773 ohanni
436 742 587 773 Balfoure
610 752 667 783 pro
691 742 784 773 feodo
807 752 873 779 suo,
897 752 936 773 ex
951 742 1057 783 gracia
1072 741 1195 773 domini

141 792 222 833 regis
238 802 338 832 usque
359 794 477 823 etatem
495 791 639 832 ejusdem
657 791 840 832 quindecim
856 801 1022 828 annorum,
1038 791 1117 822 alias
1133 791 1195 822 sibi

143 852 289 873 concesso
313 852 369 882 per
392 841 560 872 dominum
583 852 691 882 regem
714 843 747 872 et
769 841 914 872 dominos
938 841 977 872 de
1001 841 1141 878 consilio,
1158 844 1195 872 ut

142 894 231 932 patet
246 891 280 921 iu
295 890 401 922 rotulo
425 891 501 922 anni
528 891 737 932 precedentis,
753 891 792 921 de
815 901 898 922 anno
922 891 1074 931 computi,
1090 891 1146 931 xiij
1160 890 1192 922 fi.

142 941 173 982 vj
191 951 213 972 s.
230 941 285 982 viij
303 941 332 972 d.
380 941 422 972 Et
439 941 551 978 eidem,
573 951 631 981 pro
647 940 796 971 decimali
812 940 884 971 feno
900 940 983 980 prati
1000 940 1038 971 de
1055 940 1192 971 Uchter-

119 984 122 985 ⁷
142 990 254 1022 mukte
265 994 372 1031 empto
388 990 426 1021 de
437 990 588 1021 mandato
601 993 824 1031 computorum
838 989 1022 1021 rotulatoris
1044 993 1076 1020 et
1091 989 1195 1021 locato

94 1043 97 1047 “
144 1050 217 1070 cum
247 1039 321 1070 feno
352 1039 522 1080 principali
556 1039 634 1070 dicti
663 1039 747 1080 prati
777 1039 811 1069 in
841 1038 1009 1076 Falffland,
1036 1039 1137 1079 xxxiij
1170 1043 1192 1070 ἕ.

143 1089 189 1130 iiij
202 1089 231 1121 d.
265 1090 307 1120 Et
324 1089 435 1126 eidem,
447 1099 503 1130 pro
515 1089 589 1120 feno
602 1088 749 1120 decimali
765 1088 848 1129 prati
864 1088 903 1119 de
919 1088 945 1118 F
947 1088 1078 1119 alkland
1090 1088 1193 1119 locato

144 1149 218 1170 cum
241 1139 364 1180 reliquo
380 1139 454 1169 feno
470 1141 502 1169 et
518 1139 556 1169 de
579 1138 690 1169 eodem
713 1138 872 1174 mandato,
888 1147 910 1168 v
925 1137 956 1168 fi.
1003 1137 1062 1178 [To
1088 1138 1195 1178 Uomp-
1268 1138 1313 1161 Do.

145 1189 316 1230 crollersor
331 1189 502 1225 household,
525 1188 601 1228 Ar]
646 1188 689 1219 Et
719 1187 831 1224 eidem,
855 1187 894 1218 de
917 1187 1016 1218 firmis
1039 1191 1196 1219 terrarum

145 1238 184 1269 de
212 1238 352 1278 Inchery
381 1237 521 1268 remissis
555 1248 611 1278 per
640 1248 747 1278 regem
778 1237 799 1268 J
802 1237 921 1268 ohanni
951 1237 1109 1278 Flemyng
1140 1247 1196 1278 pro

145 1288 211 1319 suis
242 1288 404 1319 laboribus
439 1288 532 1319 factis
570 1288 604 1319 in
642 1287 762 1328 Anglia
793 1298 866 1318 cum
897 1288 1076 1319 ambassata
1106 1288 1198 1328 regis,

145 1342 183 1369 ut
212 1340 302 1379 patet
331 1348 388 1378 per
424 1337 533 1368 literas
571 1337 773 1368 dominorum
807 1337 845 1367 de
876 1340 1025 1377 precepto
1056 1340 1198 1368 ostensas

148 1397 243 1428 super
265 1390 460 1428 computum,
476 1387 533 1427 lvij
552 1391 575 1418 s.
589 1388 600 1427 j
619 1386 647 1417 d.
693 1387 735 1417 Et
760 1387 872 1423 eidem,
887 1397 945 1427 pro
962 1386 1053 1418 feodo
1070 1397 1126 1418 suo
1142 1397 1200 1427 pro

146 1437 269 1468 factura
299 1437 463 1479 sexaginta
490 1437 669 1468 celdrarum
699 1436 795 1467 brasii
818 1437 981 1467 firmarum
1004 1437 1043 1468 <le
1066 1437 1136 1468 Fife
1161 1437 1200 1468 de

148 1496 263 1527 croppo
279 1487 356 1517 anni
372 1486 580 1527 precedentis,
596 1486 627 1527 vj
645 1486 676 1517 fi.
722 1486 765 1517 Et
788 1486 900 1523 eidem,
917 1497 972 1527 pro
988 1487 1087 1528 gagiis
1099 1486 1200 1518 verle-

148 1539 252 1567 torum
275 1536 394 1567 stabuli
411 1536 533 1568 domini
556 1536 637 1577 regis
654 1539 687 1567 et
710 1535 846 1567 aliorum
861 1536 1053 1567 servitorum
1075 1546 1199 1567 reman-

149 1586 275 1617 encium
288 1586 373 1627 apud
387 1586 547 1617 Falkland
560 1586 694 1617 diversis
708 1585 831 1617 vicibus
841 1596 897 1626 per
908 1589 1036 1627 tempus
1049 1586 1200 1627 computi,

149 1645 273 1668 necnon
303 1635 425 1667 domini
451 1635 541 1667 ducis
572 1635 713 1667 Albanie
744 1635 848 1667 eundo
879 1639 911 1667 et
941 1637 1129 1668 revertendo
1160 1636 1201 1667 ad

148 1685 263 1716 itinera
276 1684 462 1726 justiciarie,
477 1688 515 1716 ut
530 1687 620 1725 patet
635 1684 669 1715 in
686 1684 798 1715 cedula
821 1685 1038 1726 computantis
1061 1685 1200 1726 particu-

149 1734 257 1765 lariter
287 1734 471 1766 examinata
506 1744 602 1775 super
632 1738 818 1774 computum
849 1737 882 1765 et
911 1738 1096 1766 remanente
1126 1745 1200 1766 cum

151 1783 264 1815 clerico
294 1784 431 1825 registri,
458 1783 595 1824 lxxxviij
619 1783 651 1814 h'.
676 1783 720 1824 xij
745 1788 767 1815 s.
799 1784 832 1814 ix
856 1783 884 1815 d.
941 1784 984 1814 Et
1009 1784 1121 1821 eidem,
1138 1778 1201 1825 ¹pro

152 1833 285 1864 diversis
309 1833 458 1874 expensis
475 1833 568 1864 factis
591 1843 648 1874 per
663 1835 903 1873 computantem
924 1833 1007 1864 circa
1023 1833 1201 1864 custodiam

150 1886 324 1914 martarum
349 1886 512 1924 pasterum
539 1885 571 1914 et
599 1882 742 1919 aliarum,
769 1883 944 1914 seminibus
974 1882 1145 1914 herbarum
1168 1886 1200 1914 et

150 1932 270 1964 olerum
287 1943 343 1974 pro
368 1936 436 1964 orto
464 1933 503 1964 de
528 1932 699 1968 Falklaud,
720 1932 899 1963 lucracione
924 1936 957 1963 et
983 1932 1201 1964 arconiacione

150 1982 216 2013 feni
232 1982 395 2013 decimalis
408 1981 623 2017 derrFalkland
640 1984 672 2012 et
688 1981 932 2018 Uchtermukte,
948 1982 1144 2013 vicecomitis
1161 1982 1200 2013 de

152 2032 221 2063 Fife
237 2032 413 2073 equitantis
435 2041 546 2062 versus
567 2031 723 2072 Kingorn,
744 2034 776 2061 et
792 2030 863 2061 aliis
884 2028 1032 2071 expensis
1052 2031 1144 2062 factis
1161 2031 1201 2063 de

152 2081 304 2112 mandato
321 2081 523 2112 dominorum
539 2081 578 2111 de
594 2080 737 2117 consilio,
753 2083 790 2110 ut
804 2083 894 2120 patet
910 2081 943 2110 in
960 2080 1070 2111 eadem
1088 2081 1201 2112 cedula

153 2131 251 2163 eciam
267 2131 504 2172 particulariter
519 2130 702 2161 examinata
717 2139 812 2170 super
827 2133 1012 2170 computum
1029 2133 1061 2161 et
1075 2140 1199 2162 reman-

153 2183 226 2211 ente
250 2191 322 2212 cum
338 2179 452 2212 clerico
478 2180 612 2221 registri,
637 2179 703 2220 xxij
725 2179 757 2210 fi.
774 2179 830 2220 viij
848 2183 870 2210 s.
887 2179 908 2220 ij
927 2179 955 2211 d.
1001 2179 1044 2211 Et
1070 2190 1199 2221 compu-
