1551 2462
375 257 437 285 122
679 252 843 285 ROTULI
866 251 1104 285 SCACCARH
1334 254 1425 282 1462.

373 351 529 379 terrarum
542 357 603 388 que
614 350 690 378 sunt
700 346 738 378 de
753 346 948 387 proprietate
964 346 1086 377 domini
1097 345 1179 386 regis
1191 345 1276 376 ultra
1288 348 1424 382 montes,

378 398 586 439 [Edinbuoyh‚
601 398 645 428 30
660 397 739 438 July
754 397 850 435 1462,
858 397 948 437 from
965 397 986 427 6
1000 396 1112 426 Illarclc
1127 395 1237 433 1460;
1259 395 1283 426 3
1297 398 1397 426 tcrms.

418 447 542 488 Charye.
578 447 725 483 Arrcars,
737 447 833 477 ιΗΒΘ]
845 447 910 477 19⁵.
921 446 985 487 Sd]
1017 446 1111 482 Item,
1122 445 1209 476 idem
1221 448 1332 476 onerat
1341 454 1374 475 se
1385 444 1425 475 de

373 497 454 538 xliiij
468 497 500 528 11,
511 507 567 538 per
578 497 717 538 integras
733 496 840 527 firmas
854 496 891 527 de
905 496 1017 527 Coulle
1029 499 1062 526 et
1074 495 1183 527 0118111
1195 494 1233 525 (18
1245 494 1348 527 tribus
1359 497 1424 525 ter-

373 547 470 578 minis
482 547 579 587 hujus
592 546 738 587 compoti.
784 546 826 576 Et
838 545 876 576 de
888 556 931 576 xv
942 545 974 576 11.
987 555 1044 586 per
1056 545 1196 585 integras
1209 544 1315 579 firmas
1326 547 1426 575 terra-

371 597 483 628 rumde
493 596 704 637 Abbyryeldy
715 596 753 627 de
766 596 886 627 eisdem
896 595 1049 626 terminis.
1081 595 1123 627 Et
1133 594 1172 625 de
1182 594 1218 625 lx
1226 593 1258 624 it
1270 593 1309 624 de
1319 593 1421 625 firmis

373 646 507 678 dominii
523 646 562 677 de
577 646 768 686 Abernethy
791 645 831 676 (18
854 645 949 676 dictis
971 644 1126 676 terminis.
1171 644 1214 674 Et
1238 643 1276 674 de
1291 642 1373 683 lxvij
1391 642 1424 674 11.

373 707 395 727 x
411 701 433 728 s.
450 706 507 737 per
529 696 668 736 integras
684 696 794 726 firmas
817 695 963 736 thanagii
979 694 1018 725 de
1041 694 1198 735 Kyutore,
1215 703 1276 734 que
1293 695 1370 724 sunt
1385 692 1425 723 de

373 746 566 787 proprietate
597 745 719 788 domini
748 745 840 786 regis,
871 744 909 775 de
941 744 1062 775 eisdem
1091 743 1246 777 terminis.
1292 742 1425 774 Summa.

371 796 471 836 hujus
487 796 600 832 oneris,
613 794 753 836 j⁰lxxxvj
771 794 796 825 fi
811 805 841 825 ,Χ
857 798 881 826 ἔ.
1363 831 1366 833 Α

416 845 510 882 Item,
532 845 618 876 idem
642 847 753 875 onerat
776 854 809 875 se
837 844 876 874 (18
898 842 1025 884 ijcxxxij
1049 842 1081 873 11
1105 841 1140 883 iij
1164 846 1187 874 Ξ.
1207 842 1220 882 j
1244 841 1274 873 d.
1297 841 1345 873 ob.
1368 851 1426 882 per

372 894 513 935 integras
528 894 636 925 firmas
652 894 824 925 comitatus
841 893 988 924 Moravie
1003 892 1088 922 infra
1103 892 1363 924 vicecomitatum
1385 890 1425 921 de

371 944 478 985 Elgyn
508 944 547 975 de
588 943 682 974 dictis
705 943 808 974 tribus
832 942 977 973 terminis
1007 942 1104 982 hujus
1127 941 1273 982 compoti.
1319 941 1363 972 Et
1385 940 1424 971 de

371 993 475 1023 lxxxx
512 993 546 1024 fi.
575 1003 633 1034 per
676 992 816 1033 integras
840 992 949 1023 firmas
971 991 1106 1022 dominii
1129 991 1168 1022 de
1191 990 1425 1032 Glenquharny

369 1042 454 1073 infra
491 1042 614 1073 dictum
661 1042 920 1072 vicecomitatum
944 1041 982 1072 (18
1023 1041 1144 1074 eisdem
1183 1040 1338 1071 terminis.
1383 1039 1426 1070 Et

367 1090 497 1133 j⁰lxxvij
514 1091 546 1122 11.
560 1102 603 1122 xv
619 1095 642 1122 s.
659 1101 715 1132 per
730 1091 871 1132 integras
880 1090 991 1133 firmas
1007 1090 1085 1121 dicti
1097 1090 1267 1125 comitatus
1279 1089 1426 1120 Mor-avie

371 1142 456 1173 infra
479 1141 736 1173 vicecomitatum
767 1141 806 1172 de
829 1141 925 1172 Fores
942 1140 981 1171 (18
1004 1140 1098 1171 dictis
1121 1140 1274 1173 terminis.
1320 1140 1363 1170 Et
1385 1139 1426 1170 de

369 1190 441 1232 j⁰xx
457 1191 489 1222 fi.
506 1202 527 1221 x
544 1195 567 1222 ἔ.
583 1201 640 1232 per
662 1191 802 1231 integras
826 1190 934 1222 firmas
950 1190 990 1220 de
1013 1190 1110 1230 Petty
1126 1192 1158 1220 et
1181 1189 1363 1230 Brachlyne
1386 1189 1426 1220 de

372 1241 493 1273 eisdem
507 1241 661 1272 terminis.
707 1240 749 1271 Et
773 1240 812 1271 de
825 1239 897 1280 j⁰vij
915 1239 947 1271 fi.
971 1250 1015 1270 xv
1030 1244 1053 1271 ἓ.
1078 1234 1134 1280 per
1156 1239 1295 1280 integras
1318 1239 1427 1269 firmas

372 1291 501 1322 baronie
518 1291 557 1322 de
573 1290 693 1321 Leffars
715 1300 814 1331 prope
834 1290 993 1330 Invernys
1009 1292 1042 1320 et
1056 1289 1186 1320 baronie
1209 1289 1248 1320 de
1271 1287 1426 1319 Bonnoch

372 1344 405 1372 et
420 1339 695 1381 Bonnochquhare
711 1340 749 1371 de
766 1339 886 1370 eisdem
908 1339 1062 1369 terminis.
1108 1339 1151 1369 Et
1167 1338 1218 1369 del
1235 1349 1302 1369 xxx
1317 1338 1349 1369 fi.
1366 1348 1424 1379 per

370 1391 510 1431 integras
533 1390 640 1420 firmas
664 1389 798 1420 dominii
821 1388 860 1419 de
893 1387 1081 1419 Stratherne
1104 1397 1161 1428 per-
1183 1387 1269 1419 idem
1289 1391 1425 1428 tempus.

369 1440 413 1471 Et
429 1440 468 1470 de
494 1438 600 1479 ij‘lxix
614 1438 645 1469 hi
662 1439 696 1478 iij
714 1442 736 1469 s.
754 1438 785 1478 vj
803 1437 832 1468 d.
853 1447 910 1478 per
926 1437 1065 1477 integras
1088 1437 1194 1468 firmas
1221 1437 1424 1468 baroniarum

370 1489 410 1521 (18
439 1488 572 1519 Avache
595 1492 627 1519 et
653 1487 839 1528 Eddyrdule
863 1497 924 1527 que
951 1486 1104 1521 dicuntur
1133 1487 1363 1518 Ardmannach
1386 1487 1426 1519 de

371 1539 492 1570 eisdem
520 1537 674 1569 terminis.
720 1537 762 1568 Et
792 1537 831 1568 de
853 1536 967 1577 lxxxxj
999 1536 1031 1567 fi.
1061 1546 1119 1577 per
1154 1536 1295 1578 integras
1318 1538 1426 1569 firmas

370 1588 506 1620 dominii
531 1587 571 1618 de
602 1586 803 1623 Strathnarn,
833 1586 1001 1617 existentis
1024 1586 1059 1616 in
1082 1586 1189 1617 warda
1211 1596 1268 1627 per
1289 1590 1426 1618 mortem

371 1637 532 1679 quondam
555 1637 681 1668 comitis
706 1636 901 1673 Grauior‘die,
924 1636 963 1667 de
986 1636 1105 1667 eisdem
1129 1636 1282 1668 terminis.
1328 1637 1370 1668 Et
1386 1637 1426 1669 (18

371 1687 415 1727 xij
443 1686 475 1718 fi.
500 1686 556 1727 xiij
581 1690 605 1718 s.
629 1686 668 1717 de
699 1686 804 1717 warda
834 1689 993 1718 terrarum
1022 1686 1241 1727 speotancium
1263 1687 1426 1727 quondam

370 1737 514 1769 Johanni
529 1736 568 1767 de
591 1736 794 1767 Drumbreke
817 1736 856 1767 de
872 1735 966 1766 dictis
990 1736 1135 1767 terminis
1157 1735 1255 1776 hujus
1277 1737 1425 1777 compoti.

372 1788 505 1819 Summa
519 1786 615 1827 hujus
631 1786 743 1822 oneris,
756 1785 897 1826 jmjclxxx
912 1785 944 1816 fi.
962 1785 1018 1817 xix
1034 1789 1056 1816 ἔ.
1075 1785 1117 1826 vij
1134 1785 1164 1816 d.
1180 1785 1228 1816 ob.

416 1837 510 1874 Item,
547 1836 633 1867 idem
662 1838 774 1866 onerat
804 1845 837 1865 se
868 1834 906 1865 de
933 1833 1016 1875 j⁰viij
1050 1834 1082 1866 hi
1114 1844 1171 1875 per
1200 1834 1425 1866 vendicionem

372 1886 555 1927 quindecim
572 1885 750 1916 celdrarum
761 1884 924 1921 frumenti,
935 1884 1079 1925 precium
1095 1884 1178 1915 bolle
1195 1894 1310 1915 novem
1322 1884 1424 1922 solidi,

373 1936 413 1968 de
429 1935 564 1977 propriis
580 1935 680 1966 firmis
696 1934 817 1966 domini
832 1934 914 1974 regis
930 1934 1100 1965 comitatus
1122 1933 1274 1965 Moravie.
1319 1934 1362 1965 Et
1385 1934 1425 1966 (18

373 1986 509 2026 lxxxxvj
533 1985 565 2016 11,
596 1995 653 2026 per
676 1984 897 2016 vendicionem
920 1983 1105 2024 quindecim
1135 1983 1315 2015 celdrarum
1337 1983 1424 2014 ordei

374 2039 407 2067 et
430 2036 548 2067 fan-ine
571 2034 743 2070 avenatice,
758 2033 902 2075 precium
917 2032 1001 2064 110118
1025 2036 1094 2063 octo
1117 2032 1220 2069 solidi,
1243 2032 1281 2063 (18
1304 2032 1424 2063 eisdem

374 2085 567 2126 proprietate
583 2087 616 2115 et
631 2084 793 2115 comitatu.
838 2083 880 2113 Et
895 2082 934 2113 de
951 2082 981 2122 vj
999 2082 1031 2113 fi.
1042 2082 1176 2122 receptis
1193 2082 1424 2113 acustumariis

375 2134 415 2165 de
430 2134 536 2175 Elgyn
551 2137 584 2165 et
593 2133 690 2164 Fores
705 2142 760 2173 per
775 2132 861 2163 idem
873 2135 1008 2172 tempus.
1046 2131 1088 2162 Et
1104 2131 1143 2162 de
1159 2132 1213 2172 xxj
1227 2131 1259 2163 fi.
1273 2131 1328 2172 xiij
1343 2136 1366 2163 s.
1376 2131 1423 2171 iiij

375 2183 404 2215 d.
411 2184 449 2215 de
456 2183 555 2215 firmis
565 2186 719 2215 terrarum
731 2181 859 2213 domino
869 2181 935 2222 regi
945 2180 1179 2223 pertinencium
1189 2181 1314 2213 racione
1321 2180 1425 2213 wardo
