1551 2462
0 1937 38 2289 -zj-yaztaeez’rssa‹21-:2'0'2‘⁷
0 1852 34 1902 ‘Ji-2
0 1743 24 1822 ’Ν

87 244 101 273 1
108 244 178 273 463.
397 239 557 271 REGUM
581 239 828 271 SCOTORUM.
1073 240 1130 269 171

85 337 241 366 terrarum
257 333 295 365 de
311 333 656 374 Lettorbanuochquhe
672 332 711 364 de
728 332 823 363 dictis
839 331 992 363 terminis.
1039 332 1082 362 Et
1097 331 1136 362 de

86 384 142 425 viij
168 383 200 415 li.
226 383 265 414 de
283 383 383 414 firmis
407 386 563 414 terrarum
588 382 627 414 de
651 382 831 423 Buchynne
854 382 893 413 de
916 381 1010 413 dictis
1034 381 1137 412 tribus

86 433 238 465 terminis.
285 433 327 463 Et
343 432 382 464 de
397 433 440 473 vij
458 432 490 464 fi.
514 443 536 463 x
557 436 580 464 Ξ.
600 432 779 463 molendini
797 431 836 463 de
859 430 1078 462 Abirlednoch
1099 430 1138 461 de

87 482 180 514 dictis
195 482 348 513 terminis.
394 482 437 513 Et
453 482 492 513 de
508 483 540 522 xj
565 482 677 513 martis
701 481 796 512 dictis
818 480 986 513 fodmartis
1002 480 1139 521 receptis

88 542 107 563 a
137 532 231 563 certis
260 531 437 562 husbandis
473 531 552 562 dicti
590 531 763 562 comitatus
801 541 857 572 per
886 530 973 562 idem
1002 533 1138 570 tempus,

89 582 221 613 Summa
235 581 332 621 hujus
348 581 461 618 oneris,
476 580 568 612 v‘lxx
583 581 615 612 11.
632 581 712 622 xviij
730 585 754 612 ἔ.
773 581 817 621 iiij
834 580 862 611 d.

133 631 226 668 Item,
263 630 351 662 idem
392 634 578 672 compotans
617 635 728 662 onerat.
762 640 795 661 se
837 629 876 661 de
907 628 969 670 j⁰xl
1009 628 1041 660 fi.
1085 638 1141 669 per

90 679 229 721 integras
245 680 352 711 firmas
369 679 491 713 domini
507 680 546 711 de
568 679 817 720 Buchquhiddir
839 689 896 720 per
910 682 1038 720 tempus
1055 689 1140 710 com-

90 729 166 771 poti.
211 730 304 767 Item,
319 730 406 761 idem
429 733 539 761 onerat
562 740 594 761 se
618 730 658 761 de
680 728 845 770 iij⁰1xxxiij
870 729 901 760 fi.
926 739 948 759 v
970 733 993 761 ἓ.
1006 729 1038 770 vj
1055 728 1084 760 d.
1102 728 1141 759 de

91 771 263 821 gressumis
298 780 443 811 omnium
475 782 634 810 terrarum
667 779 884 820 predictarum
922 789 979 819 per
1015 782 1143 819 tempus

90 829 237 870 compoti.
282 829 326 860 Et
356 829 395 860 de
425 829 482 870 xlij
514 829 547 860 fi„
573 829 613 860 de
639 829 812 870 gressumis
838 832 996 859 terrarum
1021 828 1144 860 domini

91 879 250 910 Willelmi
265 878 305 910 tle
314 879 470 915 Moravia,
480 879 515 910 in
528 879 634 910 warda
647 879 860 910 existencium
873 882 905 910 et
917 879 1144 915 assedatarum,

90 928 175 960 infra
189 931 317 970 tempus
333 929 482 969 compoti.
527 928 660 960 Summa
682 928 781 969 hujus
797 929 912 966 oneris,
929 927 1018 960 v⁰lxv
1033 928 1065 959 fi.
1082 939 1102 959 v
1120 932 1144 960 ἔ.

51 1024 54 1026 q
92 977 124 1017 vj
142 977 171 1008 d.

136 1026 231 1064 Item,
266 1026 353 1057 idem
384 1028 495 1057 onerat
529 1036 563 1057 se
594 1026 634 1057 de
664 1026 742 1066 xxxj
781 1025 813 1057 fi.
846 1036 868 1056 x
897 1030 920 1059 S.
951 1026 1007 1066 viij
1039 1025 1068 1057 d.
1106 1025 1146 1057 de

94 1075 190 1106 certis
226 1075 340 1106 wardis
379 1078 412 1106 et
449 1075 570 1107 reliviis
608 1075 869 1116 contingentibus
902 1075 986 1106 infra
1024 1075 1146 1106 dictum

94 1134 190 1155 suum
249 1124 418 1155 balliatum
477 1127 509 1155 et
569 1125 747 1160 dominium
795 1125 834 1156 de
884 1125 1032 1163 Meffane,
1072 1135 1146 1156 cum

94 1173 201 1215 precio
231 1173 368 1205 duorum
404 1174 531 1215 parium
569 1174 741 1206 calcarium
778 1175 923 1208 alborum
949 1177 981 1206 et
1011 1178 1149 1216 quatuor

95 1223 251 1254 librarum
288 1223 415 1264 piperis,
459 1224 602 1265 precium
643 1225 728 1265 paris
765 1225 935 1256 calcarium
973 1225 1149 1256 octodecim

96 1272 228 1309 denarii,
259 1275 292 1303 et
321 1272 401 1303 libre
438 1273 558 1314 piperis
588 1276 725 1314 quatuor
761 1274 864 1311 solidi,
901 1274 984 1305 infra
1021 1277 1150 1315 tempus

96 1321 244 1362 compoti.
288 1322 331 1352 Et
357 1322 396 1352 de
420 1322 490 1363 lxiij
522 1322 554 1353 fi.
580 1323 618 1354 de
646 1323 752 1354 warda
782 1323 904 1357 domini
928 1323 1087 1355 Willelmi
1111 1323 1150 1354 de

96 1371 243 1402 Moravia
258 1371 297 1402 de
313 1371 501 1402 Tufibardin
521 1371 560 1403 de
583 1372 684 1403 tribus
708 1372 854 1403 terminis
877 1372 961 1403 infra
982 1372 1042 1404 hoc
1066 1382 1149 1404 com-

96 1424 218 1462 potum.
264 1421 358 1458 Item,
381 1421 466 1452 idem
491 1424 602 1452 onerat
626 1431 660 1453 se
684 1421 724 1453 de
750 1422 807 1462 xiij
834 1422 862 1452 d.
879 1423 912 1463 vj
941 1426 963 1453 ἔ.
982 1422 1036 1463 viij
1065 1422 1094 1453 d.
1111 1422 1150 1453 de

96 1470 203 1501 warda
228 1472 385 1501 terrarum
408 1470 447 1502 de
471 1471 659 1512 Fossoquhy
682 1471 759 1510 Hay
782 1471 821 1502 de
844 1471 969 1503 duobus
995 1472 1151 1509 terminis,

97 1519 220 1551 scilicet
243 1519 353 1551 Sancti
369 1520 504 1551 Martini
520 1524 552 1552 et
568 1521 796 1552 Pentechostes
819 1521 934 1553 ultimo
953 1522 1079 1563 elapsis,
1094 1532 1152 1563 per

31 1601 35 1603 ,
97 1569 221 1601 obitum
258 1569 384 1601 comitis
415 1570 453 1601 de
478 1570 576 1608 Eroll,
606 1570 663 1611 qui
691 1570 771 1601 obiit
801 1571 836 1601 in
865 1581 973 1602 mense
1004 1571 1151 1602 Octobris

98 1617 283 1649 immediate
305 1618 495 1659 precedente
518 1619 578 1651 hoc
605 1622 796 1660 compotum.
843 1620 886 1652 Et
909 1620 948 1651 de
972 1620 1028 1660 xvj
1046 1625 1070 1651 ἔ.
1094 1630 1152 1661 pro

99 1670 234 1708 quatuor
243 1667 334 1698 libris
350 1667 470 1708 piperis
480 1678 536 1709 per
546 1668 802 1709 duplicacionem
814 1668 885 1700 albe
897 1669 986 1700 firme
996 1672 1153 1700 terrarum

42 1734 45 1737 -
98 1717 137 1748 de
167 1717 268 1754 Gorti‚
297 1717 432 1758 receptis
463 1728 520 1758 per
550 1718 686 1751 eundem
718 1718 803 1749 infra
839 1721 967 1759 tempus
1005 1718 1152 1759 compoti.

100 1765 231 1797 Summa
246 1765 343 1806 hujus
359 1766 473 1803 oneris,
488 1766 570 1808 j⁰viij
587 1767 619 1798 h’.
644 1767 700 1808 xiij
718 1771 740 1798 ἔ.
758 1768 803 1808 iiij
822 1767 852 1802 (Ϊ.
898 1768 1030 1799 Summa
1044 1767 1154 1799 totalis

74 1853 79 1857 ¹
100 1815 305 1861 oneraciqnis,
318 1814 473 1858 jmij⁰xliiij
498 1816 531 1849 11.
548 1816 614 1857 xvij
633 1821 655 1847 ἔ.
679 1817 726 1857 iiij
751 1816 781 1849 d.
827 1817 959 1848 Summa
975 1817 1080 1854 brasii,
1096 1817 1152 1858 viij

99 1864 191 1896 bolle.
238 1864 371 1899 Summa
386 1869 571 1903 marterum,
587 1866 630 1906 xj.

143 1913 291 1954 Expense
314 1914 465 1954 ejusdem.
511 1915 551 1946 In
574 1915 694 1956 primis,
717 1915 853 1946 allocate
877 1915 1072 1956 compotanti
1100 1925 1156 1955 per

99 1962 326 1996 liberacionem
352 1963 471 1995 factam
501 1964 630 1995 domino
658 1965 796 1996 Roberto
827 1965 966 2006 Spangy,
996 1975 1036 1995 ex
1065 1968 1156 2006 parte

100 2012 208 2043 David
223 2013 317 2054 Boys,
332 2014 477 2054 magistri
492 2014 612 2045 fabrice
628 2014 666 2046 de
683 2014 935 2055 Ravynniscrag,
948 2014 987 2045 de
1003 2015 1156 2045 mandato

103 2060 188 2092 dicte
212 2061 340 2095 domine
364 2063 480 2103 regine,
507 2067 544 2095 ut
567 2066 657 2105 patet
684 2074 741 2105 per
765 2064 834 2104 ejus
861 2064 988 2094 literam
1014 2064 1074 2094 sub
1099 2074 1157 2094 sua

103 2111 339 2151 subscripcione
363 2112 506 2144 manuali
545 2116 577 2144 et
600 2113 723 2154 signeto
747 2113 785 2144 de
808 2113 959 2144 mandato
975 2115 1007 2144 et
1030 2112 1156 2144 literam

105 2161 320 2202 acquittancie
353 2161 432 2193 dicti
468 2162 590 2196 domini
627 2163 759 2196 Roberti
797 2173 856 2196 sua
892 2163 1021 2203 propria
1058 2172 1156 2194 manu
