1551 2462
164 271 253 301 1464.
474 270 561 302 REG
568 270 636 301 UM
659 270 907 302 SOOTORUM.
1152 272 1212 300 253

163 362 349 394 cedentibus
375 362 435 395 hoc
459 366 655 404 computum,
685 363 719 404 iij
751 362 784 395 fi.
831 363 963 394 Summa
993 372 1215 404 expensarum,

162 410 335 454 j⁰lxxxxvij
352 412 384 445 fi.
407 413 430 454 ij
455 412 484 444 d.
529 413 571 444 Et
594 413 639 444 sic
661 416 784 444 restant
806 412 863 453 xlij
889 412 921 443 fi.
945 413 999 453 xxj
1018 412 1047 443 d.
1071 413 1119 443 ob.
1167 412 1215 443 De

165 461 290 501 quibus,
305 462 438 494 allocate
454 462 654 503 computanti
670 472 727 503 per
742 462 937 493 solucionem
960 461 1078 492 factam
1095 462 1117 492 J
1119 461 1216 492 aoobo

164 511 376 543 Creiohtoune
407 511 445 543 de
476 511 607 553 Omnys,
641 511 747 548 militi,
781 521 838 552 pro
877 511 1022 542 custodia
1052 511 1147 542 castri
1177 510 1217 541 (16

165 561 280 592 Doune
305 561 345 593 de
371 561 507 593 termino
532 561 642 592 Sancti
664 560 799 591 Martini
823 561 907 591 infra
933 560 993 592 hoc
1020 563 1217 600 computum,

167 609 207 641 (16
239 610 388 642 mandato
419 609 538 641 domini
570 610 652 651 regis
679 610 879 641 auditoribus
918 610 1067 642 scaccarii
1095 609 1216 640 directo

164 659 336 691 literatorio
351 660 411 691 sub
426 660 549 701 signeto
561 662 688 691 ostenso
697 669 793 700 super
809 662 1005 700 computum,
1015 659 1083 699 ipso
1094 659 1216 689 fatente

164 712 328 749 receptum
343 719 437 751 super
447 712 635 751 computum
647 709 686 740 de
702 709 786 741 dioto
801 709 946 746 termino,
959 719 1002 740 xv
1011 708 1044 740 fi.
1084 709 1215 739 Summa

165 758 262 799 hujus
277 769 414 800 expense
430 762 527 800 patet.
573 759 616 790 Et
633 759 677 790 sio
693 762 816 790 restant
831 758 922 799 xxvij
939 759 971 790 H.
989 759 1043 799 xxj
1061 758 1090 790 d.
1109 759 1156 790 ob.

209 858 403 899 Computum
419 859 441 890 J
443 858 579 890 ohannis
601 857 802 899 Henrysone,
817 857 957 899 serjandi
973 857 1012 889 de
1028 856 1215 898 Lynlithqw
1231 861 1381 903 Lychqw,

165 917 201 938 ac
216 908 387 949 receptoris
409 908 573 939 firmarum
596 907 718 938 domiui
740 908 842 939 nostri
864 907 946 948 regis
968 907 1054 938 infra
1072 906 1215 947 Lithqw-

164 957 275 994 schire,
292 958 408 998 [Pm-tlz,
423 959 467 989 22
482 958 566 988 June
581 958 669 996 1464
677 968 690 995 ;
713 957 908 989 Martinmas
923 957 1010 995 1463
1028 957 1094 987 ancl
1114 957 1155 987 W
1154 957 1216 987 lvit-

165 1009 288 1049 sunday
303 1009 412 1050 1464]
555 1047 558 1048 ⁷

208 1058 455 1089 Memorandum
465 1058 550 1099 quod
562 1061 751 1099 computans
764 1058 875 1089 asserit
885 1068 918 1089 se
930 1057 1072 1089 totaliter
1084 1057 1216 1089 solvisse

166 1117 275 1138 omnes
301 1107 445 1139 redditus
474 1108 598 1149 elapsos
630 1108 669 1139 de
699 1108 845 1139 terminis
875 1107 990 1150 elapsis
1020 1111 1092 1148 post
1122 1117 1218 1138 suum

165 1157 334 1188 introitum
357 1157 392 1188 in
407 1157 492 1189 dioto
508 1157 619 1194 officio,
634 1157 785 1189 videlicet
800 1167 857 1198 per
873 1157 1048 1188 triennium
1064 1157 1216 1197 elapsum,

134 1211 137 1214 ’
164 1218 223 1239 neo
233 1207 362 1248 aliquod
372 1211 559 1248 computum
570 1207 725 1248 reperitur
734 1208 768 1238 in
777 1207 892 1238 rotulis
902 1207 1115 1248 mgistratum,
1122 1217 1217 1248 super
1232 1201 1393 1254 ἓξὲξᾷῗοὲῑῐῧ

164 1257 281 1297 quibus
298 1256 525 1297 inquirendum
548 1260 597 1289 est
619 1267 638 1288 a
659 1257 790 1288 custode
818 1256 937 1298 privati
963 1256 1070 1298 sigilli,
1095 1259 1162 1288 tam
1174 1257 1218 1288 de
1231 1262 1325 1291 private
1335 1261 1416 1290 sigilli-

166 1306 310 1347 pecuniis
326 1316 423 1347 quam
439 1306 477 1338 de
494 1306 616 1338 rotulis.

209 1356 299 1387 Idem
330 1358 439 1387 onerat
465 1366 499 1387 se
528 1356 563 1387 in
590 1356 703 1397 primis
733 1355 772 1386 de
796 1365 862 1387 xxv
889 1355 922 1387 11.
939 1355 969 1396 vj
995 1359 1018 1386 ἔ,
1036 1355 1090 1396 viij
1115 1355 1144 1386 d.
1161 1366 1219 1397 per

165 1405 303 1446 integras
319 1406 425 1436 firmas
442 1408 598 1437 terrarum
621 1406 659 1437 ’(16
683 1405 847 1447 Kynoavil
870 1405 909 1436 de
932 1405 1056 1436 duobus
1072 1406 1218 1437 terminis

163 1455 249 1486 infra
271 1454 331 1486 hoo
355 1455 575 1496 [computum]
622 1455 664 1486 Et
687 1455 727 1487 (16
752 1466 796 1487 xx
819 1455 852 1487 fi.
878 1455 932 1496 xvj
958 1459 980 1487 Ξ.
997 1466 1055 1496 per
1077 1456 1218 1497 integras

165 1505 271 1535 firmas
297 1507 454 1536 terrarum
479 1504 518 1536 (16
544 1505 737 1536 Drumeorse
767 1505 807 1536 (16
834 1505 945 1536 eodem
973 1515 1064 1536 anno.
1110 1506 1153 1537 Et
1179 1506 1218 1537 de

165 1556 219 1597 xvj
235 1556 267 1587 fi.
284 1566 341 1597 per
356 1556 494 1597 integras
511 1556 618 1588 firmas
634 1560 789 1588 terrarum
812 1556 851 1588 (16
868 1557 1044 1598 Bonytoun
1069 1557 1108 1588 de
1132 1557 1218 1589 dicto

164 1615 255 1637 anno.
301 1606 343 1637 Et
358 1605 397 1637 de
413 1616 458 1637 xx
473 1610 496 1637 ἔ.
512 1616 570 1647 per
584 1606 724 1648 integras
741 1607 848 1638 firmas
864 1608 946 1638 terre
960 1606 999 1637 de
1016 1606 1218 1648 Kingisfelde

166 1655 205 1687 de
220 1655 305 1687 dioto
321 1665 413 1687 anno.
458 1655 501 1687 Et
517 1655 556 1687 de
572 1656 628 1696 viij
645 1655 678 1687 fi.
695 1656 734 1687 (16
756 1656 856 1687 firmis
879 1659 1036 1687 terrarum
1059 1656 1098 1688 de
1118 1657 1217 1688 Loch-

165 1704 233 1736 side
248 1704 287 1736 de
302 1705 412 1736 eodem
429 1715 520 1736 anno.
565 1705 608 1736 Et
625 1705 664 1736 de
680 1705 748 1746 xiiij
765 1705 797 1737 ri.
815 1705 883 1746 xiiij
902 1710 924 1737 ἕ.
943 1706 998 1746 viij
1016 1705 1045 1737 d.
1062 1706 1102 1737 de
1120 1706 1217 1737 firmis

166 1764 309 1786 acrarum
324 1754 446 1786 domini
461 1754 543 1796 regis
559 1758 627 1785 tam
642 1754 847 1786 orientalium
858 1765 955 1795 quam
972 1755 1217 1786 occidentalium

164 1814 263 1845 prope
284 1804 421 1846 Lithqw,
435 1814 577 1835 unacum
593 1814 700 1835 annuo
724 1804 852 1836 redditu
877 1804 1020 1845 quinque
1043 1804 1217 1836 solidorum

166 1853 205 1885 (16
219 1853 395 1893 Fiddelaris
413 1854 503 1886 Croft
518 1857 551 1885 et
567 1853 744 1885 Lambertis
761 1853 850 1885 Yard
873 1854 912 1885 de
928 1853 1014 1885 dioto
1038 1863 1129 1884 anno.
1175 1854 1218 1885 Et

166 1902 206 1934 de
221 1914 243 1935 x
257 1903 289 1935 Ῐί.
305 1903 361 1944 xiij
379 1907 402 1935 ἓ.
418 1903 464 1943 iiij
482 1903 511 1934 d.
529 1913 585 1944 per
607 1903 747 1944 integras
770 1903 877 1934 firmas
900 1907 1057 1934 terrarum
1080 1903 1118 1934 (16
1139 1903 1218 1934 Wra

167 1952 206 1984 (16
222 1962 304 1984 anno
327 1952 478 1993 computi.
523 1953 566 1983 Et
589 1952 628 1984 de
652 1963 696 1983 xx
711 1952 743 1983 fi.
761 1962 817 1993 per
840 1952 980 1993 integras
997 1952 1104 1983 firmas
1120 1955 1216 1983 terra-

166 2011 238 2032 rum
259 2001 298 2033 de
321 2002 513 2033 Houstoune
536 2002 620 2033 infra
642 2001 806 2033 baroniam
830 2001 869 2033 de
893 2001 1046 2032 Strabrok
1069 2001 1108 2032 de
1132 2001 1217 2033 dicto

168 2061 260 2082 anno.
306 2051 348 2083 Et
379 2051 418 2082 de
449 2051 506 2092 xiij
539 2051 572 2083 ri.
598 2052 630 2092 vj
658 2055 681 2082 ἒ.
713 2051 769 2092 viij
802 2051 831 2082 d.
855 2061 912 2092 per
942 2050 1079 2092 integras
1110 2051 1217 2082 firmas

166 2100 342 2132 mediarum
357 2103 513 2132 terrarum
529 2101 771 2132 dominicalium
788 2100 827 2132 de
844 2101 1035 2132 Houstoune
1052 2100 1090 2132 de
1107 2101 1217 2132 eodem

165 2160 256 2181 anno.
301 2151 344 2182 Et
360 2150 399 2182 de
415 2161 436 2181 x
452 2150 483 2181 ri.
501 2161 557 2192 per
566 2151 706 2191 integras
718 2150 824 2181 firmas
834 2153 991 2181 terrarum
1008 2150 1046 2181 de
1063 2150 1218 2191 Kirkhyll

165 2199 305 2240 ejusdem
323 2200 458 2231 dominii
482 2200 520 2232 de
545 2200 739 2231 Houstoune
762 2199 801 2231 (16
818 2210 901 2230 anno
918 2200 1068 2240 computi.
1114 2200 1156 2230 Et
1179 2200 1218 2231 de
