1551 2462
396 306 402 313 Ι
415 266 455 294 80
725 263 890 295 ROTULI
914 263 1151 296 SCACCARII
1373 268 1464 298 1461.

413 356 609 389 offerendum
624 358 659 388 in
674 357 806 399 collegio
816 358 942 399 proprio
959 357 991 388 in
1003 358 1054 389 die
1067 357 1303 396 Pentheoostes,
1317 369 1337 389 x
1349 362 1372 390 ἔ.
1418 359 1461 390 Et

411 407 479 438 dati
494 408 686 448 pauperibus
702 408 735 438 in
755 408 862 439 Disert
877 408 979 448 primo
1002 408 1024 439 J
1028 407 1094 445 ulii,
1111 408 1150 439 de
1166 408 1316 440 mandato
1332 408 1461 440 domine

410 458 527 498 regine,
557 458 590 498 iij
623 462 646 489 s.
691 458 734 488 Et
764 457 876 495 eidem,
899 468 955 498 per
979 458 1175 490 solucionem
1205 458 1326 490 factam
1350 458 1458 491 David

411 507 564 549 Spalding
599 518 656 548 pro
692 507 903 548 quadraginta
936 507 1027 538 libris
1060 511 1173 539 mutuo
1206 508 1363 539 concessis
1402 518 1459 548 per

407 556 544 588 eundem
570 556 695 587 custodi
721 557 839 597 privati
865 556 962 598 sigilli
989 556 1111 588 decimo
1136 557 1272 598 septimo
1295 557 1410 588 Marcii
1425 561 1458 588 et

407 605 491 637 datis
506 606 613 647 regine
629 606 754 647 Anglie,
771 606 899 637 domino
922 606 1070 646 episcopo
1086 605 1300 637 Candideoase
1316 609 1455 638 testante

406 659 578 696 receptum,
605 655 640 686 xl
665 655 696 687 n.
742 656 785 686 Et
807 655 911 686 eidem
933 665 990 696 per
1012 655 1207 686 solucionem
1231 655 1348 686 factam
1370 655 1455 686 Wil-

405 705 501 736 lelmo
518 706 640 736 Bonare
662 716 719 746 pro
742 708 872 736 centum
896 705 994 736 scutis
1017 708 1130 736 mutuo
1153 705 1310 736 concessis
1327 705 1453 736 custodi

404 755 524 796 privati
554 755 651 796 sigilli
681 755 792 786 eodem
823 759 965 796 tempore
996 758 1028 786 et
1057 754 1200 786 liberatis
1230 754 1314 785 dicte
1345 754 1453 795 regine

404 804 531 846 Anglie‚
546 809 584 836 ut
599 813 703 845 supra,
719 805 778 836 sub
794 804 934 846 periculo
950 804 1171 845 compotantis,
1187 803 1242 834 11-1.
1287 804 1330 834 Et
1341 804 1453 842 eidem,

403 865 460 896 per
475 854 696 885 liberacionem
715 854 834 885 factam
854 854 939 886 dicto
962 854 1087 885 custodi
1110 854 1229 895 privati
1252 854 1347 895 sigilli
1366 853 1452 885 dicto

402 904 663 944 decimoseptimo
679 903 803 941 Marcii,
818 908 851 935 et
874 903 1007 935 liberate
1028 903 1171 944 predicte
1196 903 1303 945 regine
1324 903 1451 944 Anghe,

401 953 437 995 ij*
451 954 484 986 H.
529 955 571 985 Et
594 954 706 991 eidem,
721 964 778 994 pro
794 954 893 995 gagiis
917 954 1111 985 verletorum
1134 953 1263 984 domiue
1286 953 1394 994 regine
1417 957 1450 984 et

400 1004 536 1035 aliorum
570 1003 786 1041 familiarium,
815 1003 959 1044 ejusdem
988 1003 1241 1034 custodienoium
1279 1012 1377 1044 equos
1414 1003 1449 1034 in

400 1053 563 1085 Faucland
580 1064 598 1084 a
621 1053 807 1085 duodecimo
831 1053 979 1084 <Ianuarii
1001 1053 1098 1094 hujus
1121 1053 1261 1094 compoti
1283 1063 1384 1094 usque
1407 1054 1448 1085 ad

399 1102 624 1134 duodecimum
669 1102 793 1139 Marcii,
838 1112 895 1143 pro
940 1102 1037 1133 naulo
1074 1102 1228 1133 frumenti
1272 1104 1304 1133 et
1351 1102 1448 1133 brasii

397 1152 568 1183 missorum
599 1162 618 1183 a
655 1151 818 1183 Faucland
849 1151 890 1182 ad
920 1151 1117 1192 Edinburgh,
1147 1155 1181 1182 et
1211 1150 1345 1182 diversis
1375 1151 1448 1183 aliis

397 1202 531 1233 minutis
554 1202 703 1243 expensis
719 1201 812 1232 factis
828 1211 884 1242 per
906 1204 1152 1242 compotantem,
1175 1204 1212 1232 ut
1235 1203 1324 1241 patet
1339 1201 1374 1232 in
1389 1211 1448 1232 sua

395 1251 508 1283 cedula
524 1251 758 1293 particulariter
773 1251 956 1282 examinata
971 1254 1003 1282 et
1023 1254 1207 1282 remanente
1223 1261 1297 1282 cum
1315 1250 1447 1282 custode

395 1301 513 1342 privati
529 1301 634 1342 sigilli,
651 1301 682 1341 xj
703 1300 735 1331 fi.
753 1311 796 1331 xv
812 1305 834 1332 s.
858 1300 880 1341 ij
898 1300 928 1332 d.
973 1301 1016 1331 Et
1038 1300 1151 1338 eidem,
1170 1311 1227 1341 per
1249 1300 1445 1341 superfluam

393 1353 614 1384 oneracionem
630 1352 806 1383 molendini
822 1352 861 1383 de
884 1352 1077 1392 Lumquhat,
1092 1362 1132 1383 ex
1156 1362 1193 1383 eo
1216 1351 1301 1393 quod
1321 1352 1444 1384 dictum

392 1402 613 1433 molendinum
635 1401 842 1432 assedebatur
863 1411 920 1442 pro
943 1401 1052 1432 decem
1075 1401 1190 1432 marcis
1214 1401 1254 1432 ad
1269 1401 1444 1449 terminum

391 1451 617 1483 Penthecostes
644 1451 683 1482 de
705 1461 789 1481 anno
812 1450 1119 1491 sexagesimoprimo,
1135 1450 1174 1482 de
1198 1450 1282 1481 dicto
1305 1451 1443 1482 termino

390 1500 626 1538 Penthecostes,
655 1510 700 1530 xx
731 1504 753 1531 s.
799 1500 842 1531 Et
871 1499 983 1537 eidem,
1006 1499 1045 1530 de
1075 1499 1174 1531 firmis
1199 1499 1374 1531 molendini
1401 1501 1441 1533 de

389 1549 626 1587 Uchtermukti,
649 1559 723 1580 cum
754 1549 870 1589 quibus
895 1552 1082 1589 compotans
1107 1550 1252 1590 superius
1282 1553 1441 1588 oneratur,

386 1610 425 1631 ex
442 1610 479 1631 eo
502 1599 587 1640 quod
611 1599 733 1630 dictum
755 1598 976 1629 molendinum
1000 1599 1206 1630 assedabatur
1220 1610 1277 1641 pro
1293 1600 1328 1630 xl
1343 1600 1438 1632 bollis

386 1649 474 1680 ordei
501 1649 539 1680 de
566 1648 690 1679 duobus
715 1648 839 1679 ultimis
866 1648 1013 1679 terminis
1039 1648 1137 1689 hujus
1160 1649 1309 1690 compoti,
1332 1649 1378 1690 iiij
1403 1649 1439 1681 fi.

385 1699 428 1730 Et
443 1698 481 1729 de
498 1698 597 1729 firmis
613 1697 789 1728 molendini
813 1697 852 1728 de
868 1697 1007 1738 Fruchy,
1023 1708 1096 1728 cum
1113 1698 1229 1739 quibus
1245 1703 1431 1739 compotens

384 1748 530 1788 superius
543 1749 693 1778 oneratur
704 1746 864 1787 superflue
877 1757 916 1778 ex
927 1757 963 1778 eo
977 1747 1062 1788 quod
1074 1747 1197 1779 dictum
1210 1748 1431 1779 molendinum

383 1797 589 1828 assedabatur
618 1806 676 1837 pro
703 1806 758 1827 sex
785 1797 901 1827 marcis
932 1796 971 1827 de
1001 1807 1085 1828 anno
1115 1798 1255 1839 compoti
1285 1801 1317 1829 et
1347 1808 1431 1830 anno

382 1846 572 1887 precedente
593 1846 654 1877 hoc
685 1850 877 1886 compotum,
908 1846 984 1886 xxvj
1024 1850 1047 1878 s.
1086 1847 1142 1887 viij
1180 1847 1221 1884 d„
1258 1847 1314 1879 sed
1344 1858 1430 1879 nunc

381 1896 546 1927 assedatur
561 1895 684 1926 dictum
699 1895 920 1926 molendinum
937 1905 994 1936 pro
1011 1899 1082 1927 octo
1098 1896 1220 1928 marcis.
1258 1897 1300 1928 Et
1316 1897 1430 1936 eidem,

379 1955 436 1986 per
463 1945 656 1987 superfluam
683 1945 905 1976 oneracionem
931 1944 1106 1976 molendini
1131 1946 1171 1977 de
1197 1945 1361 1978 Fauoland
1388 1947 1427 1978 de

378 1995 481 2036 primo
497 1995 633 2026 termino
649 1994 746 2035 hujus
766 1994 913 2034 compoti,
929 1994 961 2035 vj
979 1998 1001 2025 s.
1018 1995 1075 2035 viij
1093 1994 1122 2026 d.
1169 1995 1300 2026 Summa
1313 1996 1427 2027 harum

378 2054 598 2085 expensarum,
625 2042 735 2085 v⁰xxvj
763 2043 797 2075 n.
829 2044 850 2084 ij
875 2048 898 2075 s.
924 2044 980 2084 viij
1005 2044 1034 2075 d.
1059 2045 1107 2076 ob.
1164 2045 1206 2076 Et
1229 2046 1276 2077 sic
1303 2048 1427 2077 restant

376 2094 458 2134 ij⁰lxj
490 2093 522 2125 n.
548 2094 602 2134 xv'j
628 2096 651 2125 s.
675 2094 709 2135 iij
735 2093 764 2125 d.
795 2094 843 2125 ob.
900 2094 950 2125 De
981 2094 1106 2134 quibus,
1129 2094 1264 2126 allocate
1296 2105 1425 2137 compo-

374 2143 459 2174 tanti
479 2152 534 2184 per
556 2143 752 2174 solucionem
776 2143 893 2174 factam
917 2143 1069 2184 magistro
1092 2143 1213 2175 Jacobo
1237 2144 1424 2186 Lindessay,

374 2193 498 2224 custodi
513 2193 631 2235 privati
647 2192 757 2234 sigilli,
773 2202 829 2234 per
845 2192 999 2224 Thomam
1023 2192 1160 2230 Andree,
1176 2193 1365 2235 burgensem
1382 2193 1422 2225 de

1539 1773 1551 1847 ,Ἀπ’-ι
1538 1714 1551 1759 .”<-.
1545 1688 1551 1696 ι
1544 1650 1551 1671 ,μ
1546 1593 1551 1635 „›—.
1544 1566 1551 1574 x

1520 2341 1551 2462 ·²v¹(‘⁴2}‘
1527 2306 1551 2334 ¹3
1524 2106 1551 2302 fss'flmtfflaen
1531 2067 1551 2102 Aa
1533 1887 1551 2063 summm-ks·
1542 1873 1551 1883 .
1547 1857 1551 1864 .
