1551 2462
215 809 380 839 Respondebit

217 839 317 868 Flegier,

215 869 328 897 magister

215 898 304 921 fabrice
315 898 344 920 de

218 928 339 951 Invernes.

214 1441 378 1470 Respondebit

213 1471 313 1494 Guthre.

436 286 498 314 542
740 285 905 317 ROTULI
929 285 1164 318 SGACCARII
1393 268 1502 320 1468]

431 376 573 407 assedari
589 387 645 417 pro
662 376 828 409 duodecim
844 379 968 416 marcis,
980 378 1056 410 licet
1071 379 1299 410 contineantur
1314 379 1350 410 in
1365 374 1489 412 rental‘z

431 426 538 457 valere
569 427 811 467 quatuordecim
841 438 971 465 marcas,
998 428 1037 459 de
1062 438 1145 459 anno
1171 429 1322 470 computi,
1350 429 1494 471 dempta

430 476 529 507 tercia
541 476 579 507 de
590 477 709 508 eisdem
725 478 879 515 terminis,
895 478 961 518 xvij
979 482 1001 509 s.
1013 478 1048 508 ix
1063 478 1093 510 d.
1104 478 1151 509 οἵ).
1205 478 1249 510 Et
1261 477 1410 510 similiter
1419 476 1476 520 pei·
1493 495 1496 498 ⁴

431 524 647 556 decidenciam
668 526 831 557 firmarum
852 527 891 558 de
915 527 1074 564 Mundoil,
1096 527 1174 558 licet
1195 527 1421 558 contineantur
1441 527 1486 567 in:

427 574 545 606 rentali
560 575 667 607 valere
683 576 792 607 decem
807 586 938 613 marcas,
951 574 1059 608 tamen
1074 576 1163 617 prius
1180 576 1407 607 assedabantur
1420 569 1495 618 pro'.

428 634 485 655 sex
507 624 605 661 libris,
621 625 660 656 de
683 635 767 656 anno
790 626 932 666 computi
956 625 1086 667 dempta
1101 626 1207 663 tercia,
1223 625 1279 666 viij
1303 630 1326 657 s.
1344 636 1366 657 x
1381 625 1410 657 d.
1427 623 1486 658 obj

427 674 470 705 Et
486 674 598 712 eidem,
613 685 670 715 per
684 675 909 706 liberaeionem
926 675 1042 706 factam
1059 675 1186 706 domino
1199 674 1337 706 Patricio
1346 675 1482 716 Flegierf

428 724 579 765 magistro
596 723 713 755 fabrice
729 724 824 755 castri
836 724 875 756 de
898 725 1062 762 Invernes,
1078 725 1116 756 de
1140 724 1239 755 firmis
1261 727 1416 755 terrarum

430 773 512 814 Pety
528 776 560 804 et
583 773 730 814 Brachiy,
747 774 786 805 de
801 774 952 805 mandato
975 774 1097 805 domini
1119 774 1201 815 regis
1223 774 1398 805 literatorio
1419 784 1482 806 sun

430 822 553 864 signeto
584 822 623 854 de
654 827 802 864 precepto
832 827 865 854 et
894 823 1002 855 literas
1029 823 1108 855 dicti
1134 823 1255 855 domini
1285 823 1416 855 Patricii
1438 823 1472 856 d

430 921 547 962 quibus
576 921 788 962 respondebit.
842 922 885 952 Et
916 922 1027 959 eidem,
1058 932 1114 963 pro
1145 921 1295 962 expensis
1335 922 1451 963 magist
1472 929 1482 962 ᾗ
1538 927 1546 961 3·

430 970 537 1001 David
560 970 694 1008 Guthre,
716 974 795 1002 tunc
825 975 1047 1012 computorum
1077 971 1269 1008 rotulatoris,
1292 974 1324 1002 et
1347 971 1469 1002 alim-u..
1532 1003 1543 1016 <⁴

429 1020 718 1052 commissariorum
747 1020 870 1051 domini
899 1020 990 1061 regis,
1021 1020 1115 1051 factis
1145 1030 1203 1061 per
1239 1023 1482 1061 computantem
1534 1039 1543 1062 .'

430 1070 516 1111 apud
537 1070 633 1111 Elgin
659 1070 695 1100 in
717 1070 866 1101 omnibus
889 1070 1037 1110 expensis
1053 1073 1086 1101 et
1108 1070 1305 1107 necessariis,
1321 1070 1353 1110 vj
1370 1070 1402 1102 li.
1417 1070 1440 1111 ij
1452 1073 1480 1102 S.v
1537 1066 1540 1094 Ϊ

429 1120 476 1161 iiij
495 1119 522 1151 d.
569 1120 612 1151 Et
635 1119 747 1156 eidem,
772 1129 830 1160 per
853 1119 1049 1150 solucionem
1075 1119 1192 1151 factam
1219 1119 1306 1150 dicto
1329 1119 1444 1161 magist
1465 1134 1482 1148 «r
1536 1123 1545 1162 {¹

428 1170 544 1207 David,
560 1172 638 1201 tunc
654 1173 876 1210 computorum
898 1169 1075 1207 rotulatori,
1091 1170 1132 1201 ad
1148 1180 1303 1211 expensas
1326 1169 1441 1201 domici
1456 1169 1472 1206 “,
1530 1167 1545 1194 ’ξ’

431 1220 553 1251 domini
568 1219 668 1250 nostri
683 1219 774 1260 regis,
784 1219 853 1260 ipso
869 1219 989 1250 fatente
1000 1223 1272 1260 receptumsuper
1284 1222 1485 1260 οοωριιῢιιυῖ·,
1531 1211 1545 1235 ·”

426 1269 474 1311 j⁰ij
499 1269 530 1301 1-1.
563 1269 618 1310 viij
636 1269 678 1300 d.
733 1269 775 1299 Et
805 1269 918 1306 eidem,
945 1279 1000 1310 per
1030 1269 1226 1301 solucionem
1253 1269 1372 1301 factam
1394 1269 1480 1311 dier·
1530 1263 1543 1283 ‘⁴

428 1320 579 1360 magistro
595 1318 702 1350 David
718 1328 775 1359 per
788 1318 1008 1349 vendicionem
1021 1323 1179 1350 certorum
1191 1318 1381 1350 victualium
1392 1318 1413 1350 fi
1438 1332 1452 1346 ιι
1468 1332 1481 1345 ;-

428 1370 598 1401 comitatus
626 1368 772 1399 Moravie
799 1368 838 1399 de
864 1379 948 1399 anno
973 1368 1168 1409 sexagesimo
1192 1371 1282 1399 sexto
1305 1368 1408 1400 soluto
1454 1382 1479 1395 υ
1530 1371 1535 1385 ³

428 1419 513 1450 dicto
529 1418 680 1459 magistro
702 1417 819 1455 David,
841 1418 911 1458 ipso
934 1418 1035 1448 eciam
1057 1418 1178 1449 fatente
1201 1420 1364 1458 receptum
1386 1427 1439 1449 su·
1452 1431 1474 1445 ιιι
1528 1451 1532 1454 ,

429 1471 625 1508 computum,
646 1466 741 1507 jcxiiij
766 1466 798 1497 fi.
814 1467 858 1507 vij
877 1471 899 1497 s.
923 1467 968 1507 iiij
987 1466 1025 1503 d„
1048 1477 1105 1508 pro
1128 1467 1245 1508 quibus
1268 1466 1478 1508 τθεροιιᾱθῦἰι·
1524 1476 1537 1512 ἒ,

430 1518 472 1548 Et
483 1517 596 1554 eidem,
612 1527 668 1557 per
683 1517 880 1548 solucionem
897 1517 1014 1548 factam
1031 1517 1155 1547 duobus
1171 1516 1345 1547 forestariis
1363 1516 1479 1557 foresr÷1
1527 1506 1531 1546 f

429 1567 468 1599 de
491 1567 646 1607 Ternway
668 1566 704 1597 in
729 1566 829 1597 feodis
854 1566 921 1597 suis
948 1565 987 1596 de
1008 1576 1090 1596 anno
1115 1565 1266 1606 computi,
1281 1565 1327 1605 liij
1345 1569 1369 1596 s.
1386 1565 1432 1606 iiij
1454 1572 1459 1591 ῡ
1524 1567 1534 1599 ’,

430 1617 473 1647 Et
488 1616 652 1657 capellano
676 1615 772 1646 castri
788 1615 826 1646 de
843 1615 957 1646 Avach
973 1617 1005 1646 et
1020 1614 1196 1645 Eddirdule
1217 1614 1360 1655 quinque
1383 1614 1429 1646 lib
1451 1619 1473 1646 1'5'
1520 1610 1535 1650 ξ’

429 1677 470 1697 ex
485 1665 678 1696 fundacione
694 1664 834 1705 antiqua,
845 1666 883 1694 ut
895 1666 985 1705 patet
1000 1664 1034 1694 in
1050 1663 1163 1695 rotulis
1176 1663 1431 1704 precedentibus
1446 1669 1474 1698 εἰ,

427 1715 566 1747 termino
581 1714 807 1746 Penthecostes
819 1714 962 1745 antehoc
973 1715 1160 1754 computum
1169 1717 1202 1744 et
1215 1713 1330 1744 Sancte
1340 1712 1440 1744 Marti
1448 1706 1475 1739 2¹³5
1522 1714 1531 1749 ξπ

427 1765 512 1796 infra
534 1764 594 1796 hoc
610 1766 805 1804 computum,
822 1762 1008 1794 subreodem
1031 1762 1181 1802 periculo,
1197 1772 1218 1792 v
1233 1762 1264 1792 fi.
1311 1762 1354 1793 Et
1376 1772 1427 1794 ca
1448 1798 1451 1799 ⁷
1463 1786 1471 1792 ,
1520 1762 1530 1785 ³?

425 1815 499 1846 lano
516 1813 689 1845 celebranti
705 1813 737 1844 in
751 1813 883 1844 ecclesia
898 1812 985 1844 beati
1007 1811 1150 1843 Duthaci
1165 1811 1205 1842 de
1221 1812 1319 1852 Tayn,
1343 1802 1475 1843 funde
1522 1802 1529 1854 ἶ,-

426 1874 483 1905 per
497 1864 663 1895 dominum
678 1873 785 1903 regem
801 1862 884 1893 clare
900 1861 1052 1893 memorie
1067 1861 1090 1892 J
1092 1861 1227 1892 acobum
1248 1860 1423 1892 secundum
1443 1858 1467 1903 „j

425 1914 518 1945 terris
545 1914 584 1944 de
613 1912 784 1944 Dunscath
814 1922 887 1943 cum
910 1911 1065 1952 passagio,
1087 1910 1278 1951 percipienti
1309 1908 1471 1956 annuat'
1517 1907 1531 1942 ’ζ’

426 1964 536 1995 decem
552 1973 682 1999 marcas,
697 1962 736 1993 de
752 1962 846 1993 dictis
863 1961 1007 1993 terminis
1024 1961 1083 1992 sub
1099 1960 1210 1992 eodem
1233 1960 1382 2002 periculo,
1396 1959 1428 2000 vj
1462 1957 1466 1985 ³³
1506 1954 1526 1981 ‘²

428 2014 483 2054 xiij
502 2017 524 2044 ἓ.
541 2013 588 2053 iiij
607 2012 635 2043 d.
681 2012 723 2042 Et
746 2011 843 2052 priori
859 2011 897 2042 de
921 2010 1012 2042 Bello
1036 2010 1127 2047 Loco,
1148 2020 1204 2050 pro
1220 2019 1327 2041 annuo
1349 2007 1466 2041 reddi
1521 2018 1523 2054 ᾗ

426 2063 488 2094 sibi
518 2061 625 2093 debito
666 2063 699 2091 et
735 2071 800 2091 una
829 2060 912 2091 libra
956 2059 1074 2100 piperis
1119 2059 1226 2090 debita
1271 2058 1312 2090 ad
1355 2058 1470 2091 ἱεεὺιῑ
1488 2069 1506 2102 s

428 2111 538 2143 Sancti
567 2109 710 2146 Martini,
740 2110 800 2140 sub
830 2109 915 2140 dicto
943 2108 1084 2149 periculo
1115 2108 1154 2140 de
1185 2108 1295 2140 eodem
1332 2111 1364 2140 te
1388 2107 1479 2143 ¹⁸⁵¹¹,

428 2161 497 2201 xliij
522 2165 544 2191 s.
575 2160 623 2200 iiij
648 2159 677 2190 d.
723 2159 766 2190 Et
797 2159 956 2190 Celestino
987 2158 1026 2189 de
1053 2157 1183 2195 Insulis,
1206 2168 1246 2189 ex
1276 2156 1432 2190 concessio
1448 2161 1451 2163 ’
1504 2169 1511 2173 ·

430 2210 554 2241 domini
580 2210 662 2251 regis
689 2210 771 2241 bone
794 2208 945 2240 memorie
968 2207 1007 2239 de
1038 2207 1131 2239 terris
1154 2207 1193 2239 de
1215 2206 1390 2239 Eddirdule
1426 2206 1462 2233 ··”
