1551 2462
136 219 227 247 1464.
446 213 607 246 REGUM
631 204 877 245 sooToRUM.
1123 214 1182 243 237

133 309 314 341 cancellarii
344 307 476 340 ecclesie
507 307 547 339 de
577 307 692 348 Elgyn,
722 306 763 338 ad
792 306 972 343 luminaria,
998 315 1124 346 panem,
1152 309 1185 337 et

132 359 246 390 vinum
274 359 358 390 dicte
382 358 523 396 ecclesie,
538 357 577 389 de
598 357 692 389 dictis
716 357 819 388 tribus
845 356 1000 392 terminis,
1016 356 1051 386 xl
1074 360 1096 387 s.
1142 356 1185 386 Et

133 409 281 450 episcopo
307 407 504 440 Moraviensi
530 417 587 448 pro
603 407 668 438 situ
693 406 870 439 molendini
893 406 931 437 de
956 405 1184 446 Schirrefmyll,

132 469 190 500 pro
206 459 305 490 tercia
320 461 409 499 parte
425 457 464 489 de
487 457 624 498 Duffoys
647 457 806 489 existente
824 456 860 487 in
883 455 1032 487 manibus
1047 455 1129 496 regis
1146 455 1185 486 de

133 508 227 540 dictis
257 507 411 545 terminis,
442 506 500 538 xlv
530 511 553 538 ἔ.
599 507 642 537 Et
672 506 777 538 eidem
812 506 960 547 episcopo
990 515 1047 546 pro
1078 515 1185 536 annuo

132 557 260 589 redditu
283 557 344 589 sibi
367 556 475 588 debito
497 566 555 597 pro
577 556 677 588 tercia
697 558 788 597 parte
811 555 850 587 de
875 555 1010 596 Duffoys
1025 554 1185 586 existente

132 607 167 638 in
193 607 342 638 manibus
369 606 451 647 regis
478 605 517 637 de
544 605 638 637 dictis
664 605 818 642 terminis,
834 606 866 646 vj
893 609 916 636 s.
933 605 977 646 vij
1002 604 1031 635 d.
1049 604 1096 635 οἵ).
1142 604 1185 634 Et

132 657 305 688 forestariis
318 657 357 688 de
373 657 535 696 Dernway
551 655 590 686 de
609 655 709 686 firmis
725 659 882 686 terrarum
898 654 937 686 de
956 653 1109 695 Litiltary
1127 663 1185 694 pro

132 705 234 737 feodis
256 706 322 737 suis
345 705 384 737 de
407 705 501 736 dictis
524 705 627 736 tribus
650 704 805 742 terminis,
820 704 854 745 iij
880 703 913 736 fi.
957 704 1000 734 Et
1022 714 1079 744 per
1102 703 1186 734 solu-

131 755 255 787 cionem
277 755 398 786 factam
420 754 598 786 husbandis
620 754 660 785 de
683 754 789 795 Elgyn
812 764 868 794 pro
892 757 963 785 octo
987 753 1097 784 martis
1122 763 1184 793 que

133 804 286 836 dicuntur
315 804 488 845 rynmartis
528 804 595 845 regi
625 803 742 835 debitis
766 803 806 834 de
832 802 918 834 dicto
949 802 1186 839 vicecomitatu,

132 854 277 896 precium
290 854 379 896 pecie
395 854 538 895 quinque
561 853 664 896 solidi,
680 853 838 884 allocandi
860 853 1038 884 husbandis
1060 853 1095 883 in
1118 852 1185 883 suis

133 904 241 941 firmis,
251 904 290 935 de
300 904 402 944 primo
412 903 548 934 termino
562 903 671 934 Sancti
680 903 817 933 Martini
825 902 910 933 infra
919 903 979 934 boc
990 905 1185 943 computum,

133 953 169 984 xl
191 957 214 984 ἔ.
260 953 303 983 Et
329 952 441 990 eidem,
465 962 522 993 pro
543 955 614 983 octo
641 952 827 983 mutonibus
855 952 911 992 qui
937 952 1090 983 dicuntur
1112 962 1187 992 ryn—

134 1005 266 1033 mutone
282 1002 350 1043 regi
367 1002 482 1033 debitis
506 1001 545 1032 de
568 1001 653 1032 dieto
676 1001 911 1038 vicecomitatu,
934 1002 1076 1042 precium
1098 1002 1187 1042 pecie

135 1051 304 1083 duodecim
335 1051 459 1082 denarii
489 1051 583 1081 dictis
619 1050 796 1082 husbandis
834 1050 1001 1088 allocandi,
1031 1050 1070 1081 de
1101 1051 1187 1082 dicto

135 1101 238 1143 primo
254 1101 400 1138 termino,
409 1100 465 1141 viij
483 1105 506 1132 s.
544 1100 587 1132 Et
602 1100 713 1137 eidem,
725 1110 782 1141 pro
794 1103 864 1131 octo
881 1101 992 1132 martis
1008 1101 1102 1131 dictis
1112 1111 1187 1141 ryn-

135 1153 247 1184 martis
264 1152 330 1193 regi
349 1152 465 1183 debitis
482 1152 521 1183 de
536 1151 651 1183 ultimo
667 1152 803 1183 termino
821 1152 927 1183 Sancti
951 1152 1087 1183 Martini
1103 1152 1188 1183 infra

135 1202 195 1234 hoc
211 1205 404 1243 compotum,
419 1201 454 1232 xl
470 1205 492 1232 s.
538 1201 580 1232 Et
595 1211 652 1242 pro
668 1204 738 1232 octo
759 1201 945 1232 mutonibus
969 1201 1007 1233 de
1024 1202 1109 1233 dicto
1125 1205 1187 1233 ter-

135 1253 232 1289 mino,
256 1252 313 1292 viij
344 1256 367 1283 s.
412 1251 455 1282 Et
479 1251 592 1289 eidem,
619 1261 676 1292 pro
707 1251 777 1292 xiiij
811 1251 984 1292 rynmartis
1015 1252 1186 1283 comitatus

137 1301 285 1333 Moravie
313 1301 399 1332 infra
428 1299 686 1331 vicecomitatum
713 1300 752 1331 de
790 1300 895 1338 Fores,
924 1301 1067 1341 precium
1097 1301 1186 1341 pecie

138 1351 283 1392 quinque
309 1350 404 1382 solidi
430 1349 588 1380 allocandi
615 1349 799 1386 husbandis,
824 1350 863 1381 de
891 1350 1015 1381 duobus
1041 1351 1187 1381 terminis

137 1401 247 1432 Sancti
271 1399 407 1431 Martini
429 1399 513 1429 infra
536 1398 596 1430 hoc
619 1402 815 1440 computum,
839 1399 873 1440 iij
897 1399 929 1431 fi.
947 1411 968 1431 x
995 1405 1017 1431 s.
1064 1401 1107 1431 Et
1131 1410 1187 1441 pro

137 1450 205 1491 xiiij
231 1452 364 1480 mutone
387 1449 481 1480 dictis
511 1451 704 1490 rynmutone
727 1448 766 1479 de
789 1448 883 1480 dictis
905 1450 1131 1481 vicecomitatu
1157 1454 1189 1482 et

136 1499 291 1537 terminis,
316 1498 464 1530 similiter
486 1498 653 1535 allocandi,
675 1498 745 1539 xiiij
774 1503 796 1530 s.
842 1499 885 1530 Et
908 1500 1115 1540 computanti,
1132 1510 1188 1541 pro

135 1548 282 1580 custodia
293 1548 389 1579 castri
398 1547 437 1578 de
449 1547 611 1588 Dernway
621 1547 659 1578 de
671 1547 770 1579 firmis
781 1550 937 1579 terrarum
948 1549 1188 1580 dominicalium

135 1598 289 1639 ejusdem,
305 1607 445 1628 unacum
473 1596 692 1634 ColnakewilL
709 1597 903 1638 Logyhalch,
926 1598 1084 1639 Litiltary,
1101 1602 1133 1630 et
1156 1598 1187 1630 le

136 1646 381 1684 Comtabssfeld,
403 1646 442 1678 de
466 1646 568 1677 tribus
595 1646 741 1677 terminis
765 1647 862 1688 hujus
878 1648 1028 1688 computi,
1045 1648 1137 1689 xxiiij
1155 1648 1186 1679 fi.

135 1697 178 1729 Et
192 1707 280 1729 maro
297 1697 336 1728 de
351 1696 467 1737 Elgyn,
478 1706 535 1737 pro
552 1696 643 1727 feodo
659 1706 717 1727 suo
729 1696 768 1728 de
780 1697 926 1728 terminis
939 1698 1090 1738 computi,
1104 1698 1138 1739 iij
1156 1698 1188 1728 n'.

136 1748 179 1779 Et
194 1757 281 1778 maro
297 1746 335 1778 de
351 1746 455 1783 Fores,
470 1756 526 1787 pro
543 1746 635 1777 feodo
657 1756 715 1777 suo
738 1746 777 1778 de
798 1747 917 1778 eisdem
943 1748 1098 1785 terminis,
1115 1748 1148 1779 xi
1164 1752 1187 1779 ἓ.

134 1797 177 1828 Et
191 1807 248 1838 pro
264 1796 361 1828 tercia
377 1796 486 1827 debita
514 1805 629 1836 sponse
654 1796 815 1837 quondam
844 1797 866 1828 J
868 1796 1003 1828 ohannis
1029 1797 1068 1828 de
1084 1798 1188 1828 Dum-

136 1846 215 1878 brek
229 1846 268 1878 de
284 1846 379 1877 dictis
403 1846 506 1877 tribus
529 1846 683 1883 terminis,
699 1846 744 1887 iiij
762 1846 794 1878 fi.
811 1846 857 1887 iiij
875 1851 898 1877 S.
916 1846 962 1887 iiij
981 1846 1010 1878 d.
1057 1846 1189 1878 Summa

137 1906 356 1937 expensarum,
387 1895 492 1937 ij⁰xlvj
523 1895 555 1927 fi.
583 1906 627 1926 xv
658 1899 681 1927 S.
709 1895 743 1936 iij
768 1896 797 1927 d.
826 1896 874 1927 ob.
919 1896 962 1926 Et
992 1896 1038 1927 sic
1067 1900 1189 1928 restant

136 1944 264 1986 ijqxxiij
293 1945 325 1976 fi.
353 1945 430 1985 xviij
448 1948 470 1976 s.
500 1954 521 1976 x
548 1945 578 1976 d.
623 1945 674 1976 De
697 1946 822 1986 quibus,
839 1945 972 1977 allocate
989 1947 1189 1987 computanti

136 2005 193 2050 pro
221 1995 367 2026 ducentis
397 1995 517 2026 tabulis
541 1996 684 2036 purgatis
709 1996 743 2026 in
770 1995 887 2026 foresta
914 1995 952 2026 de
979 1995 1141 2037 Dernway
1157 1999 1190 2027 et

136 2044 242 2075 missis
268 2054 379 2075 versus
402 2044 496 2075 Leith
521 2044 560 2076 de
587 2044 738 2076 mandato
765 2044 964 2081 thesaurarii,
988 2047 1019 2076 et
1045 2045 1189 2077 liberatis

137 2093 288 2134 magistro
301 2093 465 2124 Willelmo
477 2093 586 2134 Gray
577 2103 612 2124 111
625 2094 728 2131 Leith,
740 2093 825 2125 dicto
838 2094 1034 2126 thesaurario
1050 2098 1189 2127 testante
1203 2091 1301 2144 {hessam
1251 2098 1298 2120 pon
1283 2089 1329 2143 ”df
1330 2089 1354 2144 ,91
1355 2092 1367 2143 ξ

75 2187 79 2190 ¹
137 2146 300 2183 receptum
317 2152 412 2183 super
428 2146 622 2183 computum,
639 2153 696 2183 pro
709 2143 826 2184 quibus
839 2143 959 2175 tabulis
976 2145 1188 2186 respondebit,
1203 2158 1245 2180 pro
1256 2151 1285 2180 ije
1273 2128 1395 2174 urtarbulia
