1551 2462
40 219 44 221 ’
62 228 66 230 ’
111 248 202 278 1460.
422 246 582 278 REGUM
606 247 853 280 SCOTORUM.
1120 252 1158 282 17

109 338 169 370 sibi
181 338 288 369 debita
301 339 469 370 comitatus
482 340 627 371 Moravie
640 340 723 371 infra
733 341 993 372 vicecomitatum
1005 342 1043 373 de
1054 342 1160 383 Elgyu

28 388 50 422 ῖς
108 398 181 419 cum
194 388 435 429 Gkuquharny,
448 389 486 420 de
503 389 588 420 dicto
604 390 740 421 termino
757 394 788 421 et
804 391 864 421 sub
881 391 990 422 eodem
1007 392 1159 432 periculo,

31 451 47 469 ·.
60 433 70 442 “
108 438 185 478 xxxj
202 437 234 469 fi.
250 438 306 479 viij
324 443 346 470 s.
363 449 383 469 v
400 439 429 470 d.
475 439 517 469 Et
533 439 636 470 eidem
652 450 766 480 sponse
782 450 839 480 pro
855 441 954 471 tercia
968 441 1030 472 sibi
1051 441 1159 472 debita

39 482 48 519 ”.
108 486 186 518 dicti
197 488 366 525 comitatus
382 488 467 519 infra
482 489 742 520 vicecomitatum
758 489 796 520 de
810 489 904 520 Fores
918 490 957 520 de
970 490 1080 521 eodem
1094 494 1157 522 ter-

28 530 33 534 *
59 532 70 577 s
107 536 201 574 mino,
217 537 272 567 xix
287 537 319 568 fi.
335 548 379 568 xv
395 542 416 569 Ξ.
463 538 505 569 Et
521 538 632 575 eidem,
649 549 705 579 pro
722 539 818 569 tercia
830 539 891 569 sibi
904 539 1012 570 debita
1028 540 1158 572 baronis

107 585 145 617 de
156 586 276 618 Leffare
292 587 330 618 de
346 587 432 618 dicto
446 587 592 624 termino,
603 588 658 628 viij
676 587 707 618 ri.
724 588 769 628 xij
787 592 809 619 “s
827 588 881 628 viij
900 588 928 619 ἃ.
975 589 1017 620 Et
1033 589 1158 620 duabus

107 636 275 667 comitissis
299 636 496 673 Craufurdie,
519 647 576 677 pro
599 637 706 668 terciis
729 637 790 668 sibi
813 637 929 669 debitis
961 638 1095 669 dominii
1119 638 1158 670 de

24 682 26 685 ’
43 707 48 712 -
108 685 315 717 Strathnarne
329 687 364 717 in
387 686 493 717 warda
509 687 685 723 existentis,
701 687 740 718 de
764 687 872 718 eodem
889 688 1036 725 termino,
1053 689 1106 729 xvj
1124 688 1157 719 ii.

107 735 173 775 xvij
205 739 229 766 s.
260 735 307 766 ob.
353 736 395 766 Et
421 735 533 773 eidem,
556 746 612 777 per
636 736 832 767 solucionem
863 736 982 767 factam
1013 737 1157 778 quinque

28 775 57 825 :⁴3
106 783 277 824 capellanis
301 784 534 816 celebrantibus
557 785 590 816 in
615 785 747 816 ecclesia
768 785 943 816 cathedrali
959 785 1157 817 Moravicnsi

105 832 140 863 in
155 833 275 874 capella
298 834 406 865 Sancti
430 834 549 866 Thome
572 835 732 876 martyris,
755 845 794 866 ex
818 835 1010 866 fundacione
1034 835 1157 866 domini

42 894 50 898 ·
106 882 225 914 Thome
241 883 404 924 Ranulphi
420 884 544 915 comitis
561 884 705 915 Moravie
721 887 753 915 et
774 885 1017 916 confirmacione
1033 885 1157 916 domini

105 931 236 963 Roberti
266 933 356 973 regis,
381 933 419 964 de
442 933 527 964 dicto
557 934 703 971 termino,
731 934 773 975 vij
799 934 830 964 ri.
855 935 921 975 xvij
947 939 970 965 ἔ.
994 945 1016 964 x
1038 934 1068 965 d.
1114 935 1156 966 Et

105 981 267 1022 capellano
291 983 465 1014 celebranti
487 983 522 1013 in
545 983 655 1014 eadem
684 983 818 1015 ccclesia
848 994 904 1024 pro
937 984 1044 1014 anima
1074 984 1154 1025 regis

105 1030 264 1069 Duneani,
279 1042 319 1063 ex
342 1032 425 1063 dono
448 1032 609 1072 quondam
632 1033 713 1073 regis
734 1033 912 1064 Alexandri
928 1033 1069 1070 secundi,
1084 1044 1155 1074 per-

103 1079 236 1120 cipienti
259 1081 425 1112 annuatim
448 1082 658 1122 quadraginta
681 1082 798 1113 solidos
823 1083 860 1113 de
883 1083 983 1113 firmis
999 1084 1092 1124 burgi
1116 1084 1155 1114 de

103 1129 219 1171 Elgyn,
242 1131 371 1172 dempta
393 1131 492 1162 tercia
514 1134 551 1162 ut
574 1141 678 1172 supra,
699 1132 737 1162 de
761 1132 873 1163 eodem
895 1132 1039 1168 termino,
1056 1132 1111 1172 xiij
1131 1137 1153 1163 s

107 1179 153 1220 iiij
182 1180 210 1211 d.
256 1181 299 1212 Et
325 1181 417 1212 alteri
443 1181 606 1222 capellano
637 1181 810 1212 celebranti
840 1182 874 1212 in
905 1181 990 1212 dicta
1022 1182 1155 1213 ecclesia

104 1229 281 1261 cathedrali
297 1231 431 1262 fundato
447 1241 542 1271 super
557 1231 696 1262 dominio
713 1231 750 1262 de
763 1231 914 1262 Lambrid
930 1242 986 1272 per
1002 1232 1154 1263 baronem

103 1279 255 1319 ejusdem,
278 1280 316 1311 de
339 1281 451 1312 eodem
477 1281 622 1317 termino,
644 1281 679 1311 xl
702 1284 724 1311 s
770 1281 812 1312 Et
844 1281 1008 1321 capellano
1031 1281 1154 1312 domini

19 1317 23 1320 ⁴
47 1330 50 1333 ”
102 1330 184 1370 regis
207 1330 380 1361 celebranti
402 1331 436 1361 iu
459 1331 581 1371 capella
604 1331 700 1362 castri
731 1331 769 1362 de
800 1330 906 1372 Elgyn
936 1331 1070 1362 fundato
1097 1342 1154 1372 per

103 1379 263 1420 quondam
279 1380 301 1411 J
304 1380 438 1411 acobum
461 1380 499 1411 de
525 1380 658 1411 Dunbar
674 1380 822 1411 comitem
846 1381 1001 1418 Moravie,
1017 1381 1152 1421 percipi-

41 1425 43 1431 '
101 1429 171 1459 enti
192 1429 359 1460 annuatim
382 1429 490 1460 decem
515 1440 646 1467 marcas,
677 1430 828 1461 videlicet
858 1434 929 1461 octo
960 1441 1082 1462 marcas
1113 1431 1152 1462 de

102 1478 193 1510 terris
217 1478 255 1509 de
279 1479 508 1520 Pettyndreich
531 1484 563 1510 et
578 1480 657 1511 duas
674 1490 795 1511 marcas
813 1480 852 1511 de
867 1480 898 1511 le
915 1480 1097 1521 Greifschip
1113 1481 1152 1512 de

103 1527 217 1570 Elgyn,
232 1528 265 1559 in
281 1529 410 1569 plen-am
433 1529 630 1561 solucionem
655 1530 732 1561 dicti
756 1530 842 1561 feodi
857 1530 896 1561 de
912 1531 1048 1561 termino
1066 1541 1151 1562 com-

102 1626 187 1658 beati
202 1627 357 1659 Leonardi
372 1638 470 1669 prope
493 1629 597 1666 Fores,
612 1629 803 1670 percipienti
824 1629 991 1660 annuatim
1007 1630 1150 1670 quinque

101 1675 197 1708 iibras
213 1677 253 1708 de
267 1678 366 1709 firmis
382 1678 460 1709 dicti
483 1678 663 1716 comitatus,
679 1679 809 1719 dempta
824 1679 922 1709 tercia
939 1682 975 1709 ut
991 1689 1094 1719 supra„
1111 1679 1150 1710 de

99 1727 236 1758 ‘termino
257 1727 406 1768 compoti,
429 1728 531 1768 xxxiij
555 1732 579 1759 s.
603 1728 649 1768 iiij
681 1728 710 1759 d.
757 1728 799 1759 Et
829 1728 996 1769 capellano
1027 1728 1150 1759 domini

30 1804 41 1822 .-
101 1776 182 1817 regis
198 1776 370 1808 celebranti
385 1777 420 1808 in
436 1777 557 1818 capella
573 1778 611 1808 de
628 1778 733 1819 Elgyn
748 1788 806 1818 pro
819 1788 910 1818 pane,
920 1778 1005 1814 vino,
1021 1781 1054 1809 et
1070 1788 1148 1815 cera,

99 1825 141 1857 ‘de
156 1826 235 1857 acris
251 1827 290 1857 de
306 1827 420 1868 Elgyn,
437 1827 475 1858 de
493 1827 628 1858 termino
645 1828 792 1868 compoti,
809 1828 864 1868 xxj
882 1827 910 1858 d.
957 1828 1000 1858 Et
1020 1827 1149 1858 allocati

39 1913 42 1917 ῃ
97 1876 295 1916 compotanti
317 1876 356 1907 de
380 1877 479 1908 firmis
509 1877 643 1908 dominii
666 1877 705 1908 de
736 1877 887 1908 Lambrid
909 1877 1084 1917 supradicti
1109 1878 1147 1908 ad

98 1925 350 1957 anniversarium
381 1927 543 1967 quondam
574 1927 696 1958 domini
726 1927 885 1958 Johannis
909 1927 947 1958 de
980 1927 1148 1968 Invernys,

96 1974 259 2014 qnondam
289 1976 470 2007 cancellarii
500 1976 631 2008 ecclesie
669 1977 707 2008 de
745 1976 859 2018 Elgyn‚
890 1976 931 2006 ad
968 1975 1147 2013 luminaria,

100 2033 223 2064 panem,
249 2028 281 2056 et
308 2025 421 2056 vinum
444 2026 621 2066 capellanie
650 2026 791 2067 predicte
822 2026 860 2057 de
889 2025 974 2056 dicto
1001 2026 1147 2062 termino,

100 2073 156 2114 xiij
173 2077 196 2104 ἔ.
212 2074 259 2114 iiij
278 2073 306 2105 d.
353 2074 395 2105 Et
418 2076 565 2116 episcopo
588 2076 792 2112 Moraviensi,
808 2086 864 2116 pro
888 2076 953 2106 situ
969 2075 1147 2106 molendini

99 2122 138 2153 de
154 2122 383 2164 Schirrefmyln
399 2124 483 2155 infra
499 2124 663 2156 baroniam
680 2125 718 2156 de
742 2125 855 2166 Spyny
870 2135 928 2165 pro
944 2125 1041 2155 tercia
1057 2127 1147 2164 parte

99 2171 138 2203 de
157 2172 272 2204 Duffos
297 2174 454 2205 existente
477 2174 511 2205 in
534 2175 682 2207 manibus
706 2175 827 2206 domini
843 2174 934 2215 regis,
950 2173 988 2204 de
1011 2174 1147 2205 termino

141 2230 210 2254 VOL.
226 2230 280 2254 VII.
561 2241 567 2243 —
997 2231 1016 2253 B
