1551 2462
104 255 117 282 l
124 254 194 283 461.
413 248 574 282 REGUM
598 249 732 281 SCOTO
739 249 844 281 EUM.
1110 252 1148 280 95

144 344 292 385 Expense
308 343 489 375 salmonum
502 343 694 374 intratorum
706 343 740 373 in
752 343 841 374 libris
855 342 1009 374 domicilii
1022 342 1149 373 domine

101 394 207 435 regine
219 403 276 434 per
289 396 414 434 tempus
426 393 574 434 compoti,
585 393 674 433 lxxvj
688 392 855 429 salmones,
869 396 900 423 et
916 392 1150 433 expenduntur,

101 446 138 475 ut
153 446 242 484 patet
256 443 289 474 in
303 443 394 474 libris
411 442 568 474 dietarum
585 442 820 483 particulariter
843 442 1032 473 examinatis
1056 451 1151 482 super

105 497 296 536 compotum.
343 495 474 526 Summa
490 504 702 536 expensarum
718 494 897 525 salmonum
910 496 1006 535 patet.
1052 493 1094 524 Et
1107 494 1151 524 sic

102 548 224 576 restant
239 544 329 585 lxxvj
347 543 512 575 salmones.

145 594 236 625 Idem
255 597 365 625 onerat
380 604 414 625 se
430 593 468 625 de
484 604 528 624 xx
543 593 586 631 ΗΖ,
603 593 641 625 de
656 603 819 635 gressuma
843 596 997 624 terrarum
1014 592 1150 623 domini-

104 643 222 675 calium
238 643 276 675 de
293 643 467 675 Kinclevin
484 654 556 674 cum
574 643 756 674 molendino
773 643 944 674 earundem
958 653 1014 684 per
1025 646 1151 683 tempus

104 692 251 734 compoti.
296 693 339 723 Et
355 693 393 723 de
410 693 465 734 viij
482 693 514 724 Π.
531 693 588 733 xiij
606 697 629 724 s.
646 693 692 733 iiij
711 692 749 730 d„
766 692 804 723 de
820 702 983 733 gressuma
995 695 1152 723 terrarum

103 742 142 774 de
159 741 316 773 Ballathis
333 752 388 783 per
403 742 488 773 idem
511 745 648 785 tempus.
694 742 736 772 Et
752 741 790 772 de
807 741 863 782 viij
881 741 912 771 li.
937 741 993 781 xiij
1011 745 1034 772 s,
1058 741 1103 781 iiij
1121 741 1150 771 d.

104 791 143 822 de
172 801 334 832 gressuma
365 792 403 823 de
435 792 604 832 Inneretty
630 802 687 832 per
714 791 835 822 dietum
859 794 994 831 tempus.
1040 791 1082 821 Et
1113 790 1152 821 de

103 841 159 882 viij
177 840 208 873 li.
225 841 280 882 xiij
299 845 322 873 s.
339 841 385 882 iiij
403 841 442 879 d„
458 841 497 872 de
520 851 682 882 gressuma
708 841 747 872 de
770 840 972 872 Tulibeltane
988 851 1044 881 per
1066 840 1152 871 idem

103 894 236 932 tempus.
284 891 414 922 Summa
441 891 537 932 hujus
562 890 675 928 oneris,
705 890 772 931 xlvj
804 890 836 921 Ii.
882 890 924 921 Et
954 890 999 921 sic
1029 893 1152 921 restant

103 950 177 972 cum
221 940 302 982 pede
346 941 503 982 presentis
542 940 681 981 compoti
719 940 770 972 sui
807 939 1023 981 suprascripti,
1053 939 1098 981 lvj
1118 939 1150 971 n‘.

104 990 171 1031 xxij
189 990 218 1021 d.

148 1088 339 1129 Compotum
366 1088 507 1120 Oswaldi
530 1088 646 1124 Weire,
670 1088 832 1120 redditum
856 1088 940 1129 apud
964 1088 1150 1130 Edinburgh
1167 1096 1284 1128 vvarda
1301 1097 1340 1128 de

105 1138 370 1178 vicesimoquarto
384 1137 434 1169 die
449 1137 569 1169 mensis
583 1138 722 1179 Augusti
734 1148 818 1169 anno
834 1138 965 1169 Domini
981 1138 1152 1168 millesimo
1167 1140 1323 1172 Blacwod.

105 1187 417 1228 quadringentesimo
448 1187 644 1228 sexagesimo
671 1188 819 1224 secundo,
849 1187 888 1218 de
919 1188 1067 1218 omnibus
1104 1198 1152 1219 re-

104 1237 205 1278 ceptis
228 1237 293 1268 suis
325 1240 356 1268 et
379 1237 527 1277 expensis
551 1247 608 1278 per
630 1237 736 1268 firmas
764 1241 796 1268 et
819 1237 962 1268 redditus
987 1237 1090 1268 warde
1114 1237 1152 1268 de

105 1286 253 1317 Blacwod
284 1296 302 1317 a
332 1286 596 1327 vicesimoquarto
623 1287 674 1318 die
701 1287 820 1318 mensis
847 1287 963 1318 Marcii
986 1288 1062 1318 anni
1085 1290 1152 1324 etc„

103 1335 292 1376 sexagesimi
318 1346 420 1376 usque
444 1336 478 1366 in
503 1336 588 1367 diem
617 1337 774 1377 presentis
805 1337 952 1377 compoti,
980 1341 1012 1368 et
1038 1337 1083 1368 sic
1113 1337 1152 1368 de

103 1385 207 1416 tribus
224 1384 368 1416 terminis
385 1385 468 1416 infra
483 1385 544 1416 hoc
560 1389 752 1426 compotum.

147 1433 239 1465 Idem
254 1437 365 1465 onerat
380 1444 413 1465 se
429 1434 463 1465 in
484 1434 604 1475 primis,
624 1434 664 1465 de
686 1434 794 1475 xxviij.
805 1434 836 1466 n.
854 1445 875 1465 x
892 1438 926 1472 s„
942 1445 998 1476 per
1013 1435 1152 1476 integras

103 1483 209 1515 firmas
222 1488 304 1515 terre
315 1484 353 1515 de
365 1484 534 1515 Blacwode
547 1488 579 1515 et
594 1484 729 1515 aliarum
746 1488 902 1516 terrarum
918 1485 1152 1526 pertinencium

103 1534 265 1574 quondam
288 1533 429 1565 Henrico
447 1533 562 1571 Weire,
588 1536 620 1565 et
642 1534 688 1565 sio
713 1534 752 1565 de
774 1535 877 1565 tribus
901 1535 1047 1566 terminis
1069 1534 1153 1565 infra

103 1582 162 1614 hoc
177 1585 368 1624 compotum¹
415 1583 548 1614 Summa
563 1583 659 1624 hujus
676 1584 778 1615 oneris
794 1587 891 1625 patet.

146 1633 294 1674 Expense
324 1633 474 1674 ejusdem.
521 1634 560 1664 In
584 1634 704 1674 primis,
721 1633 855 1665 allocate
877 1634 1074 1675 compotanti
1097 1645 1153 1675 per

103 1682 319 1723 reeepcionem
349 1683 458 1713 uxoris
489 1683 652 1723 quondam
683 1683 819 1715 Walteri
850 1684 986 1715 Stewart
1017 1684 1056 1715 de
1095 1695 1152 1715 sua

105 1733 198 1763 tercia
215 1735 314 1773 parte,
331 1733 499 1764 asserentis
515 1743 548 1764 se
564 1733 679 1764 habere
695 1733 749 1774 jus
773 1733 814 1764 ad
837 1733 970 1765 eandem
994 1734 1033 1764 de
1057 1734 1151 1764 dictis

104 1781 205 1813 tribus
236 1782 390 1820 terminis,
421 1781 502 1813 ixli.
535 1793 556 1813 x
580 1787 602 1814 s.
648 1783 691 1813 Et
721 1793 780 1826 per
807 1783 1003 1814 solucionem
1036 1783 1152 1814 factam

103 1831 375 1863 intromissoribus
399 1831 520 1862 domini
544 1832 634 1873 regis,
651 1832 689 1863 de
713 1832 863 1863 mandato
885 1832 1013 1863 domine
1037 1832 1153 1873 regine,

103 1884 141 1912 ut
155 1883 243 1922 patet
258 1881 293 1911 in
309 1884 455 1921 compoto
472 1881 573 1921 prime
589 1881 760 1912 solucionis
775 1881 878 1912 warde
889 1881 927 1912 de
944 1881 1104 1922 Dalwosy,
1121 1882 1154 1912 iu

102 1933 225 1970 partem
241 1929 413 1962 solueionis
437 1930 520 1962 dicte
544 1930 656 1968 warde,
681 1931 724 1971 xij
757 1930 789 1962 fi.
814 1931 869 1971 xiij
902 1935 925 1961 s.
957 1930 1003 1971 iiij
1038 1930 1066 1961 d.
1112 1931 1155 1961 Et

104 1979 215 2016 eidem,
227 1990 283 2020 per
295 1979 490 2011 solucionem
503 1980 621 2011 factam
633 1980 760 2011 domino
773 1980 914 2011 Henrico
927 1980 965 2011 de
979 1980 1154 2021 Kingorne,

103 2029 286 2066 senescallo,
317 2039 374 2070 pro
402 2029 476 2061 vino
508 2030 647 2061 Renensi
673 2030 792 2060 intrato
818 2029 852 2060 in
883 2029 972 2060 libris
1000 2029 1154 2061 domicilii

80 2077 232 2113 ,domine
261 2078 376 2119 regine,
406 2079 475 2120 ipso
503 2079 623 2111 fatente
653 2083 816 2121 receptum
847 2089 942 2120 super
971 2083 1153 2120 compotum
1314 2112 1318 2117 ,

104 2130 136 2159 et
167 2138 223 2168 pro
256 2128 374 2168 quibus
405 2128 616 2169 respondebit,
640 2139 661 2160 v
680 2129 711 2160 Ii.
737 2129 804 2169 xiiij
829 2132 853 2160 s.
876 2128 908 2158 ix
936 2128 966 2159 d.
1023 2129 1153 2160 Summa
1168 2111 1332 2170 ἓῗιῗὲἓξιῗὲω

105 2186 325 2218 expensarum,
341 2178 429 2219 xxvij
448 2177 480 2210 li.
497 2178 574 2219 xviij
587 2178 636 2219 §.j
654 2178 682 2209 d.
729 2178 770 2209 Et
786 2178 831 2208 sic
848 2181 968 2208 restant
984 2177 1015 2218 xj
1034 2182 1056 2209 s.
1074 2178 1106 2219 xj
1124 2178 1152 2210 d.
