1551 2462
71 775 73 777 ·
97 755 248 788 Omnium
273 755 462 786 Sanctorum
487 757 519 785 et
546 749 689 791 Beltarie‚
713 757 877 785 tentarum
902 754 988 785 infra
1018 757 1145 795 tempus

96 271 186 301 1468.
406 266 568 298 REGUM
591 265 837 297 SOOTORUM.
1081 269 1142 298 525

93 364 169 393 nato
185 371 279 402 super
291 362 475 401 computum
489 369 546 400 per
560 362 688 400 tempus
701 358 853 399 computi.
899 358 1031 390 Summa
1047 358 1143 399 hujus

95 411 198 442 oneris
212 412 309 452 patet.

138 460 269 491 Summa
290 458 400 490 totalis
423 457 619 489 oneracionis
639 459 746 498 preter
772 457 935 498 arreragia‚
958 455 985 497 j⁰
1008 457 1088 498 lxvij
1111 458 1142 488 H.

68 500 71 504 r
95 509 149 550 xvj
173 512 197 540 Ξ.
219 508 276 549 viij
300 508 329 539 d.
354 507 421 548 xvij
443 507 561 548 bowky
587 507 655 548 xiiij
683 507 846 548 fogmartis
870 507 939 547 xiiij
965 506 1144 538 fulemartis

94 557 130 600 ij⁰
144 557 158 589 1
174 557 255 599 agni.
306 557 438 588 Summa
461 556 570 587 totalis
597 556 794 587 oneracionis
818 566 890 586 cum
910 556 1084 596 arreragiis,
1099 555 1145 596 vj⁰

94 607 172 648 xxxj
195 607 227 637 n
245 617 289 637 xx
311 606 340 638 d.
363 606 429 647 xvij
453 600 569 646 bowky
585 606 654 646 xiiij
681 605 847 646 fogmartis
871 605 940 646 xiiij
965 605 1145 637 fulemartis

95 656 131 698 ije
145 657 158 688 1
172 656 254 698 agni.

137 707 180 738 Et
195 716 260 738 non
276 708 386 737 onerat
402 715 436 737 se
451 705 490 736 de
507 704 646 736 exitibus
659 704 796 735 duarum
812 704 981 742 curiarum,
994 704 1145 736 videlicet

96 805 244 846 computi,
260 815 300 836 ex
315 814 352 835 eo
368 804 453 845 quod
469 807 657 844 computans
670 814 734 834 non
750 804 872 844 recepit
888 807 1058 842 extractus,
1074 804 1145 835 ideo
1159 782 1348 842 ggffiffiiffim

95 854 277 887 onerabitur
291 864 365 885 cum
381 853 500 884 eisdem
515 853 550 883 in
565 853 711 894 proximo
728 856 877 893 computo
895 863 960 884 suo.

137 903 285 944 Expense
307 903 458 943 ejusdem.
504 903 545 933 In
568 902 689 943 primis,
712 902 845 933 allocate
867 903 1068 944 computanti
1089 913 1147 944 per

96 953 288 986 solucionem
311 952 429 984 factam
446 952 585 983 Roberto
609 952 741 993 PringiL
757 953 909 993 magistro
925 953 1046 983 cursori
1061 953 1146 984 dicte

89 1004 208 1042 warde,
222 1014 280 1045 pro
295 1004 398 1036 officio
415 1014 472 1035 suo
489 1004 528 1035 de
544 1004 691 1035 terminis
708 1004 859 1045 computi,
876 1005 906 1045 vj
924 1004 955 1035 fi.
970 1005 982 1045 j
1001 1005 1145 1036 bowkow

57 1055 64 1058 ‘
96 1054 232 1096 fogmart
248 1054 399 1086 fulemart
413 1065 458 1085 xx
474 1055 555 1095 agni.
601 1055 644 1085 Et
668 1054 876 1095 computanti,
891 1064 949 1095 pro
973 1054 1065 1085 feodo
1088 1065 1145 1086 suo

97 1103 136 1135 de
149 1103 262 1135 ‘eidem
284 1104 440 1141 terminis,
455 1104 488 1144 vj
512 1104 544 1135 fi.
561 1104 574 1144 j
599 1103 742 1134 bowkow
766 1103 904 1144 fogmart
927 1103 1078 1135 fulemart
1101 1114 1146 1134 xx

97 1153 177 1195 agni.
221 1153 264 1185 Et
288 1153 401 1191 eidem,
416 1153 455 1184 de
479 1153 579 1197 firmis
595 1156 754 1184 terrarum
770 1153 809 1184 de
826 1152 961 1190 Corslee,
977 1153 1055 1185 alias
1072 1164 1146 1185 con-

0 1214 7 1221 ·
23 1220 33 1226 —⁷
50 1215 57 1247 J
98 1212 254 1234 cessarum
275 1213 334 1244 per
356 1203 523 1234 dominum
545 1213 651 1244 regem
674 1203 796 1234 Jacobo
819 1203 948 1234 domino
975 1203 1147 1244 Hammyl-

97 1255 193 1284 toune
205 1253 239 1283 in
251 1253 453 1284 excambium
466 1263 523 1294 pro
535 1252 630 1284 certis
639 1253 732 1283 terris
746 1252 902 1283 concessis
914 1262 970 1293 per
981 1252 1148 1283 dominum

97 1311 200 1343 regem
223 1303 383 1334 Herberto
409 1302 623 1340 Johnstoune,
647 1302 686 1333 de
711 1302 857 1333 terminis
881 1302 1033 1343 computi,
1057 1302 1090 1343 vj
1114 1302 1146 1333 h'.
1162 1332 1183 1355 R
1265 1332 1326 1355 lb't

94 1351 108 1393 j
132 1351 274 1384 bowkow
299 1352 436 1393 fogmart
461 1352 613 1383 fulemart
639 1363 682 1383 xx
707 1352 788 1393 agni.
843 1352 902 1392 [To
929 1352 1054 1389 Guthre,
1078 1352 1149 1383 then
1162 1339 1266 1385 affixi&
1276 1339 1288 1355 e
1306 1339 1314 1355 ι

101 1401 306 1443 comptroller,
322 1403 406 1433 25:³86.
454 1402 497 1433 To
521 1401 591 1442 do.]‚
613 1412 671 1442 per
694 1401 915 1432 vendicionem
939 1402 1149 1443 quadraginta

101 1461 253 1492 agnorum
285 1451 528 1493 quatuordecim
566 1461 736 1482 vaccarum
774 1451 932 1482 dictarum
970 1451 1087 1492 bowky
1117 1454 1149 1482 et

101 1501 216 1542 viginti
250 1504 427 1532 martarum
463 1501 623 1532 dictarum
659 1501 798 1541 fogmart
836 1504 868 1532 et
902 1500 1061 1538 fulemart,
1091 1511 1149 1542 pro

98 1550 214 1591 viginti
230 1561 345 1582 novem
360 1550 451 1582 libris
467 1553 500 1582 et
524 1554 594 1582 octo
611 1550 731 1587 solidis,
754 1550 824 1591 ipso
847 1550 969 1582 fatente
985 1555 1148 1592 receptum
1163 1548 1328 1607 {5323ssssssst

26 1618 37 1634 1,
56 1645 59 1647 Β
100 1610 194 1641 super
216 1603 405 1641 computum
428 1611 464 1632 ac
487 1610 545 1641 pro
569 1600 686 1641 quibus
701 1600 916 1641 respondebit,
940 1601 1008 1641 xiiij
1034 1601 1150 1642 bowky
1163 1609 1222 1631 xxix
1232 1608 1260 1631 ir.
1274 1608 1315 1637 viij
1328 1609 1346 1631 ὅ.

48 1657 53 1659 ’
101 1660 144 1697 xgr
169 1650 307 1691 fogmart
330 1653 362 1681 et
386 1649 539 1681 fulemart
566 1649 601 1680 xl
624 1649 704 1690 agni.
752 1650 810 1690 [To
831 1651 876 1681 do.
902 1651 955 1681 ,ΕΙ
983 1651 1062 1691 16⁵2]
1108 1651 1151 1681 Et
1164 1662 1328 1692 Respondebit

96 1699 211 1737 eidem,
225 1710 283 1741 per
298 1699 516 1731 remissionem
533 1699 651 1730 factam
667 1709 723 1739 per
739 1699 905 1731 dominum
920 1710 1026 1741 regem
1042 1700 1151 1731 abbati
1164 1693 1265 1716 Guthre.

102 1749 285 1780 monasterii
301 1748 340 1780 de
357 1748 477 1780 Melros
494 1748 533 1779 de
556 1748 811 1779 amerciamentis
827 1759 884 1789 pro
901 1749 1036 1780 scisione
1051 1749 1152 1780 trium

101 1807 277 1838 quercuum
297 1798 332 1829 in
356 1798 473 1838 quibus
489 1797 691 1838 adjudicatus
715 1801 791 1835 erat,
808 1801 845 1830 ut
861 1801 950 1838 patet
971 1808 1027 1838 per
1042 1798 1151 1830 literas

101 1847 222 1879 domini
244 1847 325 1888 regis
348 1848 409 1878 sub
432 1847 556 1888 signeto
579 1850 612 1878 et
635 1847 872 1887 subscripcione
896 1847 935 1878 de
957 1848 1151 1884 remissione,

102 1901 243 1929 ostensas
265 1907 361 1938 super
384 1900 579 1938 computum,
603 1907 670 1927 xxx
685 1896 716 1927 fi.
762 1896 805 1926 Et
828 1896 939 1933 eidem,
963 1907 1019 1937 per
1042 1897 1151 1928 remis-

55 1961 58 1963 *
102 1946 223 1978 sionem
251 1946 371 1978 factam
386 1957 443 1987 per
480 1946 646 1977 dominum
676 1955 781 1986 regem
810 1945 976 1976 Willelmo
1000 1946 1152 1987 Douglas,

103 1996 261 2037 gardiano,
281 2006 338 2037 pro
366 1996 541 2027 abscisione
569 1995 686 2036 viginti
717 2005 902 2036 quercuum,
933 2005 973 2026 ex
997 2006 1033 2026 eo
1066 1996 1152 2037 quod

103 2043 250 2076 dominus
274 2044 411 2076 Thomas
436 2044 571 2085 Joffray,
595 2044 746 2085 magister
768 2044 888 2075 fabrice
911 2044 950 2075 de
974 2044 1007 2075 N
1009 2046 1153 2083 ewwerk,

104 2093 223 2126 fatetur
237 2104 271 2126 se
287 2095 442 2135 recepisse
457 2094 498 2125 ad
510 2094 630 2125 dictam
647 2093 808 2130 fabricam,
821 2097 858 2124 ut
867 2096 957 2134 patet
972 2104 1028 2134 per
1043 2094 1154 2127 literas

50 2139 61 2153 ⁵
104 2142 225 2175 domini
239 2144 321 2186 regis
337 2144 377 2175 de
400 2144 585 2175 remissione
609 2146 752 2175 ostensas
772 2153 867 2184 super
892 2147 1077 2185 computum
1094 2145 1154 2176 sub

105 2192 227 2235 signeto
242 2197 275 2226 et
290 2194 536 2236 subscripcione,
549 2192 583 2234 ijc
599 2193 630 2224 li.
676 2193 718 2224 Et
735 2192 846 2229 eidem,
862 2203 919 2235 per
934 2193 1153 2227 remissionem
