1551 2462
142 234 232 274 1463.
451 230 612 262 REGUM
636 230 882 263 SCOTORUM.
1125 237 1139 264 1
1147 236 1185 265 79

139 323 266 355 domine
282 323 398 364 regine,
413 323 544 355 custode
559 323 678 365 privati
687 323 784 365 sigilli
800 327 939 356 testante
949 335 1044 365 super
1059 336 1185 367 compo-

139 376 217 411 tum,
231 373 331 413 xxxiij
345 372 377 404 fi.
391 373 422 413 vj
437 377 460 404 s.
471 373 528 414 viij
546 373 575 404 d.
594 382 597 383 ⁷
620 374 663 404 Et
673 373 785 411 eidem,
798 373 837 404 de
849 374 950 405 firmis
962 374 1001 405 de
1014 374 1185 413 Hardanis,

137 422 172 453 in
193 422 342 453 manibus
364 421 499 453 Walteri
516 422 626 463 Spens,
642 426 680 454 ut
702 426 792 464 patet
806 423 842 453 in
860 423 972 455 rotulis
988 424 1184 464 precedenti-

137 471 205 509 bus,
222 481 295 503 cum
318 471 434 512 quibus
452 475 638 512 compotans
654 472 801 513 superius
817 475 975 510 oneratur,
992 473 1031 504 de
1046 473 1184 504 termino

136 520 232 561 hujus
248 521 395 562 compoti,
407 521 441 561 iij
459 520 491 552 fi.
509 521 540 562 vj
559 525 581 552 ἔ.
595 521 651 562 viij
665 521 694 552 ἃ.
740 522 783 553 Et
799 521 941 562 quinque
953 522 1116 562 serjandis,
1129 532 1185 563 pro

135 570 238 602 feodis
254 570 319 602 suis
336 570 375 602 de
390 570 501 601 eodem
524 570 670 608 termino,
693 571 706 602 1
721 575 745 602 s.
790 571 833 602 Et
855 574 986 612 propter
1001 572 1186 603 vastitatem

137 619 303 660 cujusdam
325 620 425 660 partis
448 620 487 651 de
510 619 694 651 Ersiltoune
718 620 757 652 de
780 620 891 652 eodem
914 621 1061 658 termino,
1085 621 1140 661 xvj
1159 625 1182 652 s.

138 670 193 711 viij
204 669 233 701 d.
247 697 250 699 .
278 670 321 700 Et
333 669 445 707 eidem,
461 673 591 711 propter
607 670 792 701 vastitatem
808 673 965 702 terrarum
981 671 1019 702 de
1036 671 1185 701 Rachan-

136 720 204 751 side
219 719 258 751 de
281 719 418 751 termino
441 720 589 761 compoti,
605 720 661 761 xiij
681 724 704 751 s.
728 720 774 761 iiij
795 720 825 752 d.
870 721 912 751 Et
928 720 1040 758 eidem,
1055 723 1186 761 propter

137 769 321 801 vastitatem
336 772 492 801 terrarum
506 773 663 801 certarum
680 770 719 802 de
731 769 881 801 Grenlaw
893 770 931 801 de
947 770 1084 801 termino
1100 781 1184 801 com-

135 819 212 860 poti,
227 830 250 849 x
264 823 288 851 ἓ,
333 819 376 850 Et
392 819 505 857 eidem,
519 829 577 860 pro
593 819 687 851 certis
710 820 859 860 expensis
883 819 976 851 factis
996 819 1080 850 circa
1096 819 1184 851 edifi-

135 869 294 900 cationem
317 868 412 899 unius
435 868 555 899 stabuli
578 869 661 900 infra
686 871 826 900 castrum
853 869 892 900 de
909 868 1059 906 ‚Dunbar‚
1075 872 1108 899 et
1129 879 1184 909 pro

135 918 289 959 postibus,
304 917 411 958 tignis,
427 920 559 955 tectura,
574 921 608 949 et
629 918 792 949 laboribus
808 920 840 949 et
863 917 1011 958 expensis
1034 917 1183 949 edifican—

135 967 220 999 cium
235 977 293 1008 per
308 977 424 998 novem
439 967 641 1005 ebdomadas,
656 978 730 998 cum
746 967 904 1008 stipendio
917 967 1013 998 unius
1030 966 1135 997 latimi
1151 970 1184 998 et

134 1017 259 1048 duabus
288 1016 408 1048 mensis
435 1019 466 1048 et
492 1017 637 1048 formulis
668 1027 726 1057 pro
752 1016 869 1046 minori
896 1016 977 1053 aula,
1006 1018 1038 1047 et
1067 1016 1184 1057 viginti

134 1068 272 1106 quatuor
294 1065 393 1106 petris
416 1065 493 1096 ferri
515 1075 572 1106 pro
599 1065 801 1106 reparaoione
824 1064 904 1095 dicti
930 1064 1034 1102 castri,
1057 1067 1090 1096 et
1112 1064 1184 1095 aliis

136 1115 230 1146 certis
245 1114 407 1146 laboribus
423 1117 455 1145 et
471 1115 617 1155 expensis
634 1115 727 1146 factis
744 1124 800 1155 per
815 1114 950 1145 eandem
966 1114 1048 1145 cirea
1064 1114 1184 1145 dietam

136 1163 381 1200 edificacionem,
405 1167 442 1194 ut
465 1166 554 1205 patet
576 1174 633 1204 per
655 1164 775 1195 librum
801 1163 1018 1204 computantis
1044 1164 1184 1204 particu-

134 1213 244 1244 lariter
259 1213 477 1244 examinatum
501 1215 534 1244 et
556 1216 720 1245 ostensum
743 1223 839 1254 super
861 1216 1054 1253 compotum,
1077 1213 1134 1253 xlij
1150 1213 1184 1251 fi,

134 1272 177 1293 xv
194 1266 216 1293 s.
261 1262 304 1293 Et
327 1262 438 1299 eidem,
463 1272 520 1303 pro
543 1272 608 1293 una
628 1262 780 1294 eraticula
803 1262 842 1293 de
862 1272 946 1293 novo
968 1272 1025 1303 per
1047 1263 1185 1294 eundem

134 1312 219 1342 facta
242 1311 276 1342 in
293 1313 395 1342 castro
411 1311 449 1342 de
464 1312 608 1349 Dunbar,
620 1312 742 1343 Thoma
767 1311 908 1343 Sinclare
930 1314 1069 1343 testante
1089 1322 1185 1353 super

135 1363 327 1402 compotum,
343 1360 390 1401 iiij
407 1360 438 1392 Η.
456 1371 477 1391 x
493 1365 515 1392 s.
561 1361 604 1392 Et
616 1361 727 1398 eidem,
743 1372 800 1402 pro
816 1361 911 1392 certis
927 1362 1075 1402 expensis
1091 1361 1184 1393 factis

135 1411 217 1442 circa
240 1410 428 1451 carriagium
449 1410 566 1452 viginti
592 1414 729 1451 quatuor
754 1410 933 1442 celdrarum
959 1411 1114 1442 frumenti
1152 1416 1186 1443 et

135 1460 225 1498 ordii,
241 1469 315 1491 cum
331 1460 422 1491 firma
438 1460 603 1492 domorum
621 1461 661 1492 ad
677 1460 848 1492 locandum
863 1460 983 1492 dictam
999 1461 1133 1498 firmam,
1149 1471 1185 1492 ae

135 1520 206 1541 cum
225 1509 374 1551 expensis
392 1513 551 1541 certorum
567 1511 756 1542 servitorum
773 1510 854 1552 regis
870 1510 1087 1542 laborancium
1103 1511 1186 1542 circa

134 1559 415 1601 congregacionem
442 1560 599 1591 dictarum
623 1560 795 1597 firmarum,
818 1563 855 1591 ut
877 1563 966 1601 patet
988 1570 1044 1601 per
1066 1559 1185 1591 librum

135 1609 347 1650 oompotantis
372 1611 536 1640 ostensum
563 1619 658 1650 super
680 1612 864 1650 compotum
887 1612 919 1640 et
946 1609 1184 1650 particulariter

132 1659 362 1696 examinatum,
399 1661 538 1691 testante
577 1659 750 1691 senescallo
787 1659 954 1699 Kingorne
994 1659 1184 1689 mandatum

133 1718 228 1749 super
251 1711 445 1749 compotum,
476 1709 553 1749 xviij
585 1709 617 1740 Π.
643 1709 686 1749 vij
700 1713 722 1740 s.
751 1709 806 1747 viij
839 1708 868 1739 ἃ.
926 1708 1058 1739 Summa
1086 1708 1183 1748 hujus

132 1767 278 1798 expense,
305 1756 341 1798 ᾖε
367 1757 398 1788 fi.
425 1768 445 1788 v
472 1762 494 1789 ἓ.
513 1758 556 1798 vij
584 1758 612 1789 d.
658 1757 701 1789 Et
732 1758 778 1789 sic
803 1760 926 1789 restant
949 1757 976 1798 j⁰
998 1757 1030 1788 li.
1055 1757 1133 1797 xviij
1158 1761 1182 1788 s.

131 1810 238 1848 preter
256 1807 419 1848 arreragia.
466 1807 508 1838 Et
531 1807 576 1838 sic
591 1809 713 1838 restant
737 1807 771 1838 in
788 1810 854 1838 toto
871 1816 944 1838 cum
960 1806 1124 1847 arreragiis
1147 1804 1183 1846 ij⁰

130 1866 152 1887 v
185 1855 218 1887 li.
249 1856 292 1896 vij
321 1859 345 1887 ἔ.
382 1855 437 1897 viij
469 1855 498 1887 d.
559 1856 702 1894 Quarum
733 1856 866 1887 allocate
899 1855 1095 1895 compotanti
1124 1865 1182 1895 pro

132 1904 228 1936 naulo
244 1904 340 1936 unius
360 1904 478 1936 batelle
501 1905 651 1936 cariantis
674 1905 825 1936 carbones
848 1914 957 1935 versus
981 1907 1119 1934 castrum
1143 1903 1182 1934 de

131 1954 267 1985 Dunbar
292 1965 348 1995 pro
377 1955 559 1986 municione
587 1955 665 1986 dicti
692 1954 787 1986 castri
814 1956 846 1985 et
876 1953 1024 1994 expensis
1054 1952 1182 1984 domine

131 2004 248 2045 regine,
262 2004 297 2045 iij
313 2004 344 2035 fi.
357 2015 378 2035 x
394 2008 416 2036 s.
462 2005 505 2036 Et
518 2004 630 2042 eidem,
643 2015 699 2046 pro
715 2004 863 2045 expensis
873 2003 966 2034 factis
979 2013 1034 2044 per
1044 2002 1182 2034 eundem

133 2056 291 2086 certorum
317 2054 505 2085 clericorum
530 2055 605 2086 bina
631 2055 700 2086 vioe
728 2054 927 2096 capieuoium
951 2053 1182 2084 indictamenta

129 2103 316 2145 justiciarie,
346 2107 485 2136 testante
516 2105 647 2136 custode
677 2105 795 2146 privati
826 2103 931 2144 sigilli,
963 2102 1030 2142 xlvj
1062 2106 1084 2133 ἕ.
1138 2101 1182 2132 Et

132 2153 246 2191 eidem,
277 2163 333 2194 per
364 2153 559 2185 solucionem
597 2154 716 2186 factam
746 2153 885 2184 Roberto
924 2150 1065 2190 Liddale,
1102 2150 1180 2182 alias
