1551 2462
0 1774 28 1961 ‘'*ffl‘ssfssss
0 1735 21 1749 '„
10 1708 13 1711 i
0 1681 2 1685 ‘

0 2227 31 2462 maa-mmm}
0 1964 32 2222 mmmmm

174 215 264 244 1463.
485 213 647 249 REGUM
671 214 917 247 SOOTORUM.
1162 219 1223 247 227

475 566 668 599 OGXXXV.
687 567 929 608 [CCXLVIII]

215 665 470 699 COMPUTUM
493 666 761 700 SENESOALLI
786 667 968 699 DOMINE
992 668 1171 700 REGINE.

606 774 667 798 Α.Ι).
686 767 778 799 1463.

217 858 409 899 compotum
425 859 547 890 domini
563 859 698 892 Henrici
714 860 889 901 Kingorne,
906 860 1073 892 senescalli
1097 861 1225 892 domine

173 909 288 949 regine,
313 909 522 949 [Edinburyh‚
538 909 617 947 241311,
639 909 810 951 September
831 911 928 948 1463,
942 911 1034 951 from
1056 911 1078 942 3
1100 911 1227 952 Azgqust

174 959 283 999 1462]
1111 958 1113 961 '

218 1008 260 1038 In
274 1007 395 1048 primis,
411 1008 497 1039 idem
512 1011 623 1039 onerat
639 1018 672 1040 se
688 1008 727 1039 de
747 1008 825 1049 xviij
842 1008 875 1040 n.
885 1019 930 1041 xv
946 1013 969 1040 s.
983 1009 995 1049 j
1013 1009 1042 1040 d.
1055 1019 1112 1050 per
1128 1019 1227 1040 arrer-

176 1057 247 1098 agia
261 1057 367 1088 ultimi
386 1057 525 1098 compoti
538 1057 595 1094 sui,
611 1061 649 1088 ut
672 1061 761 1098 patet
783 1058 819 1088 in
834 1057 914 1099 pede
931 1058 1082 1098 ejusdem.
1129 1059 1171 1089 Et
1187 1058 1227 1089 de
1252 1095 1256 1098 ⁴

175 1105 324 1147 viij⁶xxxj
342 1106 374 1138 1-1.
390 1106 456 1147 xvij
475 1111 497 1139 s.
514 1106 559 1147 iiij
579 1106 607 1140 d.
624 1107 760 1148 receptis
776 1117 794 1138 a
817 1107 999 1149 Mergareta
1021 1107 1060 1138 de
1076 1107 1228 1139 Balfoure

175 1157 214 1187 de
224 1156 303 1187 tecis
314 1156 441 1187 domine
450 1156 557 1197 regine
568 1156 702 1188 diversis
712 1156 837 1188 vicibus
848 1156 931 1187 infra
941 1160 1068 1197 tempus
1079 1157 1227 1197 compoti.

155 1236 158 1237 γ
175 1207 218 1237 Et
233 1206 272 1237 de
288 1216 308 1237 v
324 1205 348 1236 fi
364 1206 420 1246 xiij
438 1210 461 1237 s.
477 1216 499 1238 x
514 1206 542 1237 d.
559 1206 694 1247 receptis
719 1206 758 1237 ab
783 1206 930 1237 Oswaldo
946 1206 1043 1238 Were
1066 1206 1105 1238 de
1122 1206 1228 1237 warda

175 1256 214 1287 de
238 1255 430 1286 Blackwode
452 1255 537 1286 infra
559 1258 686 1296 tempus
709 1255 857 1296 compoti.
902 1255 945 1286 Et
968 1255 1007 1286 de
1029 1256 1073 1296 vij
1099 1255 1128 1286 11¹.
1154 1256 1177 1297 ij
1203 1260 1227 1288 s.

175 1305 310 1346 receptis
333 1315 351 1336 a
374 1305 495 1336 Thoma
518 1305 738 1346 Wardropare,
760 1315 848 1336 maro
871 1304 911 1336 de
934 1305 1120 1342 Kinclevin,
1143 1306 1228 1337 infra

176 1359 303 1396 tempus
330 1355 477 1396 compoti.
523 1355 566 1387 Et
590 1355 629 1386 de
656 1355 734 1396 xviij
763 1354 795 1387 li.
819 1355 885 1396 xvij
912 1359 934 1387 Ξ.
959 1365 980 1385 ν
1006 1355 1035 1387 d.
1057 1355 1194 1396 receptis
1210 1366 1229 1386 a

175 1405 305 1437 Simone
321 1404 451 1436 Salmau
467 1404 506 1436 de
522 1404 621 1435 firmis
644 1408 801 1435 terrarum
818 1404 988 1435 comitatus
1013 1404 1156 1436 Marchie
1172 1415 1229 1446 per

114 1480 117 1483 .
175 1458 302 1496 tempus
325 1454 472 1495 compoti.
516 1454 559 1485 Et
582 1454 621 1486 de
641 1454 723 1495 j⁰xxj
748 1453 781 1486 fi.
804 1454 848 1495 vij
873 1458 897 1487 s.
921 1454 964 1494 vij
989 1454 1018 1486 d.
1042 1455 1178 1495 receptis
1210 1465 1228 1485 a

175 1504 303 1536 domino
334 1504 474 1535 Roberto
497 1503 601 1541 Mure,
624 1503 794 1535 camerario
818 1503 857 1534 de
880 1503 1039 1541 Menteth,
1062 1514 1119 1544 per
1141 1504 1228 1535 idem

174 1557 309 1595 tempus.
354 1554 397 1584 Et
422 1554 460 1585 de
482 1552 508 1594 jc
534 1553 566 1585 Ῐῗ.
592 1554 625 1584 ix
648 1558 670 1585 s.
694 1553 729 1584 ix
751 1552 780 1585 d.
804 1552 940 1594 receptis
963 1563 981 1583 a
1004 1553 1165 1585 Michaele
1189 1553 1228 1585 de

175 1603 325 1635 Balfoure
341 1603 380 1634 de
396 1603 495 1635 firmis
511 1606 669 1634 terrarum
686 1602 724 1634 de
740 1603 832 1644 Fyffe
845 1603 930 1634 infra
939 1606 1067 1643 tempus
1081 1603 1227 1643 compoti.

175 1653 217 1684 Et
240 1652 279 1684 de
303 1663 347 1684 xv
368 1652 402 1685 ri.
426 1653 562 1693 receptis
586 1653 626 1684 ab
649 1653 760 1684 eodem
784 1651 945 1683 Michaele
961 1651 1000 1683 de
1017 1651 1111 1683 dietis
1127 1652 1228 1684 firmis

175 1713 232 1746 per
261 1705 389 1744 tempus
420 1702 567 1743 compoti.
624 1703 667 1733 Et
697 1702 736 1733 de
767 1701 849 1743 xliiij
877 1699 910 1734 fi.
936 1701 971 1742 iij
998 1705 1021 1734 Ξ.
1044 1702 1179 1744 receptis
1211 1713 1230 1733 a

176 1753 326 1794 magistro
341 1753 473 1784 Andrea
489 1753 569 1793 Lyel
584 1752 623 1785 de
640 1751 740 1784 firmis
757 1751 795 1782 de
812 1751 901 1783 Mari·
918 1754 949 1782 et
966 1751 1129 1783 Garviach
1144 1751 1229 1782 infra

176 1806 303 1843 tempus
333 1802 481 1843 compoti.
527 1803 570 1833 Et
593 1802 632 1833 de
663 1802 707 1842 xlj
731 1801 763 1832 fi.
789 1801 903 1842 xvijs.
928 1801 974 1841 iiij
999 1801 1028 1831 d.
1052 1801 1188 1842 receptis
1211 1812 1230 1832 a

176 1851 304 1883 domino
320 1851 485 1883 Wisselmo
502 1851 598 1893 Rynd
622 1851 661 1883 de
684 1851 784 1882 firmis
805 1850 939 1882 dominii
956 1850 994 1881 de
1011 1850 1151 1881 Brechin
1173 1861 1230 1892 per

176 1905 303 1942 tempus
334 1902 481 1943 compoti.
527 1901 570 1932 Et
594 1901 633 1932 de
655 1900 736 1932 lxxx
758 1900 790 1932 fi.
815 1900 846 1941 vj
871 1904 894 1932 s.
918 1900 974 1940 viij
999 1899 1029 1931 d.
1052 1901 1188 1941 receptis
1212 1910 1230 1931 a

176 1951 325 1983 Johanne
356 1951 394 1983 de
424 1951 571 1983 Moravia
602 1950 641 1981 de
671 1950 771 1981 firmis
801 1953 959 1981 terrarum
990 1949 1160 1981 comitatus
1192 1949 1230 1981 de

178 2000 345 2034 Strathern
369 2011 426 2041 per
448 2003 577 2042 tempus
601 2000 748 2041 compoti.
794 2000 837 2031 Et
867 1999 906 2031 de
936 1999 954 2030 1Δ
978 1999 1011 2030 fi.

743 2050 851 2090 regine
897 2048 1003 2079 debite
1049 2048 1152 2079 eidem
1191 2048 1230 2080 de

177 2110 292 2141 magna
315 2103 463 2132 custuma
479 2099 518 2131 de
533 2099 705 2131 Abirdene.
751 2099 794 2129 Et
816 2098 855 2129 de
879 2098 981 2128 lxxxv
997 2097 1021 2128 fi
1038 2098 1106 2138 xiiij
1125 2102 1147 2129 s.
1165 2108 1185 2129 v
1201 2098 1229 2128 d.

179 2149 314 2190 receptis
330 2160 348 2180 a
364 2148 568 2180 custumariis
592 2158 707 2189 magna
730 2151 875 2179 custume
892 2147 985 2188 burgi
1001 2147 1039 2178 de
1055 2147 1231 2188 Linlithqw
