1551 2462
145 250 236 279 1463.
455 246 616 278 REGUM
640 246 886 278 SCOTORUM.
1130 250 1189 279 163

146 340 342 372 solucionem
376 339 494 371 factam
516 339 680 371 Fratribus
705 339 820 370 Sancte
842 339 1009 370 Trinitatis
1032 339 1071 370 de
1094 339 1189 371 Abir-

145 390 234 427 dene,
257 389 506 431 percipientibus
529 389 696 420 annuatim
722 389 832 420 decem
854 399 976 420 marcas
1000 389 1099 420 annui
1121 390 1190 420 red-

142 439 230 471 ditus
253 443 336 471 terre
361 439 400 471 de
423 439 598 470 Westoune
621 439 656 469 in
680 439 820 476 Cromar,
836 437 875 469 de
898 438 1021 469 duobus
1044 439 1190 470 terminis

141 488 238 529 hujus
254 489 403 530 compoti,
418 489 449 529 vj
466 488 499 520 fi.
514 488 572 529 xiij
593 498 616 520 s.
631 488 677 528 iiij
695 488 724 520 d.
770 488 813 518 Et
829 487 940 525 eidem,
952 498 1009 528 per
1024 488 1190 529 antiquam

142 537 357 570 decidenciam
381 538 584 579 antiquarum
600 538 764 568 firmarum
779 537 909 568 baronie
924 537 963 568 de
980 537 1137 575 Strathde,
1153 541 1191 568 ut

141 591 231 628 patet
246 588 280 618 in
295 588 412 619 rentali
427 590 459 619 et
474 587 556 618 libro
572 587 784 628 compotantis
800 587 1035 628 particulariter
1047 588 1189 618 examin-

142 697 186 717 xv
195 691 219 718 Ξ.
249 687 291 717 Et
303 697 359 728 per
370 687 571 718 consimilem
582 686 799 718 decidenciam
810 686 1013 727 antiquarum
1027 686 1190 717 firmarum

143 736 278 767 dominii
292 736 331 767 de
348 736 531 773 Strathdon,
546 739 584 766 ut
605 739 695 777 patet
716 735 751 766 in
774 735 889 766 rentali
905 738 938 766 et
953 735 1035 766 libro
1059 746 1189 776 compo-

144 786 243 816 tantis
259 786 406 817 similiter
421 785 621 823 examinatis,
637 789 670 817 et
685 785 724 816 de
739 785 859 816 eisdem
875 785 1030 823 terminis,
1046 786 1135 826 xxxij
1153 785 1185 817 fi.

142 845 164 866 v
201 839 224 867 ἔ.
249 835 296 876 iiij
327 835 357 868 d.
401 836 445 867 Et
474 835 623 867 similiter
645 846 703 876 per
733 835 952 866 decidenciam
982 835 1189 876 antiquarum

82 896 84 898 ’
142 884 305 916 firmarum
335 884 375 916 de
405 885 545 922 Cromar,
567 888 605 916 ut
634 887 723 926 patet
745 884 780 915 in
803 884 920 915 rentali
943 887 974 915 et
997 884 1083 916 dicto
1105 884 1190 916 libro

142 935 362 975 compotantis,
379 937 411 966 et
429 934 468 966 de
491 934 610 966 eisdem
625 934 781 972 terminis,
797 935 829 974 xj
846 934 878 964 fi.
895 944 939 965 xv
955 938 978 966 s.
994 933 1051 975 viij
1068 934 1098 966 d.
1143 935 1186 965 Et

142 984 254 1021 eidem,
270 983 309 1015 de
324 984 424 1015 firmis
439 987 523 1015 terre
539 984 578 1015 de
601 984 814 1021 Camboskist,
830 984 982 1025 deputate
999 994 1056 1025 pro
1072 984 1191 1015 foresta

143 1032 182 1063 de
197 1033 348 1063 mandato
371 1033 492 1064 domini
507 1033 589 1074 regis
613 1036 646 1064 et
669 1033 774 1064 adhuc
793 1043 857 1064 non
873 1033 1025 1070 assedata,
1042 1033 1080 1064 de
1096 1033 1190 1064 dictis

142 1082 298 1119 terminis,
313 1081 325 1112 1
341 1086 364 1113 s.
408 1082 451 1112 Et
474 1082 586 1120 eidem,
601 1092 658 1123 per
680 1082 876 1113 solucionem
899 1082 1017 1113 factam
1039 1083 1191 1123 magistro

144 1131 184 1162 de
214 1131 340 1162 Huntle
369 1142 426 1172 pro
457 1131 601 1162 custodia
625 1132 721 1162 castri
744 1132 783 1163 de
810 1131 1005 1172 Kindrumy,
1029 1132 1067 1163 de
1091 1132 1190 1163 firmis

143 1182 300 1211 terrarum
331 1180 572 1211 dominicalium
602 1181 744 1221 ejusdem
775 1184 808 1212 et
837 1181 963 1222 Mygvy
984 1191 1042 1222 per
1064 1184 1191 1222 tempus

144 1230 292 1270 compoti,
308 1233 340 1261 et
356 1230 395 1261 de
411 1230 510 1261 firmis
526 1232 682 1261 terrarum
698 1230 939 1261 dominicalium
956 1230 994 1261 de
1010 1229 1191 1268 Kildrocht,

143 1280 221 1320 xxvj
239 1279 270 1311 fi.
287 1280 343 1320 xiij
369 1283 393 1312 ἕ.
416 1279 462 1320 iiij
480 1279 508 1310 d.
554 1279 596 1310 Et
618 1279 722 1310 tribus
743 1279 906 1320 serjandis,
922 1289 979 1320 pro
1002 1280 1102 1311 feodis
1125 1280 1191 1311 suis

145 1329 184 1360 de
206 1329 329 1360 duobus
355 1329 500 1360 terminis
531 1328 690 1360 dictorum
720 1329 941 1366 dominiorum,
964 1329 1056 1369 xlviij
1081 1333 1103 1360 s.
1149 1329 1193 1360 Et

147 1378 258 1416 eidem,
281 1389 337 1419 per
358 1379 553 1410 solucionem
580 1379 698 1410 factam
721 1379 849 1410 cuidam
873 1378 1009 1419 Anglico
1033 1378 1138 1415 militi,
1154 1379 1194 1409 de

146 1428 297 1458 mandato
313 1428 441 1459 domine
463 1428 579 1469 regine,
595 1438 653 1469 pro
675 1427 799 1459 duobus
822 1427 906 1458 vasis
922 1427 1082 1458 deauratis
1098 1428 1192 1459 dictis

147 1477 279 1515 fiacatis,
300 1477 449 1518 ponderis
472 1480 603 1509 centum
629 1477 833 1518 septuaginta
863 1480 986 1518 septem
1016 1477 1193 1514 unciarum,

145 1527 292 1568 precium
313 1527 407 1558 uncie
430 1537 545 1558 novem
562 1526 656 1558 solidi
679 1537 735 1558 sex
751 1527 882 1565 denarii,
894 1527 1010 1567 emptis
1027 1527 1066 1558 ab
1082 1527 1194 1559 eodem

145 1576 281 1618 Anglico
312 1579 345 1608 et
382 1576 565 1608 deliberatis
595 1576 722 1607 domine
760 1576 877 1617 regine,
904 1576 1037 1607 custode
1075 1577 1194 1617 privati

147 1675 224 1716 xviij
242 1674 270 1706 d.
316 1675 359 1706 Et
374 1685 430 1715 per
440 1674 634 1705 solucionem
647 1674 763 1706 factam
775 1685 832 1715 per
843 1675 980 1706 eundem
992 1675 1031 1706 de
1043 1675 1194 1706 mandato

146 1724 274 1755 domine
289 1724 396 1764 regine
411 1734 468 1764 pro
484 1724 607 1755 duobus
620 1724 710 1765 equis
723 1723 857 1755 Gallicis
870 1724 964 1756 dictis
976 1725 1108 1765 genatis,
1120 1735 1194 1755 cum

144 1773 268 1805 duabus
298 1773 396 1810 cellis,
426 1772 608 1804 deliberatis
644 1773 771 1804 domine
801 1773 917 1814 regine,
948 1773 1033 1805 dioto
1063 1774 1193 1805 custode
1207 1801 1253 1823 Res
1273 1807 1303 1824 on
1304 1801 1371 1824 debit

143 1823 259 1864 privati
285 1822 382 1863 sigilli
408 1824 546 1853 testante
569 1832 664 1863 super
686 1825 878 1862 compotum,
901 1833 967 1853 xxv
992 1823 1025 1854 n'.
1070 1823 1113 1854 Et
1138 1833 1195 1864 per
1207 1808 1337 1860 Kingome.

144 1872 340 1904 solucionem
355 1872 474 1903 factam
490 1871 619 1903 domino
635 1872 774 1903 Henrico
787 1872 825 1904 de
841 1872 1016 1913 Kfflgorne,
1026 1872 1060 1902 in
1070 1872 1194 1904 duobus

145 1922 313 1953 rubbouris
329 1921 396 1952 vini
413 1921 577 1958 Renensis,
593 1921 662 1962 ipso
678 1921 799 1952 fatente
820 1924 984 1962 receptum
1000 1931 1094 1962 super
1109 1931 1193 1952 com-

146 1975 267 2013 potum,
282 1982 304 2002 v
318 1971 350 2002 Η.
374 1971 418 2011 vij
446 1975 468 2002 s.
485 1971 520 2002 ix
544 1971 582 2009 ἃ,
597 1982 654 2012 pro
670 1971 787 2012 quibus
813 1971 1025 2012 respondebit.
1071 1971 1114 2002 Et
1137 1981 1194 2012 per

145 2021 339 2053 solucionem
355 2021 472 2051 factam
488 2021 573 2052 dicto
589 2021 717 2051 domino
733 2020 874 2051 Henrico
887 2020 925 2051 de
941 2020 1115 2060 Kingorne,
1124 2020 1194 2062 ipso

145 2071 267 2102 fatente
282 2073 444 2110 receptum
466 2080 561 2111 super
583 2073 777 2111 compotum,
799 2070 830 2106 vj
855 2069 887 2100 fi.
911 2080 954 2100 xv
976 2073 999 2100 s.
1023 2069 1057 2110 iij
1082 2069 1120 2107 ἃ,
1136 2080 1193 2111 pro
1206 2096 1370 2126 Respondebit

148 2120 264 2161 quibus
280 2119 380 2150 eciam
396 2119 606 2160 respondebit.
642 2119 684 2150 Et
694 2119 805 2156 eidem,
818 2129 873 2160 per
885 2119 1069 2150 vastitatem
1081 2122 1193 2160 quarte
1205 2126 1277 2149 idem.

146 2169 246 2211 partis
261 2172 415 2202 terrarum
431 2168 470 2200 de
485 2169 661 2200 Westoune
684 2179 748 2200 non
771 2168 922 2207 assedate,
938 2171 1033 2209 prout
1055 2172 1144 2210 patet
1159 2169 1194 2200 in
