1551 2462
165 1392 330 1422 Respondebit

166 1422 226 1451 Culq
230 1422 313 1450 uhone,

165 1452 291 1475 rotulator.

225 1596 268 1619 Do.

226 1748 270 1771 Do.

225 1947 271 1969 Do.

165 2088 330 2117 Respondebit

164 2119 264 2153 Guthre,
277 2118 327 2141 the-

163 2155 292 2171 samarius.

381 261 442 289 424
685 259 850 290 ROTULI
873 258 1110 291 SCACCARII
1340 263 1430 291 1466.

379 401 605 432 liberacionem
629 402 746 433 factam
771 401 936 433 Willelmo
960 401 1110 438 Muncur,
1133 402 1245 433 factori
1261 413 1432 440 armorum,

379 461 437 492 pro
464 451 588 482 factura
619 451 790 482 eorundem
822 451 950 481 domiuo
975 454 1084 481 nostro
1111 451 1185 492 regi,
1213 452 1251 483 de
1280 452 1431 483 mandato

380 501 524 541 ejusdem
540 501 715 532 literatorio
739 501 798 531 sub
823 500 947 541 signeto
971 504 1098 531 ostenso
1121 511 1217 541 super
1233 505 1430 542 computum,

378 600 480 631 laneis
507 604 539 631 et
563 600 657 632 lineis
684 600 882 631 diversorum
908 599 1060 636 colorum,
1087 600 1206 637 cericis,
1232 595 1370 638 fustinis,
1400 604 1433 632 et

379 649 577 686 foderaturis,
594 653 625 680 et
641 649 713 680 aliis
730 649 864 679 minutis
888 648 1030 680 liberatis
1053 649 1093 680 ad
1109 659 1186 680 usus
1203 649 1327 681 domini
1343 650 1433 691 regis,

379 699 581 730 dominorum
592 699 682 730 ducis
695 698 832 730 Albanie
850 702 882 730 et
897 699 988 730 Mare
1002 709 1037 730 ac
1048 699 1177 730 domine
1189 699 1302 737 Marie,
1316 701 1431 732 sororis

379 748 507 779 domine
523 748 613 789 regis,
631 748 669 779 de
685 748 836 779 mandato
860 748 1005 788 ejusdem
1027 748 1202 780 literatorio
1219 750 1280 781 sub
1297 750 1432 791 signeto,

380 797 450 838 ipso
477 798 599 829 fatente
625 808 681 838 per
708 798 810 829 dictas
834 797 943 828 literas
970 801 1136 838 receptum
1162 799 1305 839 ejusdem
1336 809 1432 841 super

379 850 576 887 computum,
593 850 625 878 et
641 849 676 877 ut
692 848 782 887 patet
797 846 897 878 eciam
913 847 946 877 in
971 847 1083 878 cedula
1099 848 1288 888 parcialium
1303 858 1428 880 reman-

380 898 452 927 ente
469 906 565 936 super
580 899 777 936 computum,
793 895 872 936 xxiij
890 895 921 928 li.
945 906 965 927 x
981 900 1004 927 Ξ.
1022 907 1043 926 x
1059 890 1093 927 ds
1112 897 1160 928 ob.
1206 897 1248 927 Et
1264 907 1321 938 pro
1338 898 1433 930 certis

380 945 530 985 expensis
557 945 650 976 factis
673 945 708 975 in
729 948 831 976 castro
855 945 894 976 de
917 945 1106 986 Edinburgh
1129 946 1164 976 in
1188 946 1280 978 domo
1304 947 1433 979 thesau-

379 995 459 1025 rarie
476 994 510 1025 in
526 995 612 1032 seris,
623 995 724 1032 ferris,
740 994 885 1026 clavibus
902 998 934 1025 et
950 995 1020 1026 aliis
1036 995 1184 1036 expensis
1197 996 1290 1027 factis
1306 997 1434 1035 ibidem,

378 1044 507 1075 domino
531 1044 716 1075 Alexandro
740 1044 832 1085 Boyd
855 1047 994 1075 testante
1018 1045 1207 1075 mandatum
1230 1045 1432 1077 dominorum

378 1094 503 1125 consilii
534 1098 566 1125 et
592 1104 748 1135 expensas
773 1104 868 1134 super
898 1096 1096 1135 computum,
1121 1094 1156 1135 iij
1182 1095 1229 1126 li
1246 1095 1293 1136 iiij
1322 1100 1345 1127 ἓ,
1391 1096 1434 1127 Et

378 1144 506 1180 eisdem,
522 1154 578 1185 per
604 1144 799 1175 solucionem
824 1144 943 1174 factam
971 1143 1056 1177 dicto
1079 1145 1232 1185 magistro
1255 1145 1433 1184 XVillelmo,

379 1193 511 1231 medico,
524 1204 579 1234 pro
590 1193 682 1224 feodo
692 1204 749 1224 suo
760 1193 798 1224 de
808 1193 946 1224 termino
956 1193 1177 1225 Pentichostes
1187 1194 1271 1225 infra
1281 1194 1340 1226 hoc
1350 1205 1434 1226 com-

379 1247 503 1284 putum,
516 1243 554 1275 de
567 1243 665 1274 simili
680 1243 831 1274 mandato
842 1243 965 1274 domini
981 1244 1081 1274 nostri
1093 1244 1174 1285 regis
1187 1244 1362 1276 literatorio
1374 1245 1434 1276 sub

379 1293 510 1334 signeto,
522 1296 559 1324 ut
575 1296 664 1334 patet
680 1303 736 1334 per
751 1292 879 1323 easdem
894 1292 1003 1324 literas
1020 1297 1052 1324 et
1068 1293 1178 1324 literas
1194 1294 1273 1325 dicti
1289 1295 1434 1335 magistri

377 1342 535 1373 Willelmi
546 1342 585 1373 de
601 1346 728 1383 recepto
744 1345 886 1373 ostensas
903 1352 998 1384 super
1015 1346 1212 1384 computum,
1223 1353 1289 1374 xxv
1303 1343 1335 1374 li.
1373 1344 1433 1385 [To

382 1392 595 1433 Comptroller]
614 1392 648 1422 in
672 1392 766 1423 certis
783 1392 894 1423 martis
919 1395 951 1423 et
974 1392 1045 1423 aliis
1064 1393 1270 1430 victualibus,
1288 1393 1377 1434 [2347
1391 1395 1434 1425 83.

382 1441 425 1472 To
437 1441 496 1482 da]
509 1442 542 1472 iu
554 1442 650 1473 certis
667 1441 832 1482 speciebus
845 1445 878 1472 et
893 1441 1055 1478 chandria,
1073 1441 1185 1482 [5286
1199 1443 1263 1473 163.
1281 1442 1347 1483 Ιώ]
1393 1443 1436 1474 Et

380 1491 491 1527 eidem,
514 1491 548 1521 in
572 1491 666 1521 certis
689 1490 831 1521 uncostis
854 1490 982 1521 intratis
1006 1491 1040 1521 in
1063 1491 1154 1522 libris
1177 1491 1341 1529 domicilii,
1364 1492 1434 1532 ipso

380 1541 479 1571 eciam
497 1540 618 1571 fatente
634 1543 798 1580 receptum
815 1549 910 1580 super
925 1543 1120 1580 computum,
1136 1541 1191 1581 viij
1208 1540 1240 1571 fi.
1257 1541 1303 1581 iiij
1318 1545 1342 1572 s.
1360 1552 1380 1572 x
1393 1541 1432 1579 ἃ,

379 1600 436 1631 pro
467 1590 584 1630 quibus
621 1589 831 1630 respondebit.
892 1589 935 1621 Et
972 1589 1083 1626 eidem,
1116 1599 1172 1630 per
1209 1590 1435 1622 liberacionem

381 1640 500 1671 factam
531 1639 616 1670 dicto
646 1642 869 1680 computorum
899 1638 1068 1669 rotulatori
1098 1639 1138 1669 ad
1168 1649 1324 1680 expensas
1355 1640 1434 1671 dicti

384 1681 537 1720 doinicilii
554 1689 587 1719 in
603 1689 737 1720 diversis
753 1688 920 1729 preceptis,
936 1688 1005 1728 ipso
1021 1688 1142 1720 fatente
1158 1692 1320 1730 receptum
1340 1700 1436 1730 super

381 1742 578 1779 computum,
596 1737 735 1778 ij⁰lxxxx
751 1737 783 1768 ΠΖ
807 1737 829 1778 ij
847 1742 871 1769 s.
889 1737 919 1777 vj
937 1737 976 1774 d„
1000 1747 1057 1778 pro
1081 1738 1197 1778 quibus
1220 1739 1434 1779 respondebit.

380 1789 423 1819 Et
438 1788 541 1819 eidem
557 1787 686 1824 Jacobo,
702 1797 759 1827 per
773 1786 999 1818 liberacionem
1016 1786 1134 1819 factam
1150 1788 1302 1829 magistro
1326 1789 1432 1821 David

383 1838 517 1874 Guthre,
533 1837 739 1874 thesaurario,
755 1836 795 1867 ad
811 1836 1047 1877 reparacionem
1071 1838 1321 1869 necessariorum
1343 1839 1435 1879 regis,

381 1887 452 1928 ipso
485 1887 607 1918 fatente
637 1889 802 1927 receptum
833 1896 930 1926 super
952 1889 1148 1926 computum,
1168 1885 1275 1928 j⁰xxiij
1299 1887 1330 1918 Ε.
1354 1888 1389 1918 ix
1411 1892 1434 1920 ἓ.

381 1937 414 1977 xj
446 1936 476 1968 d.
507 1946 565 1977 pro
596 1936 714 1976 quibus
745 1935 955 1976 respondebit.
1002 1936 1045 1966 Et
1076 1936 1188 1973 eidem,
1218 1936 1258 1968 de
1288 1941 1436 1977 custuma

382 1989 519 2026 quatuor
545 1995 706 2016 saccorum
731 1988 763 2016 et
789 1985 898 2016 decem
925 1988 1087 2026 petrarum
1119 1985 1201 2025 lane,
1227 1987 1323 2018 unius
1354 1987 1434 2019 laste

380 2035 530 2066 undecim
562 2034 728 2065 dacrarum
766 2037 798 2065 et
829 2034 971 2075 quinque
1009 2035 1183 2066 corriorum
1220 2035 1260 2067 de
1298 2037 1434 2078 propriis

381 2085 503 2115 domini
518 2082 700 2115 Alexandri
714 2083 792 2114 Boid
810 2083 848 2114 de
864 2083 1033 2115 Drumcoll
1049 2084 1218 2115 missorum
1234 2095 1290 2125 pro
1306 2096 1432 2127 repara-

381 2135 470 2165 cione
508 2134 621 2164 domus
659 2143 723 2170 sue,
754 2143 793 2164 ex
825 2133 1080 2164 consideracione
1110 2133 1292 2165 auditorum
1330 2139 1362 2166 et
1392 2135 1431 2167 de

381 2183 531 2215 mandato
551 2183 673 2214 domini
695 2182 777 2223 regis
793 2182 932 2223 speciali,
949 2193 970 2213 x
985 2182 1016 2214 ri.
1035 2183 1090 2223 xxj
1107 2183 1135 2214 d.
1181 2183 1224 2214 Et
1247 2184 1358 2223 eidem,
1374 2194 1431 2226 pro
