1551 2462
15 1024 58 1326 Χ’θῗῗ’σς”’«(ι’δ“-Ϊ3’”ιι-ζ-ῗφιιμῑὶῑ,,ἤν-’ζ·.-
22 1000 31 1004 ⁴
30 977 34 980 '
26 942 48 959 ῗ,
46 907 47 910 „
28 760 61 821 25¹:
31 722 33 724 ⁴
35 695 40 700 ‘

76 1208 84 1209 1
82 962 86 963 ,

18 2225 75 2245 r.⁴

113 0 208 18 y-ae72<
222 4 223 7 ,
236 5 238 7 ,
303 6 307 9 ,

174 295 266 325 1467.
485 293 646 326 REGUM
670 276 916 326 8801881111.
1160 298 1220 327 455

173 386 212 418 de
228 397 311 418 anno
327 387 470 428 computi
482 392 515 419 et
530 387 590 419 sub
606 387 748 428 periculo
764 388 991 428 computantis,
1014 387 1063 428 liij
1075 392 1098 419 s.
1122 388 1168 429 iiij
1193 388 1223 419 d.

172 437 213 468 Et
229 436 341 474 eidem,
358 447 414 478 pro
430 436 610 468 lucracione
634 439 666 468 et
689 437 878 468 induccione
902 448 938 468 ac
955 437 1131 468 falcacione
1156 438 1224 468 feni

171 489 334 528 pratorum
350 486 389 518 de
406 487 576 518 Fauklaud
592 490 625 518 et
648 486 909 527 Ouchtermukty
925 487 964 518 de
988 497 1071 518 anno
1094 487 1223 528 preced-

171 540 244 568 ente
254 536 314 568 hoe
326 541 522 578 computum,
532 540 627 578 prout
637 541 848 569 consueverat
858 537 937 568 alias
948 537 1117 578 percipere,
1124 538 1177 578 xvj
1190 537 1221 569 fi.

171 585 227 627 xiij
244 590 267 617 s.
283 586 329 628 iiij
347 586 376 619 d.
421 587 464 619 Et
487 591 624 630 quatuor
646 587 801 628 serjandis
817 587 856 618 de
873 587 943 624 Fiff,
959 597 1016 628 pro
1032 587 1133 618 feodis
1157 587 1223 618 suis

171 635 210 667 de
236 646 320 667 anno
346 637 499 678 computi,
525 637 572 677 iiij
589 637 621 669 fi.
676 637 719 669 Et
743 637 856 674 eidem,
883 637 922 668 (18
947 636 1046 668 firmis
1070 637 1156 668 Aule
1183 636 1223 668 de

171 684 282 726 Rossy,
298 696 443 718 concesse
465 687 506 717 ad
528 687 741 718 feodifirmam
756 686 922 717 Willelmo
947 687 1070 718 Bonare
1093 697 1150 728 pro
1167 697 1223 718 sex

170 735 283 766 marcis
309 746 366 776 per
391 740 512 768 cartam
538 737 661 768 domini
687 737 777 778 regis,
801 739 833 768 et
864 739 1052 777 computans
1075 737 1223 777 superius

170 788 320 816 oneratur
349 785 388 817 de
413 796 497 818 anno
524 787 677 827 computi,
704 787 780 827 xxvj
806 791 828 818 ἔ.
853 786 908 827 viij
938 786 967 817 d.
1013 787 1054 817 Et
1079 786 1223 818 Johanni

170 833 328 874 Balfoure,
344 846 401 877 pro
417 836 508 867 feodo
524 847 581 868 suo
598 837 636 868 de
653 847 736 867 anno
753 837 898 878 computi
914 839 946 868 et
961 839 1071 878 postea
1087 837 1223 868 durante

169 883 336 916 voluntate
365 886 456 927 regis,
481 889 518 917 ut
540 889 630 927 patet
653 896 708 927 per
730 886 839 917 literas
863 896 937 917 suas
960 886 1020 917 sub
1044 886 1167 926 signeto
1190 889 1223 917 et

108 946 115 951 ·
169 934 403 975 subscriptione
433 935 473 967 de
503 939 652 977 precepto
677 939 709 967 et
739 935 819 966 dicti
841 935 1001 967 Johannis
1025 935 1063 966 de
1094 939 1222 976 recepto

169 986 311 1015 ostensas
335 995 429 1026 super
452 989 649 1026 computum,
672 985 711 1017 de
742 995 826 1017 anno
850 985 1001 1025 computi,
1024 985 1080 1025 xiij
1098 985 1131 1017 11.
1147 985 1179 1025 vj
1196 989 1220 1017 ἔ.

169 1033 226 1074 viij
243 1034 282 1072 d„
298 1038 331 1066 et
346 1034 517 1066 mandatur
540 1036 741 1076 computanti
764 1035 850 1076 quod
874 1035 1012 1076 amplius
1036 1045 1100 1066 non
1117 1035 1221 1066 solvat

167 1083 231 1114 nisi
246 1084 394 1117 ostendat
417 1095 538 1115 novum
562 1085 752 1116 mandatum
774 1085 995 1117 literatorium.
1041 1085 1084 1115 Et
1107 1085 1220 1122 eidem,

169 1143 227 1173 per
256 1133 453 1166 solucionem
483 1134 602 1165 factam
633 1137 855 1176 computorum
885 1134 1053 1165 rotulatori
1075 1134 1109 1165 in
1125 1134 1219 1166 certis

168 1183 280 1214 martis
304 1187 336 1216 et
359 1184 430 1215 aliis
454 1185 603 1225 expensis
627 1185 721 1216 factis
744 1185 778 1215 in
794 1184 958 1216 Faucland
981 1188 1014 1216 et
1034 1184 1161 1216 intratis
1184 1185 1219 1215 in
1232 1180 1396 1239 ἒιῇξιζὲξῖθῦῐῑ

168 1232 258 1264 111)1·18
281 1233 435 1265 domicilii
465 1234 556 1275 regis,
580 1245 602 1264 x
618 1234 650 1265 fi.
674 1245 696 1265 x
712 1238 735 1265 s.
751 1234 774 1275 ij
791 1234 830 1272 d„
853 1244 911 1275 pro
942 1235 1059 1276 quibus
1090 1245 1218 1275 respon·
1231 1240 1351 1263 rotulator

168 1282 263 1314 debit.
309 1284 351 1314 Et
363 1284 474 1320 eidem,
485 1294 542 1325 pro
558 1283 681 1316 factura
693 1284 829 1315 duarum
839 1287 997 1315 metarum
1010 1288 1042 1315 et
1058 1284 1219 1316 erecoione

168 1335 326 1363 certarum
342 1333 507 1364 fovearum
524 1334 606 1365 circa
629 1337 758 1375 pratum
775 1333 813 1365 de
837 1334 863 1364 F
865 1333 1028 1370 auclande,
1041 1344 1061 1364 v
1077 1333 1110 1365 11.
1127 1343 1171 1364 xx
1186 1333 1216 1365 d.

167 1382 210 1413 Et
226 1382 338 1420 eidem,
354 1393 410 1424 per
425 1383 622 1415 solucionem
646 1384 764 1415 factam
786 1383 938 1424 magistro
953 1383 1061 1414 David
1085 1383 1220 1420 Guthre,

167 1435 388 1473 computorum
404 1433 578 1470 rotulatori,
598 1444 654 1475 pro
677 1433 771 1464 certis
787 1433 936 1474 expensis
959 1432 1052 1464 factis
1068 1433 1102 1463 in
1118 1433 1219 1463 Fauc-

165 1481 242 1512 land
264 1492 321 1523 per
336 1482 501 1514 dominum
525 1483 639 1514 ducem
662 1482 809 1520 Albanie‚
832 1482 982 1513 comitem
1005 1482 1044 1513 de
1066 1482 1164 1519 Marr,
1187 1485 1220 1513 et

167 1531 329 1563 dominam
360 1532 507 1570 Mariam,
530 1542 669 1564 sororem
692 1532 873 1569 eorundem,
896 1532 966 1573 ipso
996 1534 1219 1572 computorum

166 1581 339 1613 rotulatore
366 1583 489 1614 fatente
518 1586 683 1623 receptum
706 1592 802 1622 super
832 1584 1029 1623 computum,
1056 1580 1160 1622 j⁰xxvj
1184 1580 1217 1612 fi.

166 1631 198 1672 vj
215 1635 238 1662 ἔ.
254 1631 276 1672 ij
294 1631 323 1664 d,
341 1632 398 1669 ob„
414 1642 471 1673 pro
487 1632 604 1673 quibus
620 1631 834 1673 respondebit.
866 1632 924 1672 [To
936 1631 1007 1662 said
1019 1631 1218 1671 Comptroller

160 1681 217 1721 for
228 1681 397 1719 household,
413 1683 512 1713 260370
527 1683 590 1713 15s.
609 1682 673 1723 6d.]
718 1682 761 1712 Et
777 1681 889 1718 eidem,
899 1691 955 1723 pro
966 1681 1059 1712 certis
1069 1680 1217 1722 expensis

167 1730 259 1761 factis
269 1741 365 1772 super
376 1735 599 1773 computorum
611 1731 785 1763 rotulatore
796 1734 827 1762 et
838 1731 974 1762 dominis
987 1731 1149 1771 deputatis
1159 1740 1216 1771 pro

167 1780 370 1813 assedaoione
387 1784 543 1813 terrarum
559 1782 597 1813 de
620 1782 646 1813 F
647 1781 720 1822 yffe,
736 1784 768 1812 et
783 1791 840 1822 pro
863 1781 935 1812 aliis
951 1780 1100 1821 expensis
1123 1780 1216 1811 factis

166 1839 223 1870 per
245 1830 384 1861 eundem
398 1841 495 1872 super
507 1831 593 1862 dicto
609 1833 832 1871 computorum
848 1830 1022 1861 rotulatore
1038 1833 1070 1861 et
1085 1830 1216 1861 custode

166 1879 284 1920 privati
298 1879 399 1921 sigilli
422 1880 528 1913 missis
543 1890 601 1921 per
623 1880 790 1911 dominum
811 1890 917 1920 regem
940 1879 980 1911 ad
1004 1879 1215 1910 Sanctuman-

167 1928 283 1966 dream,
293 1930 492 1970 expectando
502 1930 535 1960 in
546 1929 710 1961 Faucland
722 1930 756 1959 in
769 1939 878 1960 eorum
889 1928 1027 1959 transitu
1038 1931 1070 1959 et
1080 1928 1216 1966 redditu,

165 1977 232 2018 xxij
263 1978 296 2010 fi.
327 1979 397 2019 xiiij
429 1983 452 2010 ἓ.
476 1979 532 2019 viij
560 1979 590 2011 d.
649 1979 692 2009 Et
718 1978 830 2015 eidem,
859 1988 917 2018 pro
944 1978 1038 2009 certis
1068 1978 1216 2018 expensis

166 2026 258 2059 factis
294 2037 351 2068 per
388 2031 629 2069 computantem
659 2037 755 2068 super
790 2027 936 2058 WValtero
974 2026 1216 2068 Skrymgeoure,

167 2075 206 2107 de
250 2077 401 2109 mandato
453 2078 574 2109 domini
626 2078 707 2118 regis
752 2076 927 2108 literatorio
972 2077 1032 2107 sub
1083 2077 1215 2117 signeto,

167 2128 204 2157 ut
249 2130 338 2167 patet
376 2138 434 2168 per
471 2127 574 2159 dictas
611 2127 720 2158 literas
758 2126 952 2167 subscriptas
997 2137 1095 2157 manu
1132 2127 1215 2168 regis

167 2178 308 2207 ostensas
338 2186 434 2218 super
457 2179 652 2217 computum,
679 2187 697 2207 a
723 2176 845 2207 decimo
872 2176 984 2216 quinto
1008 2176 1091 2207 Julii
1114 2186 1216 2217 usque

170 2225 204 2256 in
231 2226 316 2257 diem
339 2226 436 2268 hujus
464 2227 614 2268 computi,
636 2226 680 2267 xij
705 2225 737 2257 l'i.
761 2226 782 2267 ij
801 2230 822 2257 8.
847 2226 903 2266 viij
921 2225 949 2257 d.
995 2226 1038 2256 Et
1060 2235 1116 2267 per
1131 2225 1216 2257 solu-

1291 1641 1335 1664 Do.
