1551 2462
413 267 452 298 78
723 267 887 299 ROTULI
912 267 1148 300 SCACOARH
1370 271 1462 303 1461.

411 360 454 391 Et
484 360 622 391 Roberto
652 360 791 398 Hunter,
814 361 942 393 ostiario
968 361 1090 392 domini
1116 361 1207 402 regis,
1231 361 1269 392 de
1297 361 1396 392 firmis
1423 362 1462 393 (le

196 413 361 442 Respondebit
411 409 586 441 Balkerous
616 413 649 441 et
680 410 844 448 Camrone,
868 421 946 452 quas
978 411 1064 442 idem
1094 411 1253 442 Robertus
1285 411 1383 443 habet
1404 421 1462 452 pro

194 443 367 496 {isstslgffihriuffi
411 459 503 490 feodo
518 470 585 496 suo,
602 459 645 500 xij
660 459 690 490 li.
707 460 746 491 de
763 460 856 492 dictis
873 461 1026 497 terminis,
1042 471 1099 501 pro
1115 460 1232 501 quibus
1248 461 1461 501 respondebit.

411 509 453 540 Et
468 519 524 550 per
539 509 758 541 remissionem
775 510 892 541 factam
904 520 959 550 per
969 510 1132 541 dominam
1144 511 1286 552 reginam
1296 510 1461 542 Willelmo

411 559 535 590 Bonare
558 559 597 590 de
620 559 718 590 firmis
741 560 827 591 Aule
850 560 889 591 de
917 560 1020 601 Rossy
1036 570 1110 591 cum
1136 560 1253 601 quibus
1276 564 1461 601 compotans

410 609 556 649 superius
573 613 722 640 oneratur
737 609 906 650 superflue,
922 609 1053 640 custode
1075 609 1193 650 privati
1208 609 1306 650 sigilli
1322 612 1460 641 testante

410 658 636 693 remissionem,
653 658 691 689 de
707 658 810 689 tribus
826 659 971 690 terminis
988 659 1084 699 hujus
1107 659 1246 699 compoti
1269 661 1302 690 et
1324 659 1461 690 termino

409 708 597 748 precedente
620 708 680 739 hoc
707 712 898 749 compotum,
914 708 961 750 liij
986 713 1008 740 s.
1025 709 1071 750 iiij
1089 708 1119 741 d.
1164 709 1207 739 Et
1233 719 1290 749 pro
1313 708 1460 749 expensis

408 757 503 788 factis
519 757 553 788 in
569 761 671 789 castro
688 758 726 789 de
752 758 992 799 Ravynniscrag
1008 769 1064 799 per
1088 758 1255 790 dominum
1282 758 1460 790 Henricum

409 807 449 838 de
465 807 631 848 Kingorne
647 808 762 848 viginti
785 808 927 849 quinque
950 808 1072 846 diebus,
1095 808 1134 839 de
1158 808 1309 839 mandato
1333 808 1460 839 domine

409 857 524 898 regine,
551 858 682 889 custode
712 858 830 899 privati
860 858 958 899 sigilli
984 861 1124 890 testante
1149 858 1339 890 mandatum
1366 868 1462 899 super

410 910 602 947 compotum,
626 907 658 948 vj
685 906 717 938 fi.
745 908 801 948 viij
834 912 855 939 Ξ.
882 908 916 939 ix
946 908 976 940 d.
1021 908 1064 939 Et
1091 908 1204 945 eidem,
1226 918 1282 948 pro
1313 908 1461 948 expensis

410 956 537 988 domine
563 957 669 998 regine
694 957 818 988 duabus
848 958 995 988 noctibus
1025 957 1060 988 in
1090 957 1264 998 Wigtoune
1294 957 1399 988 eundo
1430 961 1463 988 et

409 1005 751 1047 revertendo,tempore
761 1007 1026 1048 peregrinacionis
1036 1006 1178 1047 ejusdem
1188 1016 1297 1037 versus
1309 1006 1461 1037 Sanctum

408 1055 596 1093 Ninianum,
619 1066 681 1096 que
713 1067 776 1087 non
807 1057 1012 1088 continentur
1038 1056 1073 1087 in
1098 1056 1188 1087 libris
1211 1056 1378 1093 dietarum,
1401 1056 1461 1086 sub

408 1105 520 1136 eodem
553 1106 746 1144 testimonio,
781 1106 825 1147 xij
865 1106 898 1138 fi.
931 1107 984 1147 xvj
1020 1105 1050 1138 d.
1105 1106 1148 1136 Et
1181 1115 1237 1146 per
1266 1105 1461 1137 solucionem

410 1155 526 1185 factam
551 1154 681 1186 domino
697 1155 881 1187 Alexandro
907 1157 1036 1197 Napare
1059 1156 1100 1187 ad
1126 1166 1282 1197 expensas
1307 1155 1461 1187 domicilii

409 1204 610 1235 dominorum
637 1205 719 1246 regis
746 1209 777 1236 et
805 1205 920 1246 regine,
936 1206 1005 1246 ipso
1031 1205 1150 1236 fatente
1175 1208 1339 1245 receptum
1365 1214 1461 1245 super
1491 1237 1493 1239 ,

408 1257 602 1294 compotum,
633 1265 677 1284 xx
706 1254 748 1292 ii„
779 1255 818 1286 de
849 1255 966 1296 quibus
997 1254 1136 1286 reddidit
1166 1258 1358 1295 compotum.
1419 1254 1461 1285 Et

194 1334 227 1356 1oe
291 1334 306 1356 d
321 1334 358 1356 m
409 1303 537 1334 domino
555 1304 695 1335 Heurico
710 1303 750 1335 de
766 1305 940 1345 Kingorne,
956 1305 1071 1335 fatenti
1086 1308 1250 1345 receptum
1266 1314 1361 1344 super
1376 1314 1460 1334 com-

193 1341 323 1393 Κῑιςιὲἓῖιιέ,
338 1341 346 1356 ²
409 1356 530 1393 potum,
543 1363 564 1383 x
580 1352 621 1390 fi„
631 1363 688 1393 pro
705 1354 821 1394 quibus
833 1353 1045 1394 respondebit.
1092 1353 1223 1384 Summa
1239 1363 1461 1393 expensarum,

413 1401 501 1442 vj⁰xx
514 1401 546 1432 fi.
564 1402 609 1442 xij
626 1406 649 1433 s.
667 1403 697 1443 vj
716 1403 745 1433 d.
791 1403 834 1433 Et
849 1403 894 1434 sic
909 1406 1032 1433 restant
1047 1402 1232 1443 vijclxxxvij
1249 1402 1282 1433 fi.
1298 1402 1354 1433 xix
1370 1407 1394 1434 ‘sl

455 1452 503 1483 De
519 1452 646 1492 quibus,
662 1452 796 1483 allocate
819 1452 1017 1492 compotanti
1040 1462 1096 1492 per
1123 1452 1318 1483 solucionem
1341 1452 1460 1483 factam

408 1500 493 1532 dicto
510 1501 637 1532 domino
654 1501 794 1532 Henrico
810 1501 849 1532 de
866 1502 1039 1542 Kingorne,
1055 1502 1238 1539 senescallo,
1250 1502 1289 1533 ad
1305 1512 1460 1542 expensas

339 1586 344 1591 ᾖ
409 1551 563 1582 domicilii
580 1551 707 1582 domine
722 1552 838 1592 regine,
853 1551 923 1592 ipso
943 1552 1064 1583 fatente
1087 1555 1248 1592 receptum
1265 1562 1360 1592 super
1375 1562 1458 1583 com-

192 1587 393 1646 ffiffiffffiggssne,
409 1604 537 1641 potum,·
556 1599 685 1641 j⁰lxxvij
717 1601 749 1632 11'.
781 1601 849 1641 xiiij
882 1601 911 1632 d.
939 1601 997 1638 ob„
1020 1611 1076 1642 pro
1099 1601 1216 1642 quibus
1246 1601 1458 1642 respondebit.

408 1651 450 1681 Et
465 1650 577 1687 eidem,
587 1660 643 1691 pro
660 1650 782 1681 factura
798 1650 872 1681 ostii
884 1651 918 1681 in
930 1660 1053 1681 camera
1069 1650 1175 1691 regine
1186 1650 1407 1681 descendentis
1418 1650 1458 1681 ad

407 1700 594 1731 viridarium
609 1700 643 1730 in
660 1698 833 1737 Faucland,
846 1700 995 1731 videlicet
1005 1700 1038 1730 in
1055 1700 1149 1737 calce,
1159 1700 1328 1741 lapidibus,
1338 1700 1458 1737 sabulo,

408 1750 574 1785 asseribus,
594 1749 700 1786 clavis,
724 1749 824 1780 feodis
846 1749 1038 1780 latamorum
1061 1753 1094 1780 et
1117 1749 1396 1790 carpentariorum,
1421 1753 1459 1780 ut

408 1803 498 1840 patet
513 1799 546 1829 in
563 1798 676 1830 cedula
688 1800 900 1839 compotantis
915 1798 1149 1839 particulariter
1164 1799 1347 1830 examinata
1363 1809 1459 1840 super

409 1852 600 1890 compotum,
617 1848 695 1879 xxix
711 1852 734 1880 s.
751 1849 806 1889 viij
824 1849 852 1880 d.
898 1849 941 1879 Et
963 1849 1076 1886 eidem,
1091 1859 1148 1890 pro
1164 1848 1366 1880 edificacione
1382 1848 1458 1879 novi

408 1898 527 1930 stabuli
558 1898 591 1929 in
618 1898 759 1929 manerio
789 1898 828 1929 de
858 1898 1022 1929 Faucland
1052 1899 1136 1929 intra
1165 1901 1281 1939 portas,
1307 1899 1458 1930 videlicet

407 1948 577 1989 lapidibus,
593 1947 687 1985 calce,
702 1947 780 1984 luto,
796 1947 916 1985 sabulo,
931 1947 1035 1988 lignis,
1051 1948 1217 1985 asseribus,
1229 1948 1319 1985 ferro,
1335 1951 1458 1980 tectura

408 1998 486 2029 dicti
502 1997 629 2035 stabuli,
646 1997 733 2034 ceris,
749 1997 902 2034 clavibus,
917 1997 1085 2037 stipendiis
1109 1998 1309 2036 latamorum,
1326 2008 1456 2039 carpen-

408 2047 569 2083 tariorum,
580 2046 832 2084 architectorum,
845 2050 877 2078 et
889 2047 1060 2078 eorundem
1077 2048 1299 2085 serviencium,
1314 2051 1351 2079 ut
1367 2050 1457 2088 patet

408 2097 441 2127 in
458 2096 570 2128 cedula
586 2097 797 2137 compotantis
813 2097 1047 2138 particulariter
1063 2097 1246 2129 examinata
1260 2108 1356 2138 super
1371 2108 1456 2129 com-

408 2150 520 2187 potum
536 2150 568 2177 et
584 2149 766 2178 remanente
782 2157 855 2178 cum
871 2146 1001 2178 custode
1016 2147 1134 2188 privati
1155 2147 1262 2188 sigilli,
1277 2147 1331 2188 xvj
1349 2146 1381 2179 n.
1397 2147 1418 2188 ij
1432 2151 1456 2178 s.

409 2196 451 2236 vij
479 2196 507 2227 d.
554 2197 595 2227 Et
620 2196 732 2233 eidem,
755 2207 811 2237 pro
838 2196 1041 2228 edificacione
1069 2197 1236 2238 eujusdam
1263 2197 1376 2228 domus
1399 2206 1456 2238 pro

1538 1422 1551 1608 ”affl-„nana
1544 1390 1551 1405 ι-
1548 1361 1551 1379 ⁴.
1548 1334 1551 1347 .„
