1551 2462
389 302 449 331 526
694 302 858 334 ROTULI
882 303 1120 335 SCACCARII
1351 307 1442 336 1468.
1510 308 1515 310 “

388 393 506 425 factam
529 405 586 436 per
601 395 769 427 dominum
791 406 898 438 regem
913 397 1079 428 Willelmo
1103 397 1217 439 Hei-vy
1233 397 1272 429 de
1289 397 1441 429 811181818-
1504 419 1506 422 >

387 448 495 476 mento
522 445 557 476 in
583 456 646 486 quo
674 446 876 486 adjudicatus
901 450 968 478 erat
992 450 1067 478 ante
1094 447 1154 478 hoo
1179 450 1377 488 computum,
1403 450 1441 479 ut

387 497 477 535 patet
506 504 564 536 per
590 496 691 527 dictas
715 496 823 527 h'teras
847 499 990 528 ostensas
1015 507 1111 538 super
1137 500 1334 538 computum,
1364 508 1385 527 x
1416 501 1439 528 ἔ.

388 544 520 576 Summa
543 555 765 586 expensarum,
788 546 837 587 iijc
853 547 952 587 xxxvj
977 546 1008 577 11.
1033 547 1065 588 vj
1090 551 1112 578 ἔ.
1131 547 1197 588 xvij
1223 547 1339 588 bowky
1362 547 1439 588 xxvj

387 595 526 636 fogmart
541 599 574 627 et
596 596 748 627 fulemart
763 596 813 627 Vxx
829 597 909 638 agni.
970 597 1013 628 Et
1036 598 1082 628 sio
1097 600 1221 629 restant
1235 596 1272 638 ij⁰
1287 597 1438 638 lxxxxiiij

387 644 418 676 ri.
436 655 479 676 xv
495 649 518 676 ἔ.
536 645 591 686 viij
609 645 637 677 d.
652 646 665 687 j
682 646 820 687 fogmart
831 647 844 687 3
863 646 1015 678 fulemarb
1026 646 1054 688 3ο
1069 647 1127 678 lxx
1143 647 1224 689 agni.

171 745 293 776 Warda
308 745 346 777 de
430 745 750 786 Computum‘David
767 744 850 783 Seot,
866 746 1003 777 cursoris
1019 746 1123 777 warde
1139 746 1179 778 de
1195 745 1307 784 Etbric,
1324 746 1440 787 [Edin-

172 789 283 821 Ettrie.
387 795 492 834 bzwqh,
508 796 552 826 22
567 795 651 825 sze
667 796 762 833 1468,
770 796 859 836 from
875 796 918 826 19
933 796 1017 826 June
1033 796 1127 834 1467.

433 845 557 884 Okarye.
603 844 750 881 Arrears,
765 845 864 882 ,8143
879 846 921 876 Os,
937 844 1049 887 low]

431 894 524 931 Item,
539 893 626 924 idem
652 896 764 924 onerat>
790 903 823 924 se
849 893 889 925 (18
914 894 945 934 vj
971 894 1003 924 11
1025 894 1038 935 3
1065 894 1211 925 bowkow
1230 894 1243 934 3
1268 894 1406 936 fogmart
1425 893 1438 935 3
1482 923 1484 925 ,

385 944 538 975 fulemarb
558 954 603 974 xx
628 943 717 984 agnis
744 943 783 974 de
807 943 907 974 firmis
927 943 989 975 1081
1010 943 1048 975 (18
1072 944 1270 975 Brademedo
1294 944 1333 975 de
1356 944 1441 975 dicta
1500 944 1509 973 ’.

388 994 494 1025 warda
509 993 548 1025 de
564 994 689 1025 duobus
710 993 856 1025 terminis
879 993 976 1034 hujus
999 994 1150 1035 computi
1196 993 1239 1025 Ee
1261 994 1300 1025 de
1324 994 1355 1034 vj
1372 993 1410 1025 hs
1425 993 1439 1034 j
1472 1004 1476 1006 ’
1500 1024 1503 1033 ,

386 1044 533 1075 bowkow
550 1044 564 1084 3
591 1044 727 1085 fogmart
753 1043 766 1084 3
792 1043 944 1074 fulemart
969 1054 1015 1074 xx
1038 1045 1129 1085 agnis
1153 1044 1192 1075 de
1215 1044 1317 1075 firmis
1340 1043 1439 1075 medii
1496 1054 1506 1062 ²

385 1093 448 1125 loci
471 1093 510 1125 de
533 1093 671 1125 Fauside
689 1093 728 1125 de
744 1093 838 1124 dictis
854 1093 1009 1125 terminis.
1054 1094 1097 1125 Et
1113 1093 1152 1125 de
1169 1094 1199 1134 vj
1216 1093 1248 1125 fi.
1262 1094 1274 1135 3
1293 1094 1438 1126 bowkow
1496 1095 1505 1107 ³

387 1154 431 1174 xx
457 1143 547 1185 agnis
574 1143 614 1174 de
643 1143 743 1174 firmis
773 1142 837 1174 loci
866 1143 905 1174 (18
935 1142 1114 1175 Harehede.
1171 1143 1214 1174 Et
1244 1143 1283 1174 de
1309 1143 1341 1184 vj
1367 1143 1400 1175 fi.
1423 1143 1438 1184 j
1500 1154 1502 1156 ’

386 1193 533 1225 bowkow
555 1203 600 1223 xx
623 1193 713 1234 agnis
738 1192 777 1224 de
801 1192 901 1223 firmis
928 1192 991 1224 loci
1014 1193 1053 1224 de
1078 1193 1230 1235 Hanyng.
1286 1193 1329 1224 Et
1352 1193 1391 1225 de
1406 1193 1439 1234 vj

385 1243 416 1274 fi.
439 1243 452 1284 j
481 1243 623 1275 bowkow
651 1238 696 1273 xx
718 1242 808 1284 agnis
831 1243 871 1273 de
894 1243 993 1274 firmis
1014 1242 1077 1274 loci
1103 1243 1142 1274 de
1172 1243 1438 1274 Hartwodbume„
1497 1278 1500 1282 A

386 1293 428 1324 Et
451 1293 490 1324 de
513 1293 546 1333 vj
567 1292 626 1333 hij
652 1293 797 1324 bowkow
816 1293 828 1333 j
855 1293 992 1333 fogmart
1011 1293 1024 1333 3
1049 1293 1202 1324 fulemart
1224 1304 1268 1324 xx
1289 1293 1379 1335 agnis
1400 1292 1440 1324 (18
1504 1323 1506 1325 ,

385 1342 486 1373 firmis
510 1342 609 1373 medii
630 1342 693 1373 loci
718 1342 757 1373 de
780 1342 944 1374 Hartwod.
998 1342 1042 1373 Et
1064 1343 1103 1374 de
1119 1343 1151 1384 vj
1175 1343 1208 1375 11.
1228 1343 1241 1384 3
1266 1343 1411 1374 bowkow
1423 1342 1437 1383 j

384 1393 523 1433 fogmart
543 1393 556 1433 3
579 1392 731 1423 fulemart
754 1402 798 1423 xx
821 1392 910 1433 agnis
934 1392 973 1423 (18
995 1392 1096 1424 firmis
1119 1392 1182 1424 loci
1202 1393 1242 1424 de
1256 1392 1439 1425 Weststede

385 1442 537 1483 ejusdem.
583 1442 626 1473 Et
649 1442 688 1473 (18
712 1442 743 1482 vj
766 1441 798 1472 11.
817 1442 830 1482 3
847 1441 992 1473 bowkow
1014 1452 1059 1472 xx
1082 1442 1172 1483 agnis
1193 1443 1232 1474 de
1255 1443 1355 1474 firmis
1377 1442 1439 1474 loci
1496 1454 1507 1482 ‚j

385 1492 425 1523 de
448 1491 600 1524 Akewod.
647 1492 690 1522 Et
712 1491 751 1522 de
768 1491 799 1532 vj
816 1491 849 1522 fi.
862 1491 875 1531 3
893 1491 1038 1522 bowkow
1053 1491 1066 1532 3
1091 1491 1230 1533 fogmart
1248 1492 1261 1533 3
1287 1492 1438 1524 fulemarb
1490 1491 1508 1506 ‘'

385 1552 429 1572 xx
445 1541 536 1582 agnis
552 1541 591 1572 de
607 1541 707 1572 firmis
725 1541 788 1572 1001
811 1541 850 1572 (18
871 1541 1005 1572 Huntle.
1051 1541 1094 1571 Et,
1109 1541 1148 1572 de
1164 1541 1195 1582 vj
1217 1541 1249 1572 fi.
1263 1542 1276 1582 j
1293 1542 1438 1577 bowkow

381 1591 395 1632 3
414 1591 551 1632 fogmart
571 1591 584 1632 3
609 1590 760 1621 fulemart,
776 1601 820 1621 xx
837 1590 926 1631 agnis
949 1590 989 1621 de
1012 1591 1112 1622 firmis
1135 1591 1299 1622 orientalis
1321 1591 1440 1623 locide

384 1640 577 1674 Warmwxod.
623 1640 667 1671 Et
689 1640 728 1671 (18
747 1640 778 1680 vj
803 1639 862 1680 113
887 1640 1032 1671 bowkow
1052 1640 1064 1680 j
1090 1640 1228 1681 fogmart
1247 1641 1260 1682 3
1285 1641 1438 1672 fulemart

384 1701 429 1721 xx
455 1690 544 1731 agnis
576 1690 615 1720 de
640 1689 739 1720 firmis
766 1689 829 1720 loci
858 1689 898 1720 de
928 1689 1132 1721 Filcherside.
1187 1690 1230 1721 Et
1253 1690 1291 1722 de
1315 1691 1346 1731 vj
1370 1691 1402 1722 fi.
1422 1691 1436 1732 j

355 1735 364 1739 χ
385 1740 530 1772 bowkow
550 1739 563 1780 3
587 1739 726 1780 fogmart
752 1739 765 1779 3
793 1738 945 1770 fulemart
974 1749 1019 1769 xx
1049 1739 1140 1780 agnis
1163 1739 1203 1770 de
1226 1740 1374 1772 Eststede
1397 1741 1438 1772 (18

384 1790 545 1831 Langhop.
600 1789 644 1820 Et
667 1788 705 1819 de
728 1788 773 1829 xij
799 1788 830 1819 fi.
855 1788 877 1829 ij
903 1788 1019 1829 bowky
1043 1789 1055 1830 3
1084 1789 1221 1830 fogmart
1243 1789 1256 1829 3
1285 1790 1437 1822 fulemart

385 1840 419 1871 xl
442 1839 532 1881 agnis
556 1838 595 1870 de
617 1838 717 1869 firmis
741 1838 878 1869 duorum
900 1837 1043 1869 locorum
1066 1838 1105 1869 de
1126 1838 1286 1880 Langhop.
1332 1840 1376 1871 Et
1397 1839 1436 1871 de

384 1891 415 1931 vj
439 1890 471 1920 fi.
492 1890 505 1930 3
530 1889 673 1920 bowkow
694 1888 707 1928 3
733 1888 870 1929 fogmart
889 1888 902 1928 3
928 1888 1079 1919 fulemart
1102 1899 1146 1919 xx
1170 1888 1259 1929 aguis
1275 1888 1314 1920 de
1337 1889 1436 1920 firmis
1502 1883 1506 1885 ⁸

383 1938 547 1971 orienbalis
562 1938 625 1969 loci
640 1938 679 1969 de
695 1937 879 1968 Gildhouse.
926 1937 969 1968 Et
984 1937 1023 1968 (18
1046 1937 1077 1978 vj
1095 1937 1126 1968 11.
1140 1937 1153 1978 3
1177 1937 1346 1979 bowkowj
1370 1938 1436 1979 fog-
1469 1948 1474 1963 0
1500 1932 1508 1974 ,”

383 1992 467 2020 mart
486 1989 499 2029 3
524 1987 677 2019 fulemarb
701 1997 744 2017 xx
772 1987 862 2027 agnis
884 1985 924 2017 de
950 1986 1051 2017 firmis
1077 1986 1176 2017 medii
1198 1986 1260 2018 loci
1283 1987 1322 2018 de
1346 1987 1436 2019 Gssd-
1492 1999 1504 2030 j

382 2039 490 2070 house.
528 2038 571 2068 Et
587 2037 625 2068 de
640 2037 672 2078 vj
686 2037 717 2067 11.
728 2037 741 2077 3
755 2036 899 2067 bowkow
911 2036 924 2077 3
943 2036 1080 2077 fogmart
1092 2037 1105 2077 j
1120 2036 1271 2068 fulemart
1287 2047 1331 2068 xx
1346 2037 1435 2078 agnis
1494 2042 1504 2046 “

383 2088 423 2119 de
438 2087 538 2118 firmis
553 2085 759 2118 occidentalis
774 2085 836 2117 1001
859 2085 898 2117 (18
915 2085 1098 2117 Gildhouse.
1143 2086 1186 2117 Et
1201 2086 1240 2117 (18
1256 2086 1335 2127 xviij
1352 2086 1383 2117 fi.
1400 2086 1433 2127 iij
1492 2078 1501 2087 “

383 2137 501 2177 bowky
516 2136 549 2177 113
576 2135 740 2177 fogmartis
761 2135 794 2175 113
813 2135 991 2166 fulemartis
1007 2135 1046 2166 de
1062 2135 1162 2166 firmis
1178 2135 1277 2166 trium
1293 2136 1435 2167 locorum
1499 2145 1504 2150 ·

383 2186 423 2218 de
439 2186 627 2217 Redefurde.
673 2185 716 2216 Et
732 2185 770 2216 de
787 2185 833 2225 xij
849 2184 881 2216 fi.
898 2185 919 2225 ij
945 2184 1061 2226 bowky
1073 2185 1086 2225 3
1105 2185 1241 2225 fogmart
1252 2185 1265 2225 3
1284 2185 1434 2217 fulemart

383 2236 423 2268 de
446 2236 546 2267 firmis
569 2235 705 2266 duorum
728 2234 869 2266 locorum
888 2233 926 2266 de
950 2234 1135 2266 Dalloriane
1159 2238 1191 2265 et
1214 2235 1438 2276 Wardleshop:
1504 2238 1507 2242 “
