1551 2462
333 263 372 292 68
632 258 808 289 'ROTULI
833 258 1069 290 SCACCARII
1291 260 1382 288 1461.

331 353 441 385 totalis
459 352 560 384 farine
573 351 747 388 avenatice,
762 351 785 391 lj
803 350 908 382 eeldre
925 351 969 392 xij
987 350 1079 383 boile.
1127 351 1259 382 Summa
1275 350 1383 382 totalis

332 412 515 440 avenarum,
530 401 566 432 lx
582 401 695 432 eeldre.

375 453 523 493 Expense
550 451 700 492 ejusdem.
747 451 788 481 In
811 450 932 491 primis,
948 450 1083 491 aliocate
1106 450 1304 491 compotanti
1328 460 1385 491 per

331 501 558 533 liberacionem
574 501 691 531 factam
708 500 880 541 pistoribus
904 500 1106 530 dominorum
1127 499 1210 540 regis
1228 503 1262 531 et
1277 499 1384 541 regine

332 555 365 582 et
380 551 499 582 intrate
520 551 554 581 in
576 550 667 581 libris
683 550 806 581 duobus
830 549 989 580 dietarum
1012 549 1053 580 ad
1068 549 1161 586 intra,
1177 552 1214 579 ut
1237 552 1326 590 patet
1349 549 1383 579 in

331 601 461 637 eisdem,
477 610 495 631 a
512 600 614 641 primo
631 599 826 640 Septembris
846 598 923 629 anni
945 602 1004 630 eto.
1027 598 1216 639 sexagesimi
1232 608 1334 639 usque
1350 598 1383 628 in

332 651 417 682 diem
439 650 536 690 hujus
560 649 708 690 compoti,
731 649 762 689 vj
788 648 899 679 eeldre.
945 648 988 679 Et
1010 648 1145 679 liberate
1168 648 1206 679 de
1230 648 1382 679 mandato

332 700 459 731 domine
475 699 581 740 regine
598 699 727 730 domino
743 698 885 729 Henrieo
901 698 940 729 de
963 698 1140 739 Kingorne,
1160 697 1229 738 ipso
1246 700 1384 728 testante

331 749 530 788 mandatum,
546 749 585 779 ad
600 747 826 779 seminandum
850 747 885 778 in
908 747 1038 788 grangia
1061 747 1168 787 regine
1191 747 1230 778 de
1247 746 1383 783 Quenis-

332 799 456 836 halehe,
472 809 492 829 x
508 798 600 829 boile.
647 798 690 828 Et
701 797 881 838 Margarete
898 795 1012 828 Schaw
1024 797 1145 838 jacenti
1161 796 1194 827 in
1207 796 1385 837 puerperio,

332 849 372 880 de
387 848 538 879 mandato
548 847 675 878 domine
687 846 804 887 regine,
819 846 841 886 ij
857 846 948 877 bolle.
985 846 1116 877 Summa
1129 846 1227 886 hujus
1237 855 1385 886 expense,

332 898 364 939 vj
378 897 482 929 eeldre
505 896 550 937 xij
574 896 666 928 bolle.
713 896 754 927 Et
784 896 828 926 sie
851 899 973 927 restant
992 896 1004 936 j
1030 895 1136 927 celdra
1159 895 1205 935 iiij
1230 895 1323 932 boile,
1345 895 1385 926 de

332 948 450 989 quibus
479 950 602 978 restant
633 946 668 976 iu
697 946 847 976 manibus
883 945 1123 976 husbandorum
1152 944 1385 986 recuperabiles

332 998 388 1037 viij
406 997 497 1028 boile.
543 997 594 1027 De
609 996 736 1027 residuo
753 996 901 1027 nescitur.

376 1047 525 1087 Expense
546 1045 652 1076 brasii.
699 1045 740 1076 In
762 1044 883 1085 primis,
902 1044 1037 1076 allocate
1060 1044 1164 1075 eidem
1187 1043 1383 1085 compotanti

332 1106 389 1137 per
403 1094 630 1126 liberaeionem
646 1094 764 1125 factam
783 1093 1008 1124 brasiatoribus
1031 1093 1232 1124 dominorum
1255 1093 1337 1134 regis
1353 1096 1386 1124 et

332 1145 441 1186 regine
464 1147 497 1175 et
519 1143 637 1174 intrate
660 1143 695 1173 in
718 1142 843 1173 duobus
866 1142 956 1173 libris
979 1142 1137 1173 dietarum
1162 1142 1202 1173 ad
1232 1142 1326 1180 intra,
1348 1145 1386 1173 ut

332 1197 422 1236 patet
436 1194 471 1225 in
487 1193 607 1225 eisdem
628 1203 647 1224 a
669 1192 772 1234 primo
797 1192 992 1233 Septembris
1016 1192 1092 1223 anni
1115 1195 1172 1223 etc.
1196 1192 1384 1233 sexagesimi

332 1254 435 1285 usque
461 1244 495 1274 in
522 1243 607 1274 diem
631 1242 728 1283 hujus
754 1242 902 1283 compoti,
927 1242 1005 1283 xxxj
1034 1242 1138 1274 eeldre
1160 1253 1182 1273 x
1206 1242 1297 1274 boue.
1342 1242 1386 1273 Et

333 1293 407 1325 date
430 1293 610 1333 Margarete
642 1291 755 1322 Schaw
773 1291 894 1331 jacenti
916 1291 950 1322 in
973 1291 1149 1332 puerperio,
1172 1290 1211 1323 de
1234 1291 1385 1322 mandato

333 1342 462 1374 domine
488 1341 605 1382 regine,
632 1341 653 1381 ij
683 1340 774 1371 bolle.
821 1341 863 1371 Et
888 1340 961 1371 date
985 1340 1161 1372 husbandis
1183 1340 1223 1371 de
1246 1340 1385 1382 Brigend

332 1402 389 1433 pro
405 1391 513 1433 granis
530 1401 640 1421 eorum
656 1390 827 1421 destruetis
850 1400 908 1430 per
930 1400 1028 1430 equos
1043 1390 1151 1431 regine
1167 1390 1335 1421 existentis
1350 1391 1385 1422 in

332 1441 561 1472 venacionibus
571 1439 656 1480 apud
672 1439 904 1480 Glenfinglask,
918 1439 956 1470 de
967 1439 1118 1470 mandato
1129 1439 1257 1471 domine
1269 1440 1386 1481 regine,

332 1495 428 1532 prout
443 1490 521 1521 fides
538 1490 622 1520 facta
646 1489 709 1519 fuit
732 1499 827 1529 super
843 1493 1036 1529 compotum,
1051 1489 1098 1529 iiij
1116 1489 1207 1521 bolle.
1254 1490 1387 1521 Summa

332 1541 429 1581 hujus
456 1549 602 1580 expense,
620 1539 709 1579 xxxij
737 1538 847 1569 eeldre.
894 1539 937 1569 Et
964 1538 1010 1569 sie
1039 1542 1162 1570 restent
1193 1539 1248 1580 viij
1280 1539 1386 1570 eeldre

333 1590 402 1631 xiiij
429 1589 521 1626 boile,
549 1588 588 1619 de
615 1588 732 1628 quibus
759 1591 882 1619 restant
908 1588 942 1618 in
967 1588 1115 1619 manibus
1145 1588 1384 1620 husbandorum

333 1638 567 1680 recuperabiies
583 1637 616 1678 iij
635 1637 739 1668 eeldre
756 1637 800 1678 xij
818 1637 909 1668 bolle.

377 1689 525 1729 Expense
541 1697 724 1718 avenarum.
770 1687 811 1717 Iu
834 1687 955 1728 primis,
974 1686 1108 1718 allocate
1121 1688 1317 1728 compotanti
1329 1698 1386 1729 per

332 1738 557 1769 liberacionem
578 1737 696 1767 factam
719 1735 873 1776 magistro
897 1736 1004 1767 avarie
1028 1736 1231 1768 dominorum
1254 1737 1335 1778 regis
1352 1741 1385 1768 et

332 1788 440 1829 regine
471 1790 503 1818 et
533 1786 652 1817 intrate
681 1785 716 1816 in
748 1785 872 1816 duobus
902 1785 994 1817 libris
1030 1786 1187 1818 dietarum
1219 1786 1259 1818 ad
1290 1787 1385 1823 intra,

331 1842 369 1869 ut
384 1840 473 1878 patet
488 1837 522 1867 in
546 1836 675 1872 eisdem,
691 1845 709 1866 a
731 1835 835 1876 primo
859 1835 1054 1876 Septembris
1077 1837 1153 1867 anni
1176 1840 1236 1868 ete.
1255 1847 1384 1877 sexage-

331 1888 405 1919 simi
421 1897 522 1928 usque
538 1886 573 1916 in
596 1885 681 1916 diem
704 1884 803 1925 hujus
826 1886 973 1926 compoti,
997 1886 1052 1926 lvij
1077 1886 1181 1917 eeldre
1197 1886 1242 1926 xij
1261 1886 1344 1917 bolle
1360 1886 1382 1926 ij

332 1937 454 1968 ferlote.
500 1936 633 1967 Summa
656 1934 752 1974 hujus
776 1944 914 1974 expense
942 1938 1037 1976 patet.
1083 1935 1126 1966 Et
1149 1936 1194 1967 sic
1216 1939 1338 1967 restant
1360 1935 1382 1976 ij

331 1987 434 2018 eeldre
449 1986 483 2026 iij
502 1984 585 2016 bolle
600 1984 622 2024 ij
641 1983 753 2015 ferlote
769 1993 950 2016 avenarum.

374 2036 523 2076 Expense
551 2033 651 2064 farine
683 2032 854 2064 avenatice.
914 2033 954 2063 In
986 2033 1107 2074 primis,
1138 2033 1271 2065 allooate
1298 2044 1383 2065 com-

330 2085 457 2126 potanti
473 2094 529 2125 per
552 2083 746 2114 solucionem
772 2082 890 2114 factam
914 2082 1064 2123 vigilibus
1087 2087 1120 2114 et
1139 2083 1272 2124 janitori
1288 2084 1383 2115 castri

331 2136 370 2166 de
388 2135 503 2165 Doune
520 2144 576 2174 pro
587 2132 687 2163 feodis
703 2132 769 2163 suis
785 2131 823 2162 de
840 2132 964 2163 duobus
974 2133 1067 2164 annis
1079 2133 1176 2173 hujus
1186 2133 1334 2174 compoti,
1349 2133 1381 2174 vj

330 2184 443 2216 eeldre.
490 2184 532 2214 Et
548 2182 672 2214 custodi
688 2182 773 2223 prati
789 2181 827 2213 de
844 2182 958 2214 Doune
974 2192 1031 2223 pro
1048 2182 1139 2214 feodo
1155 2193 1212 2214 suo
1228 2183 1266 2214 de
1279 2183 1382 2224 primo
