1551 2462
398 263 438 292 48
711 261 875 294 ROTULI
900 261 1136 293 SCACCARH
1359 262 1451 294 1461.

397 365 537 386 unacum
568 364 676 386 annuo
698 354 826 386 redditu
849 355 992 396 quinque
1023 355 1199 386 solidorum
1227 355 1265 386 de
1293 355 1447 386 Fedlaris-

398 405 480 435 croft
510 407 543 436 et
566 405 845 446 Lambertisyarde
868 404 907 435 de
931 414 1014 435 anno
1037 404 1135 445 hujus
1159 405 1306 445 compoti.
1351 405 1394 435 Et
1410 405 1449 437 de

397 465 419 485 x
434 454 466 485 lj'„
484 454 540 495 xiij
558 458 581 486 ἔ.
599 454 644 495 111]
669 454 699 485 d.
715 465 772 495 per
794 454 934 496 integras
957 455 1065 485 firmas
1088 458 1246 485 terrarum
1269 455 1308 486 de
1323 454 1354 486 18
1370 455 1449 486 Wra

397 504 436 535 de
463 514 547 535 anno
573 504 721 545 compoti.
766 504 808 535 Et
833 504 872 535 de
898 515 943 535 xx
969 504 1001 535 11.
1026 514 1084 546 per
1109 504 1250 545 integras
1274 505 1382 535 firmas
1409 504 1449 536 de

397 554 590 586 Houstoune
620 554 704 585 infra
727 554 892 585 baroniam
915 555 955 585 de
978 554 1133 585 Strabrok
1163 555 1202 586 de
1240 565 1325 586 anno
1363 565 1449 586 com-

397 604 473 645 poni.
519 604 562 634 Et
589 604 628 635 de
655 604 712 645 xiij
751 604 782 635 11.
812 604 844 645 ν]
868 608 891 636 s.
917 604 972 645 viij
1011 604 1041 636 d.
1064 615 1121 645 per
1157 605 1298 646 integras
1342 605 1450 637 firmas

396 654 575 686 mediarum
620 657 777 685 terrarum
817 654 1061 686 dominicalium
1099 654 1138 685 de
1180 655 1372 686 Houstoune
1410 654 1450 685 de

397 704 508 735 eodem
525 714 617 735 anno.
663 703 705 734 Et
721 703 760 734 de
781 714 802 734 x
825 703 858 735 11.
881 714 937 744 per
952 704 1093 745 integras
1110 704 1217 736 firmas
1237 708 1394 735 terrarum
1411 704 1450 736 de

397 753 543 784 Kirkhill
559 753 703 793 ejusdem
726 753 862 784 dominii
884 753 923 784 de
946 753 1140 785 Houstoune
1163 753 1201 785 de
1226 754 1335 785 eodem
1357 764 1450 786 anno.

396 805 439 835 Et
466 804 505 835 (18
532 803 579 844 111]
605 807 628 834 s.
654 803 701 843 iiij
733 803 762 834 d.
794 803 833 834 de
863 803 1048 834 molendino
1079 803 1224 844 ejusdem
1249 803 1382 834 dominii
1410 803 1450 835 de

396 854 589 885 Houstoune
606 853 645 884 de
669 853 754 884 dicto
778 863 870 885 anno.
915 854 959 884 Et
975 853 1015 884 de
1037 853 1082 894 vij
1108 857 1130 884 s.
1153 854 1185 894 vj
1203 853 1232 885 d.
1249 853 1287 885 de
1305 854 1448 895 quinque

396 904 477 935 88118
503 903 700 944 cotagiorum
727 902 806 933 dicti
833 902 968 934 dominii
999 903 1038 933 de
1065 903 1177 934 eodem
1204 913 1296 934 anno.
1341 903 1385 934 Et
1409 903 1449 934 de

395 954 429 995 iij
457 953 490 984 ri.
516 953 547 993 vj
574 957 596 984 s.
624 953 678 993 viij
708 952 737 983 d.
764 952 803 983 de
828 952 929 983 firmis
952 952 1131 984 molendini
1156 953 1283 984 noviter
1307 952 1449 984 edificati

395 1013 493 1044 prope
519 1002 697 1043 Linlithqw
722 1002 761 1033 de
788 1002 900 1033 eodem
926 1012 1017 1034 anno.
1074 1003 1117 1033 Et
1144 1002 1183 1033 de
1207 1002 1264 1043 xiij
1292 1007 1315 1034 8.
1343 1002 1390 1043 111]
1417 1003 1446 1035 d.

396 1053 435 1084 de
465 1053 565 1084 firmis
595 1053 680 1093 prati
710 1052 749 1083 de
787 1052 942 1083 Kincavil
979 1052 1018 1083 de
1057 1052 1168 1083 eodem
1199 1062 1291 1084 anno.
1336 1053 1379 1084 Et
1409 1053 1449 1085 de

395 1113 439 1134 xx
469 1102 501 1133 11.
533 1102 572 1133 (18
602 1102 703 1133 firmis
734 1105 891 1133 terrarum
925 1102 964 1133 de
994 1102 1153 1133 Mannuel
1184 1102 1223 1133 de
1254 1103 1449 1143 proprietate

395 1153 523 1184 domine
539 1152 647 1193 regine
663 1151 702 1183 de
719 1152 828 1183 eodem
854 1162 945 1183 anno.
991 1152 1035 1183 Et
1058 1151 1097 1182 de
1112 1151 1148 1182 xl
1162 1154 1187 1183 s.
1206 1162 1227 1182 v
1243 1152 1272 1183 d.
1289 1156 1448 1184 certarum

395 1206 552 1234 terrarum
568 1202 608 1233 de
625 1201 782 1233 Mannuel
805 1201 1019 1232 existeneium
1042 1201 1077 1232 in
1093 1201 1199 1232 warda
1220 1201 1305 1233 dicte
1320 1202 1449 1233 domine
1468 1230 1471 1231 γ
1530 1219 1531 1222 =

395 1253 502 1293 regine
518 1252 557 1282 de
574 1251 684 1283 eodem
700 1261 791 1282 anno.
837 1251 880 1283 Et
896 1251 935 1282 de
952 1251 986 1282 xl
998 1255 1022 1283 8.
1038 1250 1077 1282 (18
1088 1251 1187 1282 firmis
1201 1251 1240 1282 de
1255 1250 1286 1282 18
1302 1251 1448 1283 Colhuch

394 1302 434 1333 de
458 1301 594 1333 termino
620 1301 847 1332 Penthecostes
874 1301 959 1332 infra
985 1300 1045 1331 1108
1073 1300 1266 1341 compotum,
1292 1304 1324 1332 et
1347 1301 1449 1332 nichil

394 1352 491 1383 solvit
506 1352 541 1382 111
564 1351 646 1382 festo
670 1351 780 1382 Sancti
795 1351 932 1382 Martini
954 1350 1070 1381 ultimo
1086 1350 1203 1391 elapso,
1217 1351 1293 1391 quia
1308 1361 1366 1391 per
1388 1351 1449 1382 hoc

394 1401 566 1433 terminum
589 1404 718 1432 vasbum
742 1403 817 1431 erat.
863 1400 995 1431 Summa
1018 1400 1216 1431 oneraeionis
1239 1400 1349 1432 totalis
1372 1411 1447 1432 curn

394 1450 570 1491 arreragiis,
582 1449 678 1490 j⁰lxxj
696 1449 728 1481 11.
745 1449 791 1490 111]
810 1453 832 1481 s.
847 1450 859 1490 j
877 1448 905 1480 ἃ

438 1500 532 1537 Item,
555 1499 641 1531 idem
665 1502 775 1530 onerat
805 1509 839 1530 se
870 1499 909 1530 de
936 1499 949 1540 j
982 1498 1088 1530 eeldra
1119 1499 1204 1530 ordei
1237 1502 1269 1531 et
1298 1500 1311 1540 j
1340 1499 1447 1531 celdra

394 1559 569 1581 avenarum
585 1553 742 1580 terrarum
757 1549 797 1580 de
816 1548 970 1580 Kincavil
994 1549 1033 1580 de
1057 1559 1142 1580 anno
1157 1550 1304 1590 compoti.
1349 1549 1392 1581 Et
1408 1550 1447 1582 de

393 1599 515 1640 xxiiij01'
528 1598 704 1640 eaponibus
711 1602 742 1629 et
752 1598 843 1639 xxiiij
848 1602 873 1616 ⁰¹⁶
886 1598 1015 1639 pultriis
1028 1602 1184 1630 terrarum
1195 1599 1234 1630 de
1245 1599 1446 1631 Drumcorse.

393 1649 436 1680 Et
451 1649 490 1680 de
506 1648 550 1689 xij
568 1648 743 1689 caponibus
759 1651 791 1680 et
807 1648 851 1689 xij
868 1648 997 1689 pultriis
1020 1652 1177 1680 terrarum
1193 1649 1232 1680 de
1248 1649 1446 1689 Bonyntoun

393 1698 433 1729 de
462 1698 574 1729 eodem
598 1708 690 1729 anno.
736 1697 778 1728 Et
803 1697 842 1729 de
872 1698 894 1738 ij
923 1698 1079 1730 duodenis
1104 1709 1262 1739 caponum
1289 1702 1322 1729 811
1352 1698 1391 1730 (18
1421 1699 1445 1739 1]

392 1748 547 1779 duodenis
585 1747 784 1788 pultrearum
822 1750 977 1778 terrarum
1015 1748 1054 1779 de
1085 1748 1247 1779 Kincavil.
1312 1748 1445 1780 Summa

393 1797 490 1838 hujus
516 1797 622 1828 oneris
652 1796 748 1834 ordei,
779 1806 961 1834 avenarum,
992 1807 1159 1838 caponum,
1189 1801 1222 1829 eb
1251 1796 1445 1839 gallinarum

392 1857 488 1896 patet.

435 1903 684 1936 Memorandum
707 1902 792 1944 quod
814 1902 901 1934 idem
924 1907 1109 1944 compotans
1132 1914 1198 1935 non
1220 1907 1332 1935 onerat
1355 1914 1388 1935 se
1404 1904 1444 1935 de

392 1954 576 1986 molendino
592 1954 631 1985 de
647 1953 813 1990 Mannuel,
830 1953 912 1994 quod
927 1953 1014 1984 valet,
1038 1963 1094 1993 per
1118 1963 1241 1984 annum
1257 1953 1290 1994 iij
1317 1953 1417 1985 bollas
1429 1954 1442 1994 j

393 2004 541 2036 ferlotam
548 2004 560 2045 j
572 2004 706 2045 peekam
723 2014 796 2035 cum
809 2003 907 2035 tercia
918 2006 1008 2043 parte
1025 2003 1137 2034 ferlote
1153 2003 1255 2035 farine
1271 2004 1444 2041 avenatioe,

392 2054 468 2095 quia
498 2054 621 2085 dictum
647 2053 868 2085 molendinum
899 2056 948 2084 est
977 2052 1011 2083 in
1049 2053 1198 2084 inanibus
1220 2053 1242 2084 J
1245 2053 1380 2085 ohannis
1405 2054 1444 2085 de

392 2104 539 2135 Kincade
555 2103 689 2135 durante
705 2102 871 2135 voluntate
885 2103 999 2144 regine.

435 2154 584 2195 Expense
596 2153 746 2195 ejusdem.
782 2153 928 2184 Auocate
954 2152 1151 2194 compotanti
1178 2163 1235 2194 per
1247 2153 1442 2185 solucionem

392 2203 510 2234 factam
525 2203 692 2235 Elizabeth
706 2203 744 2235 de
762 2202 872 2235 Gelria
887 2212 943 2244 pro
957 2201 1048 2234 feodo
1064 2213 1121 2234 suo
1134 2203 1172 2235 de
1189 2213 1273 2235 anno
1289 2202 1438 2244 compoti,
