1551 2462
395 258 457 286 100
705 253 870 285 ROTULI
895 253 1130 285 SGAOCARH
1353 255 1444 284 1461.

395 358 471 379 cum
485 348 601 388 quibus
627 350 813 388 compotans
836 347 982 388 superius
1008 349 1165 383 oneratur²
1193 345 1232 377 de
1255 345 1358 377 tribus
1383 348 1445 376 ter-

396 397 502 435 minis,
518 408 539 428 Χ
555 397 586 429 n.
633 398 675 428 Et
691 401 814 438 septem
837 396 992 437 serjandis
1016 407 1072 437 pro
1089 396 1190 427 feodis
1215 396 1281 427 suis
1297 396 1336 427 de
1352 395 1446 426 dictis

394 447 549 484 terminis,
566 457 587 477 Χ
602 446 633 477 n'.
650 457 672 477 x
688 451 711 477 ἔ.
758 447 890 477 Summa
907 456 1128 487 expensarum,
1140 446 1291 486 vjclxxvij
1307 445 1339 476 fi.
1354 445 1409 476 xix
1421 449 1445 476 ᾗ

394 497 428 537 iij
446 497 475 528 d.
521 497 563 527 Et
578 496 624 527 sic
639 500 762 527 restant
777 496 872 537 ijclvij
890 496 922 526 n.
936 496 1005 536 xxij
1022 495 1052 527 d.
1096 495 1147 526 De
1163 495 1288 536 quibus,
1304 495 1447 536 pendent

394 547 429 577 in
445 546 592 577 manibus
609 545 730 576 domini
746 545 924 576 Alexandri
940 545 1050 576 Hume
1074 545 1114 576 de
1135 545 1254 582 eodem,
1270 545 1391 582 militis,
1407 544 1447 576 de

395 596 494 627 firmis
508 600 665 626 terrarum
683 595 721 626 de
738 595 984 635 Lochbirgeame
1002 595 1040 626 de
1057 594 1150 626 dictis
1173 595 1276 626 tribus
1291 594 1447 631 terminis,

394 650 432 677 ut
458 649 546 687 patet
575 646 609 676 in
641 644 754 676 rotulis
779 645 1031 685 precedentibus,
1051 645 1086 675 lx
1116 645 1148 675 H.
1195 645 1326 675 Summa
1349 644 1448 685 hujus

394 695 570 736 pendencie
594 698 691 735 patet.
738 694 780 724 Et
795 694 841 725 sic
856 697 978 725 restant
990 694 1166 734 jclxxxxvij
1187 694 1219 725 n.
1237 694 1304 735 xxij
1321 694 1351 725 d.
1396 694 1447 724 De

395 744 522 784 quibus,
546 743 682 774 ailoe-ate
705 743 903 784 compotanti
926 743 964 775 de
987 743 1085 774 firmis
1108 747 1265 774 terrarum
1290 743 1329 775 de
1354 743 1446 774 Litil-

395 796 476 834 spot,
505 794 540 824 in
570 793 719 824 manibus
750 793 940 824 Archibaldi
971 794 1009 824 de
1041 793 1185 830 Dunbar‚
1215 793 1272 834 qui
1306 793 1448 825 ostendit

396 846 516 874 cartam
531 853 622 874 suam
638 843 767 874 domino
783 843 849 884 regi
865 843 916 884 pie
933 843 1092 880 memorie,
1103 847 1140 874 ut
1152 846 1240 884 patet
1252 844 1286 874 in
1301 845 1447 884 compoto

396 892 472 923 anni
488 892 745 933 quinquagesimi
761 893 846 929 noni,
862 892 900 923 de
911 893 1013 923 tribus
1026 893 1170 923 terminis
1186 892 1346 933 predictis,
1360 892 1446 923 xxii.

396 942 438 972 Et
454 941 568 978 eidem,
583 952 638 982 pro
655 941 747 973 feodo
758 952 815 972 suo
831 941 870 972 de
887 941 1010 972 duobus
1027 942 1171 972 terminis
1187 942 1283 982 hujus
1299 941 1447 983 compoti,

397 1001 437 1022 ex
453 991 710 1022 consideracione
727 991 917 1027 auditorum,
933 1002 954 1021 x
969 991 1001 1022 n.
1048 992 1090 1022 Et
1106 991 1240 1022 allocate
1264 991 1366 1022 eidem
1390 1001 1448 1032 pro

397 1051 462 1071 uno
496 1041 744 1072 amerciamento
774 1040 883 1071 decem
908 1040 1063 1071 librarum
1091 1041 1126 1071 in
1153 1051 1217 1081 quo
1243 1041 1384 1072 Jacobus
1407 1040 1447 1072 de

397 1090 579 1128 Quhitelaw
595 1090 757 1121 incidebat
784 1090 818 1120 in
834 1090 947 1121 itinere
969 1090 1147 1130 justiciarie
1168 1090 1207 1121 de
1234 1091 1375 1128 Dunbar,
1391 1100 1448 1131 per

396 1140 616 1171 remissionem
632 1139 750 1170 factam
766 1150 822 1180 per
837 1139 1000 1170 dominam
1017 1140 1167 1180 reginam,
1184 1140 1314 1171 custode
1330 1139 1449 1180 privati

396 1189 496 1230 sigilli
510 1192 651 1220 testante
666 1188 894 1226 remissionem,
910 1199 932 1219 Χ
947 1188 979 1220 H.
1025 1189 1067 1219 Et
1094 1189 1205 1226 eidem,
1220 1199 1278 1230 pro
1298 1189 1447 1230 expensis

396 1239 606 1269 familiarium
629 1239 757 1270 domine
781 1239 887 1279 regine
913 1238 1081 1269 existentis
1103 1239 1138 1269 in
1159 1239 1296 1270 Dunbar
1310 1239 1448 1270 decimo-

398 1291 511 1328 quarto
527 1287 650 1328 Aprilis
665 1288 750 1318 infra
766 1291 893 1328 tempus
910 1288 1057 1329 compoti,
1069 1292 1164 1328 prout
1179 1291 1268 1329 patet
1281 1298 1337 1329 per
1352 1289 1448 1320 cedu-

397 1337 462 1369 lam
478 1337 691 1378 compotantis
714 1337 928 1377 subscriptam
944 1347 1042 1368 manu
1058 1337 1198 1369 custodis
1215 1338 1332 1378 privati
1348 1338 1446 1379 sigilli

398 1390 558 1418 ostensam
583 1397 678 1426 super
701 1389 895 1427 compotum,
911 1397 932 1416 x
955 1386 989 1416 fi.
1001 1386 1022 1426 ij
1052 1391 1074 1417 s.
1095 1397 1116 1416 Χ
1140 1386 1170 1418 d.
1215 1387 1258 1417 Et
1276 1387 1388 1425 eidem,
1407 1387 1446 1419 de

397 1436 601 1467 castriwarda
617 1436 655 1467 de
673 1436 891 1467 Cranschawis
908 1436 947 1467 de
972 1446 1036 1466 uno
1060 1436 1198 1467 termino
1223 1440 1297 1468 ante
1317 1447 1447 1478 presens

398 1490 580 1527 compotum
597 1486 683 1517 et-de
707 1485 859 1526 predictis
888 1486 990 1516 tribus
1014 1486 1167 1523 terminis,
1184 1497 1227 1516 xx
1251 1490 1283 1524 s„
1299 1497 1336 1517 eo
1361 1486 1447 1527 quod

397 1536 503 1567 dictus
519 1539 704 1576 compotans
716 1546 790 1566 cum
806 1535 926 1566 eisdem
942 1540 1091 1566 oneratur
1106 1535 1182 1566 bina
1193 1536 1271 1572 vice,
1286 1536 1363 1577 quia
1377 1546 1448 1576 pre-

398 1595 470 1616 sens
486 1595 611 1616 summa
627 1584 778 1615 inseritur
789 1584 822 1615 in
839 1595 964 1615 summa
975 1584 1090 1625 viginti
1108 1584 1263 1616 librarum
1275 1585 1314 1616 de
1326 1585 1447 1616 eisdem

399 1635 491 1665 terris
522 1634 561 1665 de
586 1633 805 1665 Cranschawis
831 1634 887 1665 ubi
912 1639 1098 1675 compotans
1124 1634 1270 1675 superius
1290 1637 1446 1665 oneratur.

399 1684 442 1714 Et
457 1683 568 1719 eidem,
581 1683 619 1714 de
636 1693 742 1714 annuo
758 1683 884 1714 redditu
900 1683 938 1714 de
955 1683 1134 1720 Hadirwik,
1145 1684 1203 1724 qui
1219 1684 1401 1715 continetur
1415 1687 1449 1715 et
1486 1695 1491 1698 ·

398 1733 549 1764 inseritur
564 1733 597 1763 in
614 1742 738 1763 summa
754 1733 1029 1764 castriwardarum
1041 1733 1186 1773 superius
1198 1734 1360 1774 inscripta,
1372 1734 1448 1775 quia

399 1785 584 1823 compotans
595 1791 689 1822 super
701 1782 760 1812 hoc
777 1782 825 1812 bis
842 1785 1000 1819 oneratur,
1011 1783 1050 1813 de
1065 1783 1169 1814 tribus
1181 1783 1335 1821 terminis,
1345 1794 1411 1814 xxx
1423 1788 1446 1814 s.

400 1832 531 1863 Summa
547 1831 643 1872 hujus
659 1831 869 1868 allooaoionis,
886 1831 920 1872 lij
945 1831 976 1862 n.
995 1832 1038 1872 xij
1056 1836 1078 1863 s.
1096 1842 1117 1862 Χ
1133 1832 1161 1863 d.
1207 1832 1250 1863 Et
1265 1832 1310 1863 sic
1325 1836 1449 1864 restant

396 1881 505 1922 j⁰xliiij
537 1881 569 1912 n.
601 1881 635 1911 ix
665 1885 688 1913 s.
734 1881 783 1911 De
815 1881 941 1921 quibus,
971 1881 1113 1921 pendent
1143 1891 1199 1922 per
1228 1881 1448 1913 detencionem

400 1930 679 1962 castriwardarum
695 1929 791 1961 ballie
814 1930 1028 1970 compotantis
1050 1940 1108 1971 per
1131 1934 1232 1961 certos
1248 1934 1394 1962 tenentes
1409 1930 1448 1962 de

400 1981 432 2012 le
447 1980 554 2011 Merse
570 1979 608 2011 de
626 1979 741 2020 quibus
764 1983 949 2020 compotans
972 1979 1084 2020 nequit
1107 1979 1223 2011 habere
1245 1979 1449 2018 solucionem,

402 2032 440 2060 ut
455 2030 567 2060 asserit
579 2032 772 2070 compotens,
785 2039 841 2069 per
853 2032 979 2069 tempus
990 2029 1137 2069 compoti,
1147 2029 1202 2059 sed
1218 2032 1340 2060 restant
1355 2039 1450 2070 super

402 2079 587 2110 tenentibus
605 2078 704 2109 xxxix
720 2078 751 2109 li.
769 2078 824 2108 xix
841 2081 862 2109 s.
877 2077 922 2118 iiij
940 2077 970 2110 d.
1016 2077 1148 2109 Summa
1163 2077 1259 2118 hujus
1275 2078 1450 2119 pendencie

401 2130 499 2169 patet,
