<?xml version="1.0" encoding="UTF-8"?>
<!DOCTYPE html PUBLIC "-//W3C//DTD XHTML 1.0 Transitional//EN"
    "http://www.w3.org/TR/xhtml1/DTD/xhtml1-transitional.dtd">
<html xmlns="http://www.w3.org/1999/xhtml" xml:lang="en" lang="en">
 <head>
  <title>
</title>
<meta http-equiv="Content-Type" content="text/html;charset=utf-8" />
  <meta name='ocr-system' content='tesseract 3.04.00' />
  <meta name='ocr-capabilities' content='ocr_page ocr_carea ocr_par ocr_line ocrx_word'/>
</head>
<body>
  <div class='ocr_page' id='page_1' title='image "./rotuliscaccariir07scot_0243.png"; bbox 0 0 1551 2462; ppageno 0'>
   <div class='ocr_carea' id='block_1_1' title="bbox 169 251 1216 285">
    <p class='ocr_par' dir='ltr' id='par_1_1' title="bbox 169 251 1216 285">
     <span class='ocr_line' id='line_1_1' title="bbox 169 251 1216 285; baseline 0.003 -5"><span class='ocrx_word' id='word_1_1' title='bbox 169 251 259 281; x_wconf 84' lang='lat'><strong>1463.</strong></span> <span class='ocrx_word' id='word_1_2' title='bbox 390 255 392 257; x_wconf 85' lang='lat'>&#39;</span> <span class='ocrx_word' id='word_1_3' title='bbox 478 252 641 284; x_wconf 78' lang='lat' dir='ltr'><strong>REGUM</strong></span> <span class='ocrx_word' id='word_1_4' title='bbox 665 251 913 285; x_wconf 79' lang='lat' dir='ltr'>SOOTORUM.</span> <span class='ocrx_word' id='word_1_5' title='bbox 1157 254 1216 283; x_wconf 83' lang='lat'>165</span> 
     </span>
    </p>
   </div>
   <div class='ocr_carea' id='block_1_2' title="bbox 107 343 1397 982">
    <p class='ocr_par' dir='ltr' id='par_1_2' title="bbox 165 343 1395 484">
     <span class='ocr_line' id='line_1_2' title="bbox 165 343 1395 386; baseline 0 -13"><span class='ocrx_word' id='word_1_6' title='bbox 165 352 222 373; x_wconf 89' lang='lat' dir='ltr'>suo</span> <span class='ocrx_word' id='word_1_7' title='bbox 237 343 276 375; x_wconf 90' lang='lat' dir='ltr'>de</span> <span class='ocrx_word' id='word_1_8' title='bbox 292 344 436 375; x_wconf 89' lang='lat' dir='ltr'>terminis</span> <span class='ocrx_word' id='word_1_9' title='bbox 456 345 603 386; x_wconf 88' lang='lat' dir='ltr'>compoti,</span> <span class='ocrx_word' id='word_1_10' title='bbox 619 356 641 376; x_wconf 91' lang='lat' dir='ltr'><strong>x</strong></span> <span class='ocrx_word' id='word_1_11' title='bbox 656 345 688 376; x_wconf 72' lang='lat' dir='ltr'>fi.</span> <span class='ocrx_word' id='word_1_12' title='bbox 738 344 796 386; x_wconf 78' lang='lat' dir='ltr'>[To</span> <span class='ocrx_word' id='word_1_13' title='bbox 821 344 944 383; x_wconf 59' lang='lat' dir='ltr'>Qioeen’s</span> <span class='ocrx_word' id='word_1_14' title='bbox 966 344 1116 381; x_wconf 76' lang='lat' dir='ltr'>Steward,</span> <span class='ocrx_word' id='word_1_15' title='bbox 1131 345 1215 376; x_wconf 54' lang='grc'>812.</span> <span class='ocrx_word' id='word_1_16' title='bbox 1230 349 1395 385; x_wconf 54' lang='lat' dir='ltr'>Respondebit</span> 
     </span>
     <span class='ocr_line' id='line_1_3' title="bbox 165 381 1359 432; baseline 0.002 -10"><span class='ocrx_word' id='word_1_17' title='bbox 165 391 251 430; x_wconf 80' lang='lat' dir='ltr'>Sum,</span> <span class='ocrx_word' id='word_1_18' title='bbox 267 394 365 431; x_wconf 49' lang='lat'>&amp;343</span> <span class='ocrx_word' id='word_1_19' title='bbox 379 394 443 425; x_wconf 68' lang='lat'>162.</span> <span class='ocrx_word' id='word_1_20' title='bbox 460 394 511 426; x_wconf 56' lang='lat' dir='ltr'>ed.</span> <span class='ocrx_word' id='word_1_21' title='bbox 556 395 699 432; x_wconf 73' lang='lat' dir='ltr'>Balanea,</span> <span class='ocrx_word' id='word_1_22' title='bbox 715 396 814 426; x_wconf 52' lang='lat'>3166</span> <span class='ocrx_word' id='word_1_23' title='bbox 835 395 897 432; x_wconf 65' lang='lat'>143.</span> <span class='ocrx_word' id='word_1_24' title='bbox 914 394 985 425; x_wconf 72' lang='lat'><em>1003.</em></span> <span class='ocrx_word' id='word_1_25' title='bbox 1034 394 1077 425; x_wconf 78' lang='lat' dir='ltr'>To</span> <span class='ocrx_word' id='word_1_26' title='bbox 1096 394 1217 432; x_wconf 53' lang='lat' dir='ltr'>Q&#39;zceen’s</span> <span class='ocrx_word' id='word_1_27' title='bbox 1230 381 1359 409; x_wconf 76' lang='lat' dir='ltr'>ngorne.</span> 
     </span>
     <span class='ocr_line' id='line_1_4' title="bbox 165 441 1216 484; baseline 0.002 -12"><span class='ocrx_word' id='word_1_28' title='bbox 165 441 318 484; x_wconf 77' lang='lat' dir='ltr'>Steward]</span> <span class='ocrx_word' id='word_1_29' title='bbox 331 453 387 484; x_wconf 89' lang='lat' dir='ltr'>per</span> <span class='ocrx_word' id='word_1_30' title='bbox 396 454 510 474; x_wconf 85' lang='lat' dir='ltr'>manus</span> <span class='ocrx_word' id='word_1_31' title='bbox 520 443 740 484; x_wconf 85' lang='lat' dir='ltr'>serjandorum</span> <span class='ocrx_word' id='word_1_32' title='bbox 752 444 791 475; x_wconf 91' lang='lat' dir='ltr'>de</span> <span class='ocrx_word' id='word_1_33' title='bbox 802 443 962 475; x_wconf 83' lang='lat' dir='ltr'>Garviach</span> <span class='ocrx_word' id='word_1_34' title='bbox 972 447 1045 484; x_wconf 89' lang='lat' dir='ltr'>post</span> <span class='ocrx_word' id='word_1_35' title='bbox 1056 444 1216 484; x_wconf 80' lang='lat' dir='ltr'>navigaci-</span> 
     </span>
    </p>

    <p class='ocr_par' dir='ltr' id='par_1_3' title="bbox 107 492 1397 982">
     <span class='ocr_line' id='line_1_5' title="bbox 107 492 1218 535; baseline 0.002 -13"><span class='ocrx_word' id='word_1_36' title='bbox 107 492 119 493; x_wconf 27' lang='lat'><em>7</em></span> <span class='ocrx_word' id='word_1_37' title='bbox 165 500 259 523; x_wconf 89' lang='lat' dir='ltr'>onem</span> <span class='ocrx_word' id='word_1_38' title='bbox 269 492 412 534; x_wconf 78' lang='lat' dir='ltr'><strong>magistri</strong></span> <span class='ocrx_word' id='word_1_39' title='bbox 423 493 551 524; x_wconf 84' lang='lat' dir='ltr'>Andree</span> <span class='ocrx_word' id='word_1_40' title='bbox 561 493 650 534; x_wconf 90' lang='lat' dir='ltr'>Lyel,</span> <span class='ocrx_word' id='word_1_41' title='bbox 660 494 881 535; x_wconf 80' lang='lat' dir='ltr'>compotantis,</span> <span class='ocrx_word' id='word_1_42' title='bbox 891 493 947 525; x_wconf 86' lang='lat' dir='ltr'>sed</span> <span class='ocrx_word' id='word_1_43' title='bbox 959 503 998 525; x_wconf 77' lang='lat' dir='ltr'>ex</span> <span class='ocrx_word' id='word_1_44' title='bbox 1009 498 1098 535; x_wconf 82' lang='lat' dir='ltr'>parte</span> <span class='ocrx_word' id='word_1_45' title='bbox 1108 493 1218 534; x_wconf 86' lang='lat' dir='ltr'>ipsius,</span> 
     </span>
     <span class='ocr_line' id='line_1_6' title="bbox 165 541 1219 584; baseline 0.003 -13"><span class='ocrx_word' id='word_1_46' title='bbox 165 551 210 571; x_wconf 83' lang='lat' dir='ltr'>xx</span> <span class='ocrx_word' id='word_1_47' title='bbox 229 541 270 579; x_wconf 64' lang='lat'>111,</span> <span class='ocrx_word' id='word_1_48' title='bbox 292 552 349 583; x_wconf 85' lang='lat' dir='ltr'>pro</span> <span class='ocrx_word' id='word_1_49' title='bbox 375 542 492 583; x_wconf 88' lang='lat' dir='ltr'>quibus</span> <span class='ocrx_word' id='word_1_50' title='bbox 514 543 720 584; x_wconf 86' lang='lat' dir='ltr'>respondebit</span> <span class='ocrx_word' id='word_1_51' title='bbox 741 544 827 575; x_wconf 87' lang='lat' dir='ltr'>idem</span> <span class='ocrx_word' id='word_1_52' title='bbox 850 543 1052 575; x_wconf 76' lang='lat' dir='ltr'>senescallus.</span> <span class='ocrx_word' id='word_1_53' title='bbox 1097 543 1140 573; x_wconf 89' lang='lat' dir='ltr'>Et</span> <span class='ocrx_word' id='word_1_54' title='bbox 1162 552 1219 583; x_wconf 89' lang='lat' dir='ltr'>per</span> 
     </span>
     <span class='ocr_line' id='line_1_7' title="bbox 165 590 1218 634; baseline 0.002 -13"><span class='ocrx_word' id='word_1_55' title='bbox 165 590 361 622; x_wconf 75' lang='lat' dir='ltr'>solucionem</span> <span class='ocrx_word' id='word_1_56' title='bbox 391 592 509 623; x_wconf 77' lang='lat' dir='ltr'>factam</span> <span class='ocrx_word' id='word_1_57' title='bbox 539 593 625 624; x_wconf 83' lang='lat' dir='ltr'>dicto</span> <span class='ocrx_word' id='word_1_58' title='bbox 662 592 791 624; x_wconf 89' lang='lat' dir='ltr'>domino</span> <span class='ocrx_word' id='word_1_59' title='bbox 829 593 972 625; x_wconf 88' lang='lat' dir='ltr'>Henrico</span> <span class='ocrx_word' id='word_1_60' title='bbox 1009 602 1066 634; x_wconf 82' lang='lat' dir='ltr'>per</span> <span class='ocrx_word' id='word_1_61' title='bbox 1102 602 1218 624; x_wconf 82' lang='lat' dir='ltr'>manus</span> 
     </span>
     <span class='ocr_line' id='line_1_8' title="bbox 166 639 1219 674; baseline 0.001 -3"><span class='ocrx_word' id='word_1_62' title='bbox 166 639 322 672; x_wconf 86' lang='lat' dir='ltr'>Willelmi</span> <span class='ocrx_word' id='word_1_63' title='bbox 348 641 457 673; x_wconf 83' lang='lat' dir='ltr'>Haket</span> <span class='ocrx_word' id='word_1_64' title='bbox 484 642 523 673; x_wconf 92' lang='lat' dir='ltr'>de</span> <span class='ocrx_word' id='word_1_65' title='bbox 549 642 649 674; x_wconf 85' lang='lat' dir='ltr'>firmis</span> <span class='ocrx_word' id='word_1_66' title='bbox 671 646 829 674; x_wconf 83' lang='lat' dir='ltr'>terrarum</span> <span class='ocrx_word' id='word_1_67' title='bbox 856 643 895 674; x_wconf 86' lang='lat' dir='ltr'>de</span> <span class='ocrx_word' id='word_1_68' title='bbox 918 642 992 674; x_wconf 84' lang='lat' dir='ltr'>Mar</span> <span class='ocrx_word' id='word_1_69' title='bbox 1014 642 1054 674; x_wconf 88' lang='lat' dir='ltr'>de</span> <span class='ocrx_word' id='word_1_70' title='bbox 1081 642 1219 673; x_wconf 85' lang='lat' dir='ltr'>termino</span> 
     </span>
     <span class='ocr_line' id='line_1_9' title="bbox 165 689 1397 743; baseline 0.002 -22"><span class='ocrx_word' id='word_1_71' title='bbox 165 689 393 723; x_wconf 83' lang='lat' dir='ltr'>Pentechostes</span> <span class='ocrx_word' id='word_1_72' title='bbox 433 691 542 723; x_wconf 90' lang='lat' dir='ltr'>ultimi</span> <span class='ocrx_word' id='word_1_73' title='bbox 586 692 748 733; x_wconf 85' lang='lat' dir='ltr'>preterito,</span> <span class='ocrx_word' id='word_1_74' title='bbox 794 692 863 733; x_wconf 89' lang='lat' dir='ltr'>ipso</span> <span class='ocrx_word' id='word_1_75' title='bbox 905 692 1035 723; x_wconf 89' lang='lat' dir='ltr'>domino</span> <span class='ocrx_word' id='word_1_76' title='bbox 1077 691 1218 723; x_wconf 88' lang='lat' dir='ltr'>Henrico</span> <span class='ocrx_word' id='word_1_77' title='bbox 1233 713 1397 743; x_wconf 74' lang='lat' dir='ltr'>Respondebit</span> 
     </span>
     <span class='ocr_line' id='line_1_10' title="bbox 166 739 1362 783; baseline 0.003 -13"><span class='ocrx_word' id='word_1_78' title='bbox 166 739 286 771; x_wconf 80' lang='lat' dir='ltr'>fatente</span> <span class='ocrx_word' id='word_1_79' title='bbox 318 744 483 782; x_wconf 87' lang='lat' dir='ltr'>receptum</span> <span class='ocrx_word' id='word_1_80' title='bbox 513 752 609 783; x_wconf 85' lang='lat' dir='ltr'>super</span> <span class='ocrx_word' id='word_1_81' title='bbox 646 745 838 783; x_wconf 85' lang='lat' dir='ltr'>compotum,</span> <span class='ocrx_word' id='word_1_82' title='bbox 868 741 903 772; x_wconf 82' lang='lat' dir='ltr'>xl</span> <span class='ocrx_word' id='word_1_83' title='bbox 932 741 975 779; x_wconf 57' lang='lat' dir='ltr'>hl,</span> <span class='ocrx_word' id='word_1_84' title='bbox 1005 751 1063 782; x_wconf 90' lang='lat' dir='ltr'>pro</span> <span class='ocrx_word' id='word_1_85' title='bbox 1100 741 1218 782; x_wconf 88' lang='lat' dir='ltr'>quibus</span> <span class='ocrx_word' id='word_1_86' title='bbox 1232 745 1362 773; x_wconf 82' lang='lat' dir='ltr'>Kingorne.</span> 
     </span>
     <span class='ocr_line' id='line_1_11' title="bbox 165 789 1219 832; baseline 0.002 -13"><span class='ocrx_word' id='word_1_87' title='bbox 165 789 376 829; x_wconf 69' lang='lat' dir='ltr'>respondebit.</span> <span class='ocrx_word' id='word_1_88' title='bbox 422 791 465 822; x_wconf 88' lang='lat' dir='ltr'>Et</span> <span class='ocrx_word' id='word_1_89' title='bbox 494 801 551 832; x_wconf 90' lang='lat' dir='ltr'>per</span> <span class='ocrx_word' id='word_1_90' title='bbox 581 791 779 823; x_wconf 81' lang='lat' dir='ltr'>solucionem</span> <span class='ocrx_word' id='word_1_91' title='bbox 817 792 936 823; x_wconf 79' lang='lat' dir='ltr'>factam</span> <span class='ocrx_word' id='word_1_92' title='bbox 966 791 1051 822; x_wconf 90' lang='lat' dir='ltr'>dicto</span> <span class='ocrx_word' id='word_1_93' title='bbox 1090 791 1219 822; x_wconf 88' lang='lat' dir='ltr'>domino</span> 
     </span>
     <span class='ocr_line' id='line_1_12' title="bbox 165 838 1218 883; baseline 0.002 -13"><span class='ocrx_word' id='word_1_94' title='bbox 165 838 315 877; x_wconf 87' lang='lat' dir='ltr'>Henrico,</span> <span class='ocrx_word' id='word_1_95' title='bbox 331 850 387 881; x_wconf 89' lang='lat' dir='ltr'>per</span> <span class='ocrx_word' id='word_1_96' title='bbox 401 851 516 873; x_wconf 82' lang='lat' dir='ltr'>manus</span> <span class='ocrx_word' id='word_1_97' title='bbox 539 841 685 883; x_wconf 86' lang='lat' dir='ltr'>magistri</span> <span class='ocrx_word' id='word_1_98' title='bbox 708 842 747 873; x_wconf 92' lang='lat' dir='ltr'>de</span> <span class='ocrx_word' id='word_1_99' title='bbox 770 841 905 878; x_wconf 80' lang='lat' dir='ltr'>Huntle,</span> <span class='ocrx_word' id='word_1_100' title='bbox 922 852 961 873; x_wconf 80' lang='lat' dir='ltr'>ex</span> <span class='ocrx_word' id='word_1_101' title='bbox 977 844 1068 882; x_wconf 82' lang='lat' dir='ltr'>parte</span> <span class='ocrx_word' id='word_1_102' title='bbox 1091 851 1218 882; x_wconf 90' lang='lat' dir='ltr'>compo—</span> 
     </span>
     <span class='ocr_line' id='line_1_13' title="bbox 165 889 1218 931; baseline 0.003 -12"><span class='ocrx_word' id='word_1_103' title='bbox 165 889 274 927; x_wconf 78' lang='lat' dir='ltr'>tantis,</span> <span class='ocrx_word' id='word_1_104' title='bbox 289 890 328 921; x_wconf 89' lang='lat' dir='ltr'>de</span> <span class='ocrx_word' id='word_1_105' title='bbox 343 891 438 923; x_wconf 84' lang='lat' dir='ltr'>dictis</span> <span class='ocrx_word' id='word_1_106' title='bbox 461 891 560 923; x_wconf 87' lang='lat' dir='ltr'>firmis</span> <span class='ocrx_word' id='word_1_107' title='bbox 583 894 616 923; x_wconf 81' lang='lat' dir='ltr'>et</span> <span class='ocrx_word' id='word_1_108' title='bbox 636 891 676 923; x_wconf 90' lang='lat' dir='ltr'>de</span> <span class='ocrx_word' id='word_1_109' title='bbox 699 891 811 923; x_wconf 88' lang='lat' dir='ltr'>eodem</span> <span class='ocrx_word' id='word_1_110' title='bbox 833 890 980 928; x_wconf 83' lang='lat' dir='ltr'>termino,</span> <span class='ocrx_word' id='word_1_111' title='bbox 1002 891 1072 931; x_wconf 89' lang='lat' dir='ltr'>ipso</span> <span class='ocrx_word' id='word_1_112' title='bbox 1096 890 1218 922; x_wconf 84' lang='lat' dir='ltr'>fatente</span> 
     </span>
     <span class='ocr_line' id='line_1_14' title="bbox 165 940 1218 982; baseline 0.001 -13"><span class='ocrx_word' id='word_1_113' title='bbox 165 943 328 980; x_wconf 87' lang='lat' dir='ltr'>receptum</span> <span class='ocrx_word' id='word_1_114' title='bbox 359 951 454 982; x_wconf 89' lang='lat' dir='ltr'>super</span> <span class='ocrx_word' id='word_1_115' title='bbox 484 944 668 982; x_wconf 87' lang='lat' dir='ltr'>compotum</span> <span class='ocrx_word' id='word_1_116' title='bbox 698 944 731 972; x_wconf 88' lang='lat' dir='ltr'>et</span> <span class='ocrx_word' id='word_1_117' title='bbox 766 951 824 982; x_wconf 86' lang='lat' dir='ltr'>pro</span> <span class='ocrx_word' id='word_1_118' title='bbox 856 941 974 982; x_wconf 81' lang='lat' dir='ltr'>quibus</span> <span class='ocrx_word' id='word_1_119' title='bbox 1004 940 1218 982; x_wconf 71' lang='lat' dir='ltr'>respondebit,</span> 
     </span>
    </p>
   </div>
   <div class='ocr_carea' id='block_1_3' title="bbox 167 1087 1220 1576">
    <p class='ocr_par' dir='ltr' id='par_1_4' title="bbox 167 1087 1220 1576">
     <span class='ocr_line' id='line_1_15' title="bbox 210 1087 1220 1130; baseline 0 -11"><span class='ocrx_word' id='word_1_120' title='bbox 210 1087 460 1120; x_wconf 84' lang='lat' dir='ltr'>Memorandum</span> <span class='ocrx_word' id='word_1_121' title='bbox 483 1089 521 1120; x_wconf 91' lang='lat' dir='ltr'>de</span> <span class='ocrx_word' id='word_1_122' title='bbox 543 1089 730 1130; x_wconf 88' lang='lat' dir='ltr'>hujusmodi</span> <span class='ocrx_word' id='word_1_123' title='bbox 753 1092 846 1126; x_wconf 83' lang='lat' dir='ltr'>resta,</span> <span class='ocrx_word' id='word_1_124' title='bbox 862 1092 895 1120; x_wconf 88' lang='lat' dir='ltr'>et</span> <span class='ocrx_word' id='word_1_125' title='bbox 920 1099 977 1129; x_wconf 87' lang='lat' dir='ltr'>pre</span> <span class='ocrx_word' id='word_1_126' title='bbox 1002 1088 1220 1120; x_wconf 85' lang='lat' dir='ltr'>declaracione</span> 
     </span>
     <span class='ocr_line' id='line_1_16' title="bbox 168 1137 1219 1180; baseline 0 -12"><span class='ocrx_word' id='word_1_127' title='bbox 168 1137 311 1178; x_wconf 84' lang='lat' dir='ltr'>ejusdem</span> <span class='ocrx_word' id='word_1_128' title='bbox 326 1138 486 1179; x_wconf 88' lang='lat' dir='ltr'>quomodo</span> <span class='ocrx_word' id='word_1_129' title='bbox 498 1142 554 1170; x_wconf 83' lang='lat' dir='ltr'>aut</span> <span class='ocrx_word' id='word_1_130' title='bbox 566 1139 601 1170; x_wconf 88' lang='lat' dir='ltr'>in</span> <span class='ocrx_word' id='word_1_131' title='bbox 617 1140 734 1180; x_wconf 88' lang='lat' dir='ltr'>quibus</span> <span class='ocrx_word' id='word_1_132' title='bbox 746 1139 895 1170; x_wconf 85' lang='lat' dir='ltr'>manibus</span> <span class='ocrx_word' id='word_1_133' title='bbox 907 1141 1016 1175; x_wconf 85' lang='lat' dir='ltr'>restat,</span> <span class='ocrx_word' id='word_1_134' title='bbox 1030 1141 1219 1179; x_wconf 80' lang='lat' dir='ltr'>computans</span> 
     </span>
     <span class='ocr_line' id='line_1_17' title="bbox 167 1187 1220 1230; baseline 0 -12"><span class='ocrx_word' id='word_1_135' title='bbox 167 1187 281 1219; x_wconf 83' lang='lat' dir='ltr'>habuit</span> <span class='ocrx_word' id='word_1_136' title='bbox 303 1188 413 1219; x_wconf 77' lang='lat' dir='ltr'>literas</span> <span class='ocrx_word' id='word_1_137' title='bbox 439 1189 541 1228; x_wconf 85' lang='lat' dir='ltr'>regias</span> <span class='ocrx_word' id='word_1_138' title='bbox 567 1190 627 1221; x_wconf 87' lang='lat' dir='ltr'>sub</span> <span class='ocrx_word' id='word_1_139' title='bbox 652 1189 776 1230; x_wconf 76' lang='lat' dir='ltr'>signeto</span> <span class='ocrx_word' id='word_1_140' title='bbox 801 1188 840 1220; x_wconf 90' lang='lat' dir='ltr'>de</span> <span class='ocrx_word' id='word_1_141' title='bbox 864 1188 938 1219; x_wconf 84' lang='lat' dir='ltr'>data</span> <span class='ocrx_word' id='word_1_142' title='bbox 966 1188 1105 1219; x_wconf 85' lang='lat' dir='ltr'>secundo</span> <span class='ocrx_word' id='word_1_143' title='bbox 1136 1188 1158 1219; x_wconf 86' lang='lat' dir='ltr'><strong>J</strong></span> <span class='ocrx_word' id='word_1_144' title='bbox 1161 1188 1220 1219; x_wconf 91' lang='lat' dir='ltr'>ulii</span> 
     </span>
     <span class='ocr_line' id='line_1_18' title="bbox 168 1237 1219 1279; baseline 0 -11"><span class='ocrx_word' id='word_1_145' title='bbox 168 1237 245 1268; x_wconf 85' lang='lat' dir='ltr'>anni</span> <span class='ocrx_word' id='word_1_146' title='bbox 261 1238 351 1279; x_wconf 85' lang='lat' dir='ltr'>regni</span> <span class='ocrx_word' id='word_1_147' title='bbox 366 1238 449 1279; x_wconf 83' lang='lat' dir='ltr'>regis</span> <span class='ocrx_word' id='word_1_148' title='bbox 465 1238 604 1279; x_wconf 80' lang='lat' dir='ltr'>septimi,</span> <span class='ocrx_word' id='word_1_149' title='bbox 620 1239 756 1270; x_wconf 84' lang='lat' dir='ltr'>directas</span> <span class='ocrx_word' id='word_1_150' title='bbox 779 1239 932 1279; x_wconf 84' lang='lat' dir='ltr'>magistro</span> <span class='ocrx_word' id='word_1_151' title='bbox 948 1237 1085 1269; x_wconf 86' lang='lat' dir='ltr'>Ricardo</span> <span class='ocrx_word' id='word_1_152' title='bbox 1101 1238 1219 1269; x_wconf 83' lang='lat' dir='ltr'>Forbes</span> 
     </span>
     <span class='ocr_line' id='line_1_19' title="bbox 168 1286 1220 1329; baseline 0.001 -12"><span class='ocrx_word' id='word_1_153' title='bbox 168 1289 201 1317; x_wconf 85' lang='lat' dir='ltr'>et</span> <span class='ocrx_word' id='word_1_154' title='bbox 224 1286 352 1318; x_wconf 86' lang='lat' dir='ltr'>domino</span> <span class='ocrx_word' id='word_1_155' title='bbox 377 1287 519 1318; x_wconf 87' lang='lat' dir='ltr'>Henrico</span> <span class='ocrx_word' id='word_1_156' title='bbox 543 1288 708 1329; x_wconf 85' lang='lat' dir='ltr'>Kingorne</span> <span class='ocrx_word' id='word_1_157' title='bbox 736 1291 803 1325; x_wconf 69' lang='lat' dir='ltr'>etc„</span> <span class='ocrx_word' id='word_1_158' title='bbox 827 1288 884 1328; x_wconf 85' lang='lat' dir='ltr'>qui</span> <span class='ocrx_word' id='word_1_159' title='bbox 906 1287 1098 1318; x_wconf 86' lang='lat' dir='ltr'>remiserunt</span> <span class='ocrx_word' id='word_1_160' title='bbox 1128 1294 1220 1318; x_wconf 88' lang='lat' dir='ltr'>suam</span> 
     </span>
     <span class='ocr_line' id='line_1_20' title="bbox 167 1336 1220 1378; baseline 0.001 -12"><span class='ocrx_word' id='word_1_161' title='bbox 167 1336 412 1376; x_wconf 83' lang='lat' dir='ltr'>inquisicionem</span> <span class='ocrx_word' id='word_1_162' title='bbox 428 1337 630 1377; x_wconf 84' lang='lat' dir='ltr'>presentibus</span> <span class='ocrx_word' id='word_1_163' title='bbox 646 1347 719 1368; x_wconf 90' lang='lat' dir='ltr'>cum</span> <span class='ocrx_word' id='word_1_164' title='bbox 736 1337 838 1368; x_wconf 88' lang='lat' dir='ltr'>literis</span> <span class='ocrx_word' id='word_1_165' title='bbox 854 1337 1039 1378; x_wconf 86' lang='lat' dir='ltr'>prescriptis</span> <span class='ocrx_word' id='word_1_166' title='bbox 1061 1347 1220 1368; x_wconf 77' lang='lat' dir='ltr'>annexam</span> 
     </span>
     <span class='ocr_line' id='line_1_21' title="bbox 167 1385 1220 1430; baseline 0 -14"><span class='ocrx_word' id='word_1_167' title='bbox 167 1385 297 1416; x_wconf 89' lang='lat' dir='ltr'>domino</span> <span class='ocrx_word' id='word_1_168' title='bbox 313 1386 379 1427; x_wconf 85' lang='lat' dir='ltr'>regi</span> <span class='ocrx_word' id='word_1_169' title='bbox 397 1396 493 1427; x_wconf 86' lang='lat' dir='ltr'>super</span> <span class='ocrx_word' id='word_1_170' title='bbox 509 1386 636 1430; x_wconf 88' lang='lat' dir='ltr'>quibus,</span> <span class='ocrx_word' id='word_1_171' title='bbox 651 1386 717 1417; x_wconf 90' lang='lat' dir='ltr'>illis</span> <span class='ocrx_word' id='word_1_172' title='bbox 741 1386 958 1424; x_wconf 85' lang='lat' dir='ltr'>consideratis,</span> <span class='ocrx_word' id='word_1_173' title='bbox 974 1386 1140 1417; x_wconf 86' lang='lat' dir='ltr'>consultus</span> <span class='ocrx_word' id='word_1_174' title='bbox 1157 1386 1220 1417; x_wconf 83' lang='lat' dir='ltr'>fuit</span> 
     </span>
     <span class='ocr_line' id='line_1_22' title="bbox 167 1436 1219 1476; baseline 0.001 -10"><span class='ocrx_word' id='word_1_175' title='bbox 167 1445 231 1466; x_wconf 87' lang='lat' dir='ltr'>rex.</span> <span class='ocrx_word' id='word_1_176' title='bbox 276 1436 319 1466; x_wconf 92' lang='lat' dir='ltr'>Et</span> <span class='ocrx_word' id='word_1_177' title='bbox 334 1439 407 1476; x_wconf 88' lang='lat' dir='ltr'>post</span> <span class='ocrx_word' id='word_1_178' title='bbox 422 1436 694 1468; x_wconf 83' lang='lat' dir='ltr'>consultacionem</span> <span class='ocrx_word' id='word_1_179' title='bbox 706 1437 855 1468; x_wconf 86' lang='lat' dir='ltr'>dominus</span> <span class='ocrx_word' id='word_1_180' title='bbox 869 1446 926 1467; x_wconf 82' lang='lat' dir='ltr'>rex</span> <span class='ocrx_word' id='word_1_181' title='bbox 938 1446 1013 1467; x_wconf 87' lang='lat' dir='ltr'>cum</span> <span class='ocrx_word' id='word_1_182' title='bbox 1023 1436 1163 1467; x_wconf 86' lang='lat' dir='ltr'>dominis</span> <span class='ocrx_word' id='word_1_183' title='bbox 1180 1436 1219 1467; x_wconf 85' lang='lat' dir='ltr'>de</span> 
     </span>
     <span class='ocr_line' id='line_1_23' title="bbox 167 1484 1220 1527; baseline 0.002 -12"><span class='ocrx_word' id='word_1_184' title='bbox 167 1484 298 1515; x_wconf 89' lang='lat' dir='ltr'>consilio</span> <span class='ocrx_word' id='word_1_185' title='bbox 322 1485 530 1516; x_wconf 87' lang='lat' dir='ltr'>decreverunt</span> <span class='ocrx_word' id='word_1_186' title='bbox 553 1485 712 1517; x_wconf 86' lang='lat' dir='ltr'>debitores</span> <span class='ocrx_word' id='word_1_187' title='bbox 736 1486 886 1527; x_wconf 83' lang='lat' dir='ltr'>compelli</span> <span class='ocrx_word' id='word_1_188' title='bbox 901 1485 941 1517; x_wconf 83' lang='lat' dir='ltr'>ad</span> <span class='ocrx_word' id='word_1_189' title='bbox 964 1485 1171 1523; x_wconf 82' lang='lat' dir='ltr'>solucionem,</span> <span class='ocrx_word' id='word_1_190' title='bbox 1188 1489 1220 1517; x_wconf 83' lang='lat' dir='ltr'>et</span> 
     </span>
     <span class='ocr_line' id='line_1_24' title="bbox 167 1534 1147 1576; baseline 0.002 -11"><span class='ocrx_word' id='word_1_191' title='bbox 167 1534 273 1576; x_wconf 87' lang='lat' dir='ltr'>ipsum</span> <span class='ocrx_word' id='word_1_192' title='bbox 288 1535 477 1576; x_wconf 85' lang='lat' dir='ltr'>magistrum</span> <span class='ocrx_word' id='word_1_193' title='bbox 492 1535 657 1567; x_wconf 87' lang='lat' dir='ltr'>Andream</span> <span class='ocrx_word' id='word_1_194' title='bbox 673 1536 708 1566; x_wconf 89' lang='lat' dir='ltr'>in</span> <span class='ocrx_word' id='word_1_195' title='bbox 724 1535 888 1576; x_wconf 86' lang='lat' dir='ltr'>premissis</span> <span class='ocrx_word' id='word_1_196' title='bbox 905 1538 1147 1572; x_wconf 82' lang='lat' dir='ltr'>exonerarunt.†</span> 
     </span>
    </p>
   </div>
   <div class='ocr_carea' id='block_1_4' title="bbox 167 1645 1223 2221">
    <p class='ocr_par' dir='ltr' id='par_1_5' title="bbox 167 1645 1220 1755">
     <span class='ocr_line' id='line_1_25' title="bbox 199 1645 1220 1678; baseline 0.001 -9"><span class='ocrx_word' id='word_1_197' title='bbox 199 1645 214 1658; x_wconf 68' lang='lat'>³*</span> <span class='ocrx_word' id='word_1_198' title='bbox 225 1645 418 1670; x_wconf 85' lang='lat' dir='ltr'>Memorandum</span> <span class='ocrx_word' id='word_1_199' title='bbox 431 1645 499 1677; x_wconf 85' lang='lat' dir='ltr'>quod</span> <span class='ocrx_word' id='word_1_200' title='bbox 511 1648 659 1678; x_wconf 81' lang='lat' dir='ltr'>compotans</span> <span class='ocrx_word' id='word_1_201' title='bbox 677 1654 728 1670; x_wconf 90' lang='lat' dir='ltr'>non</span> <span class='ocrx_word' id='word_1_202' title='bbox 746 1647 835 1670; x_wconf 81' lang='lat' dir='ltr'>onerat</span> <span class='ocrx_word' id='word_1_203' title='bbox 852 1653 877 1670; x_wconf 86' lang='lat' dir='ltr'>se</span> <span class='ocrx_word' id='word_1_204' title='bbox 890 1645 955 1677; x_wconf 83' lang='lat' dir='ltr'>devj</span> <span class='ocrx_word' id='word_1_205' title='bbox 975 1648 1002 1671; x_wconf 73' lang='lat' dir='ltr'>n.</span> <span class='ocrx_word' id='word_1_206' title='bbox 1024 1646 1049 1678; x_wconf 81' lang='lat' dir='ltr'>xj</span> <span class='ocrx_word' id='word_1_207' title='bbox 1068 1647 1087 1671; x_wconf 79' lang='grc' dir='ltr'>Ξ.</span> <span class='ocrx_word' id='word_1_208' title='bbox 1107 1646 1125 1677; x_wconf 82' lang='lat' dir='ltr'>ij</span> <span class='ocrx_word' id='word_1_209' title='bbox 1145 1647 1168 1670; x_wconf 72' lang='lat' dir='ltr'>d.</span> <span class='ocrx_word' id='word_1_210' title='bbox 1190 1646 1220 1670; x_wconf 84' lang='lat' dir='ltr'>de</span> 
     </span>
     <span class='ocr_line' id='line_1_26' title="bbox 167 1684 1220 1717; baseline 0 -9"><span class='ocrx_word' id='word_1_211' title='bbox 167 1684 297 1717; x_wconf 82' lang='lat' dir='ltr'>arreragiis</span> <span class='ocrx_word' id='word_1_212' title='bbox 309 1684 401 1709; x_wconf 88' lang='lat' dir='ltr'>ultimo</span> <span class='ocrx_word' id='word_1_213' title='bbox 414 1685 525 1717; x_wconf 82' lang='lat' dir='ltr'>compoti</span> <span class='ocrx_word' id='word_1_214' title='bbox 537 1685 654 1717; x_wconf 86' lang='lat' dir='ltr'>magistri</span> <span class='ocrx_word' id='word_1_215' title='bbox 665 1685 760 1709; x_wconf 85' lang='lat' dir='ltr'>Thome</span> <span class='ocrx_word' id='word_1_216' title='bbox 773 1684 804 1709; x_wconf 90' lang='lat' dir='ltr'>de</span> <span class='ocrx_word' id='word_1_217' title='bbox 822 1684 983 1715; x_wconf 81' lang='lat' dir='ltr'>Carmicheu,</span> <span class='ocrx_word' id='word_1_218' title='bbox 995 1687 1024 1709; x_wconf 82' lang='lat' dir='ltr'>ut</span> <span class='ocrx_word' id='word_1_219' title='bbox 1036 1687 1107 1716; x_wconf 81' lang='lat' dir='ltr'>patet</span> <span class='ocrx_word' id='word_1_220' title='bbox 1119 1685 1145 1708; x_wconf 82' lang='lat' dir='ltr'>in</span> <span class='ocrx_word' id='word_1_221' title='bbox 1159 1685 1220 1717; x_wconf 84' lang='lat' dir='ltr'>pede</span> 
     </span>
     <span class='ocr_line' id='line_1_27' title="bbox 167 1723 287 1755; baseline 0.008 -7"><span class='ocrx_word' id='word_1_222' title='bbox 167 1723 287 1755; x_wconf 74' lang='lat' dir='ltr'>ejusdem.</span> 
     </span>
    </p>

    <p class='ocr_par' dir='ltr' id='par_1_6' title="bbox 167 1761 1223 2221">
     <span class='ocr_line' id='line_1_28' title="bbox 199 1761 1221 1794; baseline 0 -8"><span class='ocrx_word' id='word_1_223' title='bbox 199 1762 215 1789; x_wconf 88' lang='lat'>†</span> <span class='ocrx_word' id='word_1_224' title='bbox 226 1762 311 1787; x_wconf 84' lang='lat' dir='ltr'>James</span> <span class='ocrx_word' id='word_1_225' title='bbox 328 1762 358 1786; x_wconf 94' lang='lat' dir='ltr'>be</span> <span class='ocrx_word' id='word_1_226' title='bbox 376 1762 420 1786; x_wconf 84' lang='lat' dir='ltr'>the</span> <span class='ocrx_word' id='word_1_227' title='bbox 437 1770 509 1794; x_wconf 82' lang='lat' dir='ltr'>grace</span> <span class='ocrx_word' id='word_1_228' title='bbox 526 1762 553 1787; x_wconf 83' lang='lat' dir='ltr'>of</span> <span class='ocrx_word' id='word_1_229' title='bbox 570 1762 625 1787; x_wconf 86' lang='lat' dir='ltr'>God</span> <span class='ocrx_word' id='word_1_230' title='bbox 642 1762 707 1794; x_wconf 80' lang='lat' dir='ltr'>king</span> <span class='ocrx_word' id='word_1_231' title='bbox 724 1762 750 1786; x_wconf 81' lang='lat' dir='ltr'>of</span> <span class='ocrx_word' id='word_1_232' title='bbox 766 1763 860 1787; x_wconf 82' lang='lat' dir='ltr'>Scottis</span> <span class='ocrx_word' id='word_1_233' title='bbox 877 1761 918 1786; x_wconf 87' lang='lat' dir='ltr'>Til</span> <span class='ocrx_word' id='word_1_234' title='bbox 936 1770 995 1786; x_wconf 88' lang='lat' dir='ltr'>oure</span> <span class='ocrx_word' id='word_1_235' title='bbox 1012 1762 1112 1786; x_wconf 84' lang='lat' dir='ltr'>lovittis</span> <span class='ocrx_word' id='word_1_236' title='bbox 1130 1762 1221 1787; x_wconf 83' lang='lat' dir='ltr'>elerkis</span> 
     </span>
     <span class='ocr_line' id='line_1_29' title="bbox 167 1800 1222 1833; baseline -0.001 -8"><span class='ocrx_word' id='word_1_237' title='bbox 167 1801 270 1825; x_wconf 84' lang='lat' dir='ltr'>maister</span> <span class='ocrx_word' id='word_1_238' title='bbox 287 1800 411 1825; x_wconf 80' lang='lat' dir='ltr'>Richarde</span> <span class='ocrx_word' id='word_1_239' title='bbox 428 1801 522 1825; x_wconf 82' lang='lat' dir='ltr'>Forbas</span> <span class='ocrx_word' id='word_1_240' title='bbox 540 1801 590 1825; x_wconf 84' lang='lat' dir='ltr'>and</span> <span class='ocrx_word' id='word_1_241' title='bbox 608 1801 697 1833; x_wconf 86' lang='lat' dir='ltr'>Henry</span> <span class='ocrx_word' id='word_1_242' title='bbox 715 1801 847 1833; x_wconf 86' lang='lat' dir='ltr'>Kingorne</span> <span class='ocrx_word' id='word_1_243' title='bbox 868 1801 988 1832; x_wconf 80' lang='lat' dir='ltr'>greting3</span> <span class='ocrx_word' id='word_1_244' title='bbox 1013 1801 1172 1825; x_wconf 84' lang='lat' dir='ltr'>Forsamekle</span> <span class='ocrx_word' id='word_1_245' title='bbox 1195 1809 1222 1825; x_wconf 82' lang='lat' dir='ltr'>as</span> 
     </span>
     <span class='ocr_line' id='line_1_30' title="bbox 167 1839 1218 1872; baseline -0.001 -8"><span class='ocrx_word' id='word_1_246' title='bbox 167 1839 239 1865; x_wconf 74' lang='lat' dir='ltr'>thare</span> <span class='ocrx_word' id='word_1_247' title='bbox 250 1840 272 1864; x_wconf 81' lang='lat' dir='ltr'>is</span> <span class='ocrx_word' id='word_1_248' title='bbox 284 1843 383 1864; x_wconf 74' lang='lat' dir='ltr'>certene</span> <span class='ocrx_word' id='word_1_249' title='bbox 395 1847 493 1864; x_wconf 82' lang='lat' dir='ltr'>soumes</span> <span class='ocrx_word' id='word_1_250' title='bbox 502 1840 530 1864; x_wconf 87' lang='lat' dir='ltr'>of</span> <span class='ocrx_word' id='word_1_251' title='bbox 540 1848 644 1872; x_wconf 86' lang='lat' dir='ltr'>moneye</span> <span class='ocrx_word' id='word_1_252' title='bbox 655 1840 771 1865; x_wconf 83' lang='lat' dir='ltr'>restande</span> <span class='ocrx_word' id='word_1_253' title='bbox 779 1848 848 1872; x_wconf 86' lang='lat' dir='ltr'>upon</span> <span class='ocrx_word' id='word_1_254' title='bbox 859 1848 919 1864; x_wconf 88' lang='lat' dir='ltr'>oure</span> <span class='ocrx_word' id='word_1_255' title='bbox 930 1839 1012 1863; x_wconf 87' lang='lat' dir='ltr'>lovete</span> <span class='ocrx_word' id='word_1_256' title='bbox 1023 1839 1133 1863; x_wconf 81' lang='lat' dir='ltr'>familiar</span> <span class='ocrx_word' id='word_1_257' title='bbox 1141 1839 1218 1869; x_wconf 79' lang='lat' dir='ltr'>clerk,</span> 
     </span>
     <span class='ocr_line' id='line_1_31' title="bbox 167 1877 1222 1910; baseline -0.002 -7"><span class='ocrx_word' id='word_1_258' title='bbox 167 1879 271 1904; x_wconf 79' lang='lat' dir='ltr'>maister</span> <span class='ocrx_word' id='word_1_259' title='bbox 284 1879 392 1903; x_wconf 88' lang='lat' dir='ltr'>Andrew</span> <span class='ocrx_word' id='word_1_260' title='bbox 404 1879 473 1910; x_wconf 84' lang='lat' dir='ltr'>Lyel,</span> <span class='ocrx_word' id='word_1_261' title='bbox 488 1879 547 1904; x_wconf 83' lang='lat' dir='ltr'>that</span> <span class='ocrx_word' id='word_1_262' title='bbox 563 1879 626 1903; x_wconf 88' lang='lat' dir='ltr'>time</span> <span class='ocrx_word' id='word_1_263' title='bbox 643 1879 702 1903; x_wconf 79' lang='lat' dir='ltr'>that</span> <span class='ocrx_word' id='word_1_264' title='bbox 719 1879 751 1903; x_wconf 91' lang='lat' dir='ltr'>he</span> <span class='ocrx_word' id='word_1_265' title='bbox 769 1887 819 1903; x_wconf 82' lang='lat' dir='ltr'>was</span> <span class='ocrx_word' id='word_1_266' title='bbox 837 1886 896 1903; x_wconf 86' lang='lat' dir='ltr'>oure</span> <span class='ocrx_word' id='word_1_267' title='bbox 914 1877 1092 1903; x_wconf 76' lang='lat' dir='ltr'>chaumerlane</span> <span class='ocrx_word' id='word_1_268' title='bbox 1110 1878 1136 1902; x_wconf 77' lang='lat' dir='ltr'>of</span> <span class='ocrx_word' id='word_1_269' title='bbox 1153 1878 1222 1902; x_wconf 79' lang='lat' dir='ltr'>Mai-r</span> 
     </span>
     <span class='ocr_line' id='line_1_32' title="bbox 167 1915 1222 1950; baseline -0.003 -8"><span class='ocrx_word' id='word_1_270' title='bbox 167 1918 219 1942; x_wconf 81' lang='lat' dir='ltr'>aud</span> <span class='ocrx_word' id='word_1_271' title='bbox 231 1918 364 1948; x_wconf 79' lang='lat' dir='ltr'>Garviach,</span> <span class='ocrx_word' id='word_1_272' title='bbox 378 1917 493 1950; x_wconf 80' lang='lat' dir='ltr'>quhilkis</span> <span class='ocrx_word' id='word_1_273' title='bbox 505 1926 532 1942; x_wconf 84' lang='lat' dir='ltr'>ar</span> <span class='ocrx_word' id='word_1_274' title='bbox 543 1926 570 1942; x_wconf 80' lang='lat' dir='ltr'>as</span> <span class='ocrx_word' id='word_1_275' title='bbox 579 1918 611 1942; x_wconf 88' lang='lat' dir='ltr'>he</span> <span class='ocrx_word' id='word_1_276' title='bbox 624 1918 673 1942; x_wconf 79' lang='lat' dir='ltr'>sais</span> <span class='ocrx_word' id='word_1_277' title='bbox 681 1918 737 1942; x_wconf 90' lang='lat' dir='ltr'>into</span> <span class='ocrx_word' id='word_1_278' title='bbox 746 1918 791 1942; x_wconf 77' lang='lat' dir='ltr'>the</span> <span class='ocrx_word' id='word_1_279' title='bbox 800 1917 892 1941; x_wconf 85' lang='lat' dir='ltr'>handis</span> <span class='ocrx_word' id='word_1_280' title='bbox 906 1917 931 1941; x_wconf 77' lang='lat' dir='ltr'>of</span> <span class='ocrx_word' id='word_1_281' title='bbox 943 1917 1040 1940; x_wconf 79' lang='lat' dir='ltr'>diverse</span> <span class='ocrx_word' id='word_1_282' title='bbox 1053 1916 1165 1947; x_wconf 87' lang='lat' dir='ltr'>personis</span> <span class='ocrx_word' id='word_1_283' title='bbox 1177 1915 1222 1940; x_wconf 81' lang='lat' dir='ltr'>the</span> 
     </span>
     <span class='ocr_line' id='line_1_33' title="bbox 167 1954 1219 1983; baseline -0.003 -3"><span class='ocrx_word' id='word_1_284' title='bbox 167 1956 305 1980; x_wconf 80' lang='lat' dir='ltr'>tenuandis</span> <span class='ocrx_word' id='word_1_285' title='bbox 317 1956 368 1981; x_wconf 80' lang='lat' dir='ltr'>and</span> <span class='ocrx_word' id='word_1_286' title='bbox 378 1956 549 1980; x_wconf 79' lang='lat' dir='ltr'>inhabitantis</span> <span class='ocrx_word' id='word_1_287' title='bbox 561 1956 612 1980; x_wconf 87' lang='lat' dir='ltr'>and</span> <span class='ocrx_word' id='word_1_288' title='bbox 624 1956 740 1981; x_wconf 83' lang='lat' dir='ltr'>officiaris</span> <span class='ocrx_word' id='word_1_289' title='bbox 752 1957 791 1980; x_wconf 84' lang='lat' dir='ltr'>for</span> <span class='ocrx_word' id='word_1_290' title='bbox 803 1956 847 1980; x_wconf 83' lang='lat' dir='ltr'>the</span> <span class='ocrx_word' id='word_1_291' title='bbox 864 1956 926 1980; x_wconf 85' lang='lat' dir='ltr'>time</span> <span class='ocrx_word' id='word_1_292' title='bbox 939 1955 965 1979; x_wconf 83' lang='lat' dir='ltr'>of</span> <span class='ocrx_word' id='word_1_293' title='bbox 981 1954 1026 1978; x_wconf 80' lang='lat' dir='ltr'>the</span> <span class='ocrx_word' id='word_1_294' title='bbox 1038 1954 1115 1978; x_wconf 82' lang='lat' dir='ltr'>saidis</span> <span class='ocrx_word' id='word_1_295' title='bbox 1127 1954 1219 1983; x_wconf 74' lang='lat' dir='ltr'>landis,</span> 
     </span>
     <span class='ocr_line' id='line_1_34' title="bbox 168 1993 1223 2026; baseline -0.002 -8"><span class='ocrx_word' id='word_1_296' title='bbox 168 1994 195 2019; x_wconf 86' lang='lat' dir='ltr'>of</span> <span class='ocrx_word' id='word_1_297' title='bbox 204 1994 249 2018; x_wconf 84' lang='lat' dir='ltr'>the</span> <span class='ocrx_word' id='word_1_298' title='bbox 260 1994 375 2026; x_wconf 84' lang='lat' dir='ltr'>quhilkis</span> <span class='ocrx_word' id='word_1_299' title='bbox 386 1994 418 2019; x_wconf 90' lang='lat' dir='ltr'>he</span> <span class='ocrx_word' id='word_1_300' title='bbox 436 2002 482 2019; x_wconf 80' lang='lat' dir='ltr'>can</span> <span class='ocrx_word' id='word_1_301' title='bbox 493 1998 536 2026; x_wconf 82' lang='lat' dir='ltr'>get</span> <span class='ocrx_word' id='word_1_302' title='bbox 548 2003 581 2019; x_wconf 79' lang='lat' dir='ltr'>na</span> <span class='ocrx_word' id='word_1_303' title='bbox 592 1995 748 2019; x_wconf 83' lang='lat' dir='ltr'>deliverance</span> <span class='ocrx_word' id='word_1_304' title='bbox 759 2002 806 2019; x_wconf 87' lang='lat' dir='ltr'>nor</span> <span class='ocrx_word' id='word_1_305' title='bbox 817 1996 940 2026; x_wconf 86' lang='lat' dir='ltr'>payment</span> <span class='ocrx_word' id='word_1_306' title='bbox 952 1994 979 2017; x_wconf 89' lang='lat' dir='ltr'>in</span> <span class='ocrx_word' id='word_1_307' title='bbox 991 1995 1060 2025; x_wconf 79' lang='lat' dir='ltr'>grets</span> <span class='ocrx_word' id='word_1_308' title='bbox 1077 1993 1159 2017; x_wconf 82' lang='lat' dir='ltr'>scaith</span> <span class='ocrx_word' id='word_1_309' title='bbox 1171 1993 1223 2017; x_wconf 81' lang='lat' dir='ltr'>and</span> 
     </span>
     <span class='ocr_line' id='line_1_35' title="bbox 167 2031 1222 2066; baseline -0.004 -8"><span class='ocrx_word' id='word_1_310' title='bbox 167 2033 291 2065; x_wconf 86' lang='lat' dir='ltr'>hindring</span> <span class='ocrx_word' id='word_1_311' title='bbox 301 2033 334 2058; x_wconf 83' lang='lat' dir='ltr'>til</span> <span class='ocrx_word' id='word_1_312' title='bbox 346 2033 407 2063; x_wconf 87' lang='lat' dir='ltr'>him,</span> <span class='ocrx_word' id='word_1_313' title='bbox 420 2042 456 2058; x_wconf 86' lang='lat' dir='ltr'>we</span> <span class='ocrx_word' id='word_1_314' title='bbox 465 2034 556 2058; x_wconf 84' lang='lat' dir='ltr'>exhort</span> <span class='ocrx_word' id='word_1_315' title='bbox 564 2033 614 2058; x_wconf 84' lang='lat' dir='ltr'>and</span> <span class='ocrx_word' id='word_1_316' title='bbox 626 2034 693 2066; x_wconf 80' lang='lat' dir='ltr'>prais</span> <span class='ocrx_word' id='word_1_317' title='bbox 705 2041 755 2065; x_wconf 85' lang='lat' dir='ltr'>you</span> <span class='ocrx_word' id='word_1_318' title='bbox 768 2033 835 2057; x_wconf 86' lang='lat' dir='ltr'>richt</span> <span class='ocrx_word' id='word_1_319' title='bbox 847 2032 985 2056; x_wconf 83' lang='lat' dir='ltr'>effectiusle</span> <span class='ocrx_word' id='word_1_320' title='bbox 997 2032 1047 2056; x_wconf 83' lang='lat' dir='ltr'>and</span> <span class='ocrx_word' id='word_1_321' title='bbox 1060 2031 1112 2055; x_wconf 79' lang='lat' dir='ltr'>alsa</span> <span class='ocrx_word' id='word_1_322' title='bbox 1124 2031 1222 2063; x_wconf 78' lang='lat' dir='ltr'>chargis</span> 
     </span>
     <span class='ocr_line' id='line_1_36' title="bbox 169 2070 1222 2104; baseline -0.002 -8"><span class='ocrx_word' id='word_1_323' title='bbox 169 2072 227 2097; x_wconf 81' lang='lat' dir='ltr'>that</span> <span class='ocrx_word' id='word_1_324' title='bbox 238 2080 268 2103; x_wconf 86' lang='lat' dir='ltr'>ye</span> <span class='ocrx_word' id='word_1_325' title='bbox 280 2080 308 2096; x_wconf 87' lang='lat' dir='ltr'>or</span> <span class='ocrx_word' id='word_1_326' title='bbox 320 2080 370 2103; x_wconf 85' lang='lat' dir='ltr'>ony</span> <span class='ocrx_word' id='word_1_327' title='bbox 382 2080 428 2096; x_wconf 80' lang='lat' dir='ltr'>ane</span> <span class='ocrx_word' id='word_1_328' title='bbox 440 2072 468 2096; x_wconf 80' lang='lat' dir='ltr'>of</span> <span class='ocrx_word' id='word_1_329' title='bbox 482 2080 537 2104; x_wconf 87' lang='lat' dir='ltr'>yow</span> <span class='ocrx_word' id='word_1_330' title='bbox 553 2073 580 2096; x_wconf 92' lang='lat' dir='ltr'>in</span> <span class='ocrx_word' id='word_1_331' title='bbox 597 2072 623 2096; x_wconf 77' lang='lat' dir='ltr'>al</span> <span class='ocrx_word' id='word_1_332' title='bbox 638 2072 732 2104; x_wconf 81' lang='lat' dir='ltr'>gudely</span> <span class='ocrx_word' id='word_1_333' title='bbox 749 2072 818 2096; x_wconf 85' lang='lat' dir='ltr'>haist</span> <span class='ocrx_word' id='word_1_334' title='bbox 835 2072 861 2095; x_wconf 91' lang='lat' dir='ltr'>in</span> <span class='ocrx_word' id='word_1_335' title='bbox 880 2079 939 2095; x_wconf 89' lang='lat' dir='ltr'>oure</span> <span class='ocrx_word' id='word_1_336' title='bbox 957 2078 1030 2094; x_wconf 84' lang='lat' dir='ltr'>name</span> <span class='ocrx_word' id='word_1_337' title='bbox 1043 2070 1081 2094; x_wconf 84' lang='lat' dir='ltr'>cal</span> <span class='ocrx_word' id='word_1_338' title='bbox 1099 2070 1142 2094; x_wconf 88' lang='lat' dir='ltr'>the</span> <span class='ocrx_word' id='word_1_339' title='bbox 1155 2070 1222 2094; x_wconf 79' lang='lat' dir='ltr'>sadis</span> 
     </span>
     <span class='ocr_line' id='line_1_37' title="bbox 169 2109 1222 2142; baseline -0.004 -6"><span class='ocrx_word' id='word_1_340' title='bbox 169 2111 284 2136; x_wconf 82' lang='lat' dir='ltr'>officiaris</span> <span class='ocrx_word' id='word_1_341' title='bbox 296 2111 411 2142; x_wconf 85' lang='lat' dir='ltr'>quhilkis</span> <span class='ocrx_word' id='word_1_342' title='bbox 423 2120 471 2136; x_wconf 85' lang='lat' dir='ltr'>wes</span> <span class='ocrx_word' id='word_1_343' title='bbox 483 2112 520 2136; x_wconf 90' lang='lat' dir='ltr'>for</span> <span class='ocrx_word' id='word_1_344' title='bbox 532 2112 576 2137; x_wconf 85' lang='lat' dir='ltr'>the</span> <span class='ocrx_word' id='word_1_345' title='bbox 588 2112 651 2136; x_wconf 83' lang='lat' dir='ltr'>time</span> <span class='ocrx_word' id='word_1_346' title='bbox 663 2112 690 2136; x_wconf 89' lang='lat' dir='ltr'>of</span> <span class='ocrx_word' id='word_1_347' title='bbox 705 2112 749 2136; x_wconf 84' lang='lat' dir='ltr'>the</span> <span class='ocrx_word' id='word_1_348' title='bbox 762 2111 838 2135; x_wconf 81' lang='lat' dir='ltr'>saidis</span> <span class='ocrx_word' id='word_1_349' title='bbox 850 2110 941 2139; x_wconf 79' lang='lat' dir='ltr'>landis,</span> <span class='ocrx_word' id='word_1_350' title='bbox 957 2109 1021 2133; x_wconf 80' lang='lat' dir='ltr'>ande</span> <span class='ocrx_word' id='word_1_351' title='bbox 1035 2109 1097 2133; x_wconf 86' lang='lat' dir='ltr'>efter</span> <span class='ocrx_word' id='word_1_352' title='bbox 1110 2109 1153 2133; x_wconf 86' lang='lat' dir='ltr'>the</span> <span class='ocrx_word' id='word_1_353' title='bbox 1167 2111 1222 2133; x_wconf 84' lang='lat' dir='ltr'>ten-</span> 
     </span>
     <span class='ocr_line' id='line_1_38' title="bbox 168 2147 1223 2182; baseline -0.002 -8"><span class='ocrx_word' id='word_1_354' title='bbox 168 2158 233 2174; x_wconf 90' lang='lat' dir='ltr'>nour</span> <span class='ocrx_word' id='word_1_355' title='bbox 244 2149 271 2174; x_wconf 79' lang='lat' dir='ltr'>of</span> <span class='ocrx_word' id='word_1_356' title='bbox 286 2157 345 2174; x_wconf 87' lang='lat' dir='ltr'>oure</span> <span class='ocrx_word' id='word_1_357' title='bbox 362 2150 416 2174; x_wconf 82' lang='lat' dir='ltr'>said</span> <span class='ocrx_word' id='word_1_358' title='bbox 434 2150 524 2175; x_wconf 72' lang='lat' dir='ltr'>clerkis</span> <span class='ocrx_word' id='word_1_359' title='bbox 541 2150 650 2175; x_wconf 79' lang='lat' dir='ltr'>rentalcs</span> <span class='ocrx_word' id='word_1_360' title='bbox 661 2158 692 2182; x_wconf 87' lang='lat' dir='ltr'>ye</span> <span class='ocrx_word' id='word_1_361' title='bbox 709 2152 789 2175; x_wconf 78' lang='lat' dir='ltr'>rcsate</span> <span class='ocrx_word' id='word_1_362' title='bbox 808 2149 859 2174; x_wconf 81' lang='lat' dir='ltr'>and</span> <span class='ocrx_word' id='word_1_363' title='bbox 877 2149 1034 2174; x_wconf 82' lang='lat' dir='ltr'>deliverance</span> <span class='ocrx_word' id='word_1_364' title='bbox 1052 2148 1079 2172; x_wconf 87' lang='lat' dir='ltr'>of</span> <span class='ocrx_word' id='word_1_365' title='bbox 1089 2148 1133 2173; x_wconf 81' lang='lat' dir='ltr'>the</span> <span class='ocrx_word' id='word_1_366' title='bbox 1145 2147 1223 2172; x_wconf 81' lang='lat' dir='ltr'>saidis</span> 
     </span>
     <span class='ocr_line' id='line_1_39' title="bbox 169 2188 764 2221; baseline 0.002 -8"><span class='ocrx_word' id='word_1_367' title='bbox 169 2189 285 2214; x_wconf 80' lang='lat' dir='ltr'>officiaris</span> <span class='ocrx_word' id='word_1_368' title='bbox 297 2188 355 2214; x_wconf 78' lang='lat' dir='ltr'>that</span> <span class='ocrx_word' id='word_1_369' title='bbox 366 2197 396 2220; x_wconf 79' lang='lat' dir='ltr'>ye</span> <span class='ocrx_word' id='word_1_370' title='bbox 409 2189 499 2221; x_wconf 76' lang='lat' dir='ltr'>certify</span> <span class='ocrx_word' id='word_1_371' title='bbox 499 2207 764 2214; x_wconf 89' lang='grc'>.......</span> 
     </span>
    </p>
   </div>
   <div class='ocr_carea' id='block_1_5' title="bbox 0 1227 46 2011">
    <p class='ocr_par' dir='ltr' id='par_1_7' title="bbox 0 1172 46 2011">
     <span class='ocr_line' id='line_1_40' title="bbox 0 1227 33 2011; textangle 90"><span class='ocrx_word' id='word_1_372' title='bbox 0 1301 33 2011; x_wconf 30' lang='lat' dir='ltr'>,s,”22st,z-ssjmwsffifmwrttvtv&#39;r‘xfuw&#39;f</span> <span class='ocrx_word' id='word_1_373' title='bbox 0 1251 9 1271; x_wconf 43' lang='lat' dir='ltr'>v·</span> <span class='ocrx_word' id='word_1_374' title='bbox 0 1227 2 1229; x_wconf 66' lang='grc'>’</span> 
     </span>
     <span class='ocr_line' id='line_1_41' title="bbox 30 1694 46 1856; textangle 90"><span class='ocrx_word' id='word_1_375' title='bbox 31 1853 37 1856; x_wconf 98' lang='grc'><strong>’</strong></span> <span class='ocrx_word' id='word_1_376' title='bbox 33 1827 38 1830; x_wconf 72' lang='lat'>*</span> <span class='ocrx_word' id='word_1_377' title='bbox 30 1769 34 1771; x_wconf 76' lang='lat'><em>&#39;</em></span> <span class='ocrx_word' id='word_1_378' title='bbox 36 1694 46 1698; x_wconf 86' lang='grc' dir='ltr'><em>ι</em></span> 
     </span>
    </p>
   </div>
   <div class='ocr_carea' id='block_1_6' title="bbox 0 2003 45 2462">
    <p class='ocr_par' dir='ltr' id='par_1_8' title="bbox 0 2003 45 2462">
     <span class='ocr_line' id='line_1_42' title="bbox 0 2003 45 2462; baseline 0 0"><span class='ocrx_word' id='word_1_379' title='bbox 0 2003 45 2462; x_wconf 95' lang='lat' dir='ltr'> </span> 
     </span>
    </p>
   </div>
  </div>
 </body>
</html>
