1551 2462
351 249 390 277 22
397 249 413 277 6
665 244 831 277 ROTULI
854 244 1091 277 SCACOARH
1315 245 1406 274 1463.

350 339 601 381 percipientibus
648 339 814 371 annuatim
869 339 978 370 decem
1025 348 1149 369 marcas
1195 337 1234 369 de
1290 336 1410 368 castri·

354 389 473 421 wardis
502 389 600 421 ballie
628 388 850 430 compotantis,
882 398 922 419 ex
943 388 1118 419 elemosina
1141 386 1263 418 domini
1279 386 1412 418 Roberti

352 439 455 470 Primi
484 439 577 480 regis,
594 442 631 470 ut
654 442 744 480 patet
775 439 809 469 in
832 438 945 470 rotulis
969 438 1223 479 precedentibus,
1247 437 1407 468 dictorum

352 489 503 520 Fratrum
525 489 702 521 fatencium
725 486 893 529 receptum
917 498 1012 529 super
1028 492 1213 530 compotum
1228 497 1284 528 per
1299 487 1408 518 literas

353 539 413 570 sub
473 539 579 579 sigillo
632 539 796 570 communi
849 538 1008 570 dictorum
1060 538 1212 569 Fratrum
1265 540 1408 568 ostensas

353 599 449 629 super
489 592 674 630 compotum
720 589 758 620 de
804 588 899 619 dictis
945 588 1070 619 duobus
1116 588 1218 625 annis,
1265 587 1322 628 xiij
1374 586 1407 618 ii

352 638 385 679 vj
429 643 451 669 s.
491 639 547 679 viij
595 638 624 671 d.
683 639 725 670 Et
766 638 878 675 eidem,
924 648 981 678 pro
1027 638 1177 679 expensis
1220 638 1409 669 clericorum

350 688 527 728 justiciarie
565 688 658 720 factis
699 688 734 720 in
772 687 950 729 Linlithqw
1000 688 1228 729 reeipiencium
1272 687 1409 719 indicta·

353 741 472 775 menta,
510 741 546 769 ut
583 742 674 779 patet
696 748 752 779 per
774 738 902 769 literam
939 737 1016 769 dicti
1053 738 1225 779 justiciarii
1262 738 1301 769 de
1338 748 1408 778 pre-

353 790 444 829 cepto
460 790 622 819 ostensam
645 798 742 829 super
769 791 962 829 compotum,
987 788 1066 819 xxix
1090 792 1112 819 s.
1159 788 1202 819 Et
1227 798 1284 828 per
1298 787 1410 818 remis-

353 838 477 868 sionem
492 838 610 869 faotam
625 837 724 879 priori
740 837 968 869 Sanctiandree
981 837 1020 869 de
1036 837 1282 869 amerciamento
1294 838 1329 868 in
1346 847 1409 878 quo

353 887 555 928 adjudicatus
571 888 635 918 fuit
650 888 684 918 in
700 888 815 919 itinere
828 887 1006 929 justiciarie
1018 891 1107 918 tento
1122 887 1207 928 apud
1219 887 1408 927 Edinburgh

353 947 410 979 per
439 938 603 969 dominam
632 938 785 978 reginam,
815 938 946 969 custode
977 938 1096 978 privati
1134 937 1233 978 sigilli
1270 940 1409 968 testante

353 988 574 1019 remissionem
601 997 696 1028 super
719 991 914 1028 compotum,
937 998 959 1018 x
981 987 1013 1018 li.
1060 988 1103 1018 Et
1126 997 1182 1028 per
1209 986 1408 1018 consimilem

352 1037 573 1069 remissionem
600 1037 720 1068 factam
751 1037 880 1068 domino
907 1037 1145 1078 Levingstoune
1169 1047 1226 1078 pro
1258 1036 1408 1067 amercia-

353 1090 462 1118 mento
491 1087 525 1118 in
553 1097 617 1128 quo
637 1087 800 1128 judicatus
828 1087 891 1118 fuit
921 1086 1087 1118 Johannes
1119 1087 1201 1127 Leys
1231 1086 1266 1117 in
1297 1086 1408 1117 eodem

352 1137 467 1168 itinere
484 1136 671 1178 justiciarie,
684 1137 722 1167 de
732 1136 884 1168 mandato
900 1136 1028 1167 domine
1043 1136 1160 1178 regine,
1177 1136 1262 1167 dicto
1279 1136 1409 1167 custode
1446 1176 1450 1177 ⁷

352 1187 472 1227 privati
502 1186 599 1228 sigilli
629 1189 768 1218 testante
795 1186 994 1224 mandatum,
1021 1197 1044 1217 x
1069 1186 1100 1218 li.
1147 1186 1190 1218 Et
1214 1185 1326 1223 eidem,
1352 1196 1409 1226 per

353 1236 549 1268 solucionem
573 1236 691 1267 factam
714 1246 771 1277 pro
795 1236 943 1278 expensis
967 1236 1086 1268 Thome
1110 1235 1209 1273 Clerc,
1224 1235 1408 1276 recipientis

352 1286 585 1318 indictamenta
615 1289 745 1327 propter
774 1286 836 1317 iter
863 1286 1052 1327 justiciarie,
1076 1285 1225 1327 quamvis
1250 1295 1315 1317 non
1345 1285 1408 1316 fuit

352 1339 488 1373 tentum,
519 1336 619 1376 xxxvj
652 1339 676 1368 Ξ.
722 1336 766 1367 Et
796 1335 909 1373 eidem,
939 1346 996 1376 pro
1027 1335 1175 1377 expensis
1206 1335 1408 1376 quorundam

353 1385 544 1416 ducencium
569 1384 742 1425 quemdam
770 1395 824 1425 pro
850 1385 936 1416 furto
963 1388 1094 1426 captum
1118 1385 1158 1416 de
1173 1385 1351 1426 Linlithqw
1366 1385 1407 1416 ad

353 1438 493 1466 castrum
519 1434 558 1465 de
586 1433 818 1475 Hamyltoune,
845 1434 885 1465 de
911 1435 1064 1465 mandato
1087 1433 1207 1475 privati
1222 1434 1329 1475 sigilli,
1344 1445 1366 1465 v
1382 1438 1407 1466 s.

356 1484 491 1515 Summa
507 1493 729 1524 expensarum,
745 1484 846 1524 xxxvj
863 1483 896 1516 li.
913 1484 967 1523 xvj
986 1488 1008 1515 s.
1026 1483 1082 1524 viij
1100 1483 1129 1515 d.
1167 1483 1210 1514 Et
1225 1484 1271 1515 sic
1286 1486 1408 1515 restant

353 1534 455 1574 xxxiij
479 1533 511 1564 fi.
536 1533 593 1574 xiij
618 1537 641 1564 s.
666 1533 712 1574 iiij
738 1532 767 1564 d.
813 1533 864 1564 De
891 1533 1017 1573 quibus,
1040 1532 1176 1564 alloceat
1208 1534 1407 1574 compotanti

351 1594 409 1625 per
438 1583 659 1615 remissionem
699 1583 817 1614 factam
857 1582 965 1614 Carrio
1002 1582 1152 1624 signifero
1190 1583 1229 1614 de
1267 1583 1406 1624 quodam

352 1633 598 1665 amerciamento
615 1633 649 1663 in
664 1642 728 1673 quo
748 1632 949 1673 adjudicatus
966 1632 1030 1663 fuit
1044 1633 1079 1663 in
1101 1632 1215 1664 itinere
1228 1633 1405 1673 justiciarie

352 1686 442 1714 tento
473 1683 559 1723 apud
590 1682 767 1723 Linlithqw
797 1692 854 1723 pro
885 1691 950 1712 non
981 1682 1201 1722 comparencia
1239 1682 1406 1723 eujusdam

353 1733 500 1764 arrestati
527 1732 567 1763 ad
596 1731 718 1763 dictum
745 1731 814 1768 iter,
840 1735 936 1772 prout
960 1735 1050 1773 patet
1074 1742 1130 1773 per
1152 1731 1260 1764 literas
1284 1733 1407 1764 domini

351 1783 433 1825 regis
450 1783 510 1814 sub
527 1782 650 1824 signeto
666 1785 809 1813 ostensas
825 1792 921 1823 super
937 1786 1133 1823 computum,
1151 1793 1171 1813 x
1188 1782 1220 1814 fi.
