1551 2462
130 246 220 276 1469.
435 241 598 274 REGUM
621 241 867 274 SOOTORUM.
1112 247 1173 276 633

51 371 53 380 >
129 339 255 379 propter
269 335 452 367 vastitatem
473 334 653 366 earundem.
699 335 741 366 Et
764 335 876 373 eidem,
892 339 1023 377 propter
1038 337 1181 378 inopiam

130 385 270 418 Donaldi
281 385 504 416 Williamsone
519 385 732 416 inhabitantis
747 385 1008 427 Uvirbanquhry,
1025 387 1090 427 qui,
1105 388 1181 419 licet

130 438 270 477 tempore
292 434 502 466 assedacionis
525 434 640 465 habuit
663 434 858 466 sufficiencia
881 435 923 473 in,
952 436 1052 478 bonis,
1073 439 1182 468 tamen

114 489 239 527 *postea
260 484 444 516 devastatus
468 494 524 524 per
548 484 689 525 yemales
711 487 929 525 tempestates,
952 489 1048 526 prout
1071 487 1183 517 asserit

80 563 82 566 .
131 537 316 576 computans
343 534 377 565 in
403 544 460 565 suo
488 534 679 574 juramento,
711 544 751 565 ex
776 534 887 565 eadem
918 535 1183 573 consideracione,

23 589 27 593 '
131 584 230 625 xxxiij
248 588 270 615 s.
294 584 340 625 iiij
358 583 387 615 d.
432 584 475 614 Et
498 583 610 621 eidem,
633 594 690 625 pro
712 583 836 615 duobus
859 584 967 615 terciis
991 586 1183 616 exeuntibus

87 626 92 628 ’
110 650 114 660 2
130 634 169 666 (10
184 634 274 666 terris
290 633 328 665 de
346 634 451 671 Innes,
467 643 541 664 cum
557 633 674 675 quibus
697 636 886 675 computans
910 635 1056 675 superius
1073 645 1182 666 onera-

130 685 224 716 batur
238 686 311 714 ante
326 683 386 714 hoc
402 693 531 721 aunum,
548 694 568 714 v
591 683 622 715 fi.
641 684 673 725 xj
698 688 720 715 s.
738 684 782 725 vij
803 684 832 716 d.
880 684 1013 715 Summa
1029 695 1183 725 expensa-

131 743 208 770 rum,
221 732 345 774 j⁰xxxvj
374 732 405 764 n.
423 733 455 774 xj
480 737 502 764 ἓ.
520 733 564 774 vij
589 732 618 764 d.
643 734 690 765 οῖ).
737 734 780 764 Et
803 734 849 765 sio
871 737 995 765 restant
1011 734 1045 765 lv
1061 734 1092 765 11¹.
1109 734 1142 765 ix
1159 739 1181 765 s.

45 813 47 824 ἕ
131 783 163 824 vj
179 781 208 814 d.
225 782 273 814 ob.
290 782 334 823 xij
352 782 465 814 barilia
488 782 670 814 salmonum
690 783 726 824 jm
742 783 845 824 pisces
869 784 949 815 aridi
973 784 1064 825 xxiiij
1083 785 1184 815 ferrea

19 831 22 839 ’
45 826 47 865 ἶ
95 845 99 850 ⁴
131 842 283 874 equorum
293 833 306 873 j
324 832 429 863 celdra
445 832 491 873 iiij
510 832 594 863 bolle
618 843 792 864 avenarum
815 833 862 874 iiij
887 834 1032 865 duodene
1048 834 1183 875 gallina-

131 882 208 913 rum.
252 882 302 913 De
318 881 443 923 quibus,
459 882 602 922 pendent
624 883 708 913 sicut
733 882 916 924 pendebant
931 894 1015 914 anno
1031 884 1184 924 preterito

132 942 224 973 super
238 932 386 963 comitem
402 932 440 962 de
464 932 599 970 Huntle,
616 932 654 963 de
678 932 778 963 firmis
802 933 841 964 de
858 932 986 964 Sohefin
1003 944 1082 974 quas
1098 933 1184 964 idem

43 1018 45 1025 .
82 993 92 1014 :a
132 981 264 1013 asseruit
275 991 342 1012 esse
352 981 391 1012 de
403 981 544 1013 dominio
558 981 596 1013 de
610 982 814 1023 Badyenach‚
826 982 902 1014 licet
915 982 981 1014 sint
992 983 1031 1014 de
1043 983 1183 1014 dominio

70 1049 74 1055 ι
102 1026 107 1029 “
132 1031 170 1063 (10
196 1031 388 1069 Stratherne,
411 1035 448 1062 ut
472 1036 562 1073 patet
588 1032 622 1063 iu
645 1033 770 1070 rentali,
785 1033 820 1073 iij
845 1032 878 1065 11.
894 1033 926 1073 vj
945 1037 967 1064 s.
993 1033 1048 1074 viij
1066 1033 1096 1065 d.
1142 1034 1184 1065 Et

132 1081 270 1123 pendent
296 1081 443 1113 similiter
469 1092 564 1123 super
591 1082 729 1114 eundem
760 1082 799 1114 de
830 1083 929 1113 firmis
957 1086 1113 1114 terrarum
1145 1084 1184 1115 de

88 1157 106 1170 ›.›
132 1131 322 1172 Aberyeffly,
333 1131 514 1172 capientem
531 1132 570 1163 ad
583 1142 698 1163 manus
711 1132 855 1173 proprias
872 1132 910 1163 de
927 1133 1048 1164 eisdem
1065 1143 1183 1164 arrera-
1197 1163 1216 1186 C
1278 1162 1286 1185 1
1318 1162 1334 1185 d

67 1179 98 1225 1“
132 1180 199 1222 giis,
225 1191 269 1212 xx
293 1180 336 1219 ri„
360 1190 456 1222 super
479 1182 596 1223 quibus
621 1181 835 1213 consulendus
861 1185 910 1213 est
940 1193 1004 1213 rex.
1052 1182 1184 1214 Summa
1197 1169 1316 1215 esznrsssxen
1336 1169 1363 1185 us

132 1231 227 1272 hujus
252 1232 434 1272 pendenoie,
461 1232 539 1273 xxiij
566 1232 598 1263 fi.
627 1232 657 1272 vj
683 1236 705 1263 s.
732 1231 788 1272 viij
807 1231 835 1262 d.
882 1232 924 1262 Et
947 1232 992 1263 sic
1008 1236 1130 1264 restant
1145 1233 1184 1263 de
1198 1231 1340 1284 ἓοῐζζῑᾞὲζζ

55 1274 92 1324 {j}
133 1280 215 1312 claro
230 1281 319 1321 xxxij
336 1280 368 1313 fi.
392 1281 413 1322 ij
439 1286 461 1313 s.
486 1292 508 1312 x
530 1282 559 1314 a.
584 1282 630 1313 oT).
656 1281 700 1322 xij
726 1280 839 1312 barilia
855 1281 1035 1313 salmonum
1049 1283 1088 1323 jm
1103 1282 1185 1313 aridi
1251 1268 1267 1290 p
1343 1278 1348 1283 '

120 1331 232 1372 ‘pisces
248 1331 338 1372 xxiiij
364 1331 465 1362 ferrea
488 1341 641 1373 equorum
662 1331 674 1372 j
700 1331 806 1362 celdra
830 1331 875 1372 iiij
902 1332 987 1363 bolle
1011 1342 1184 1364 avenarum

70 1371 103 1414 3¹.
133 1379 179 1422 iiij
195 1380 339 1413 duodene
353 1381 555 1422 gallinarum.

177 1478 370 1520 Computum
401 1479 423 1511 J
425 1479 515 1511 acobi
545 1479 696 1520 Douglas,
735 1480 902 1511 camerarii
933 1480 1054 1512 domiui
1085 1481 1185 1512 nostri
1202 1481 1380 1513 Comitatus

35 1527 37 1539 ³
60 1540 75 1567 s,
87 1555 95 1573 ,ι
105 1571 108 1575 ι
133 1529 214 1570 regis
229 1529 313 1560 infra
328 1529 517 1560 comitatum
532 1529 686 1567 Moravie,
700 1529 910 1571 [Edinbmyffl
922 1532 943 1562 2
955 1531 1080 1571 August
1092 1532 1187 1570 1469,
1202 1525 1354 1556 Mora-Vie-

67 1575 90 1618 J<
128 1578 216 1620 from
230 1578 274 1609 16
288 1579 367 1619 July
380 1579 488 1620 1468]

72 1621 77 1626 ⁴
178 1627 270 1666 Item,
286 1631 395 1659 onerat
418 1638 460 1665 se,
481 1629 515 1659 in
539 1628 660 1669 primis,
676 1627 715 1659 de
728 1627 881 1669 j⁸1xxxvij
905 1627 938 1661 ri.
955 1630 986 1670 vj
1008 1634 1030 1661 s.
1048 1640 1067 1661 v
1084 1630 1114 1662 d.
1130 1641 1187 1671 per

135 1675 272 1718 integras
294 1677 401 1709 firmas
431 1678 575 1709 omnium
603 1681 761 1708 terrarum
786 1678 990 1719 proprietatis
1016 1680 1187 1711 comitatus

44 1727 46 1730 ’
61 1728 87 1776 ts
136 1725 278 1758 Moravie
292 1726 377 1758 infra
392 1727 651 1758 vicecomitatum
675 1727 714 1757 de
735 1726 831 1768 Elgin
847 1727 885 1759 de
902 1728 1026 1760 duobus
1042 1730 1187 1760 terminis

25 1787 27 1821 j
60 1775 101 1807 ἶ»
136 1775 231 1817 hujus
246 1776 396 1817 computi.
442 1777 486 1807 Et
513 1777 551 1808 de
573 1775 666 1817 j⁰xvij
693 1776 724 1807 11.
755 1776 811 1817 xiij
829 1781 851 1808 ἔ.
868 1777 914 1818 iiij
933 1777 961 1808 d.
979 1788 1035 1818 per
1051 1778 1188 1819 integras

38 1829 41 1834 “
55 1827 83 1862 3.
136 1825 241 1857 firmas
268 1826 346 1857 dicti
372 1826 543 1857 comitatus
570 1826 654 1857 infra
679 1825 936 1857 vicecomitatum
966 1827 1005 1858 (10
1030 1828 1125 1859 Fores
1150 1828 1188 1858 de

25 1864 28 1881 ³
50 1862 83 1915 ’,33
137 1874 254 1906 eisdem
269 1875 421 1906 terminis.
468 1875 511 1906 Et
526 1875 565 1906 de
583 1875 615 1905 xl
631 1875 663 1905 11.
681 1875 719 1906 de
743 1875 843 1906 firmis
860 1879 1014 1907 terrarum
1032 1876 1071 1908 de
1087 1878 1189 1908 Aber-

59 1917 80 1928 ⁹'
137 1924 236 1966 nethy
251 1925 290 1956 de
306 1925 400 1956 dictis
416 1924 569 1956 terminis.
616 1925 658 1955 Et
674 1924 713 1955 de
737 1924 793 1955 le
807 1923 839 1955 fi.
856 1935 913 1965 per
928 1925 1066 1967 integras
1083 1927 1189 1958 firmas

23 1973 32 2009 ρ’
51 1981 86 2019 ³³⁵
137 1973 279 2015 thanagii
294 1974 332 2006 de
349 1975 476 2011 Kintor,
491 1974 576 2015 quod
600 1977 649 2005 est
671 1974 710 2004 de
734 1973 926 2014 proprietate
949 1975 1102 2007 Moravie.
1147 1976 1190 2007 Et

29 2027 30 2030 ’
138 2022 176 2055 (10
191 2023 280 2064 xxvij
299 2023 330 2055 fi.
347 2033 368 2054 v
384 2027 408 2055 s.
431 2034 489 2065 per
511 2023 650 2064 integras
674 2023 781 2054 firmas
805 2023 933 2054 baronie
949 2024 988 2055 de
1005 2024 1134 2056 Leffaris
1151 2025 1190 2057 de

137 2073 273 2104 termino
289 2073 400 2105 Sancti
416 2073 552 2104 Martini
575 2073 659 2103 infra
677 2073 737 2103 hoc
761 2077 958 2114 computum,
974 2078 1006 2105 et
1023 2075 1121 2106 nichil
1137 2075 1189 2106 hic

138 2121 176 2154 de
191 2122 326 2154 termino
343 2123 569 2154 Penthecostes
593 2122 690 2163 hujus
711 2123 861 2163 computi,
877 2123 953 2163 quia
969 2124 1117 2155 dominus
1134 2135 1190 2155 rex

138 2172 304 2204 constituit
315 2172 487 2214 Hugonem
501 2172 581 2204 Ross
593 2172 744 2204 baronem
756 2172 794 2204 de
807 2172 970 2214 Kilrawag
982 2174 1190 2206 camerarium
