1551 2462
165 466 329 495 Respondebit

166 496 295 525 Kingorne,

165 526 315 549 senescallus.

164 962 328 992 Respondebit

163 993 232 1015 Mure

164 1029 208 1051 pio
219 1022 241 1051 vj
253 1022 331 1045 bollis.

163 1188 328 1217 Respondebit

163 1217 292 1247 Kingome.

222 2005 266 2028 Do.

382 225 396 252 1
405 224 443 253 90
693 222 856 255 ROTULI
880 221 1117 255 SOACCARII
1337 225 1429 256 1463.

379 315 499 353 martis,
512 315 710 354 carbonibus,
715 315 801 347 vasis
810 316 932 357 ligneis,
945 316 1099 358 cariagiis,
1109 316 1245 353 cinariis,
1253 317 1431 358 speciebus,

379 367 411 396 et
426 365 497 396 aliis
513 365 648 397 minutis
663 366 820 407 expensis,
832 369 870 397 ut
884 369 974 407 patet
988 376 1045 407 per
1061 366 1162 398 dictos
1177 366 1275 398 libros
1291 367 1430 408 particu-

378 415 488 446 lariter
504 415 701 447 examinatos
717 426 813 456 super
828 420 1021 457 compotum,
1034 420 1066 447 et
1078 416 1252 447 senescallo
1264 417 1430 458 Kingome

379 464 500 495 fatente
523 468 688 505 receptum
711 475 807 506 super
829 469 1022 507 compotum,
1039 470 1071 497 et
1093 476 1150 507 pro
1165 466 1283 507 quibus
1299 477 1430 508 respon-

379 513 475 550 debit,
501 513 560 554 xlij
587 513 619 544 11.
646 513 681 544 ix
707 518 730 545 s.
754 514 810 554 viij
836 514 863 545 d.
911 514 1043 545 Summa
1066 514 1181 546 harum
1208 525 1431 556 expensarum,
1471 545 1474 548 ,

378 562 509 603 iiij⁰xlix
523 563 554 593 11.
572 563 604 604 xj
622 567 644 594 s
662 563 706 604 vij
723 562 752 594 d.
797 563 841 594 Et
856 563 903 594 sic
925 567 1049 595 restant
1064 563 1202 605 ij²xxxfij
1219 564 1251 595 11.
1267 575 1290 596 v
1305 564 1334 596 d.
1379 565 1430 596 De

378 612 505 652 quibus,
519 611 654 643 alloeate
670 612 868 653 compotanti
883 623 940 654 per
955 613 1151 644 solucionem
1166 614 1285 645 factam
1301 613 1430 645 Andree

378 661 529 693 Balfoure
559 672 616 702 pro
643 662 845 703 reparacione
873 663 968 694 castri
993 663 1033 694 de
1066 663 1189 701 Doune,
1215 664 1255 695 de
1278 664 1430 695 mandato

377 711 493 752 regine,
520 711 651 742 custode
678 711 797 752 privati
823 711 922 753 sigilli
948 715 1088 743 testante
1114 712 1304 744 mandatum
1333 723 1431 754 super

377 764 570 802 compotum,
596 761 630 802 iij
656 761 688 792 n',
716 762 748 802 vj
773 766 796 793 s.
822 762 878 802 viij
907 761 936 793 d.
982 762 1025 793 Et
1039 762 1074 792 in
1090 762 1252 794 solucione
1274 763 1359 793 facta
1375 773 1432 803 per

377 811 513 842 eundem
529 822 586 852 pro
609 814 680 843 octo
703 811 797 843 bollis
827 812 903 843 salis
929 812 1072 843 liberatis
1101 822 1160 853 pro
1186 812 1294 844 corriis
1321 812 1430 853 regine

377 860 533 892 salsandis
543 861 628 891 infra
638 864 765 902 tempus
773 862 922 902 compoti,
932 864 1073 892 testante
1079 861 1252 893 senescallo
1263 861 1430 902 Kingorne

377 920 472 951 super
502 913 695 951 compotum,
725 910 792 951 xxij
825 915 848 942 s.
879 910 926 951 iiij
958 910 986 941 d.
1033 911 1075 942 Et
1104 921 1162 951 pro
1187 921 1304 942 novem
1325 905 1430 942 bobus

377 960 494 1000 emptis
510 970 567 1000 per
581 960 720 991 eundem
735 969 791 1000 pro
807 970 945 1001 grangen,
967 960 1006 991 de
1029 959 1171 991 Meffane
1187 963 1219 991 et
1233 960 1352 991 ibidem
1369 961 1429 992 sub

378 1009 446 1049 ejus
463 1008 607 1040 custodia
623 1012 655 1039 et
670 1019 727 1049 pro
744 1009 862 1049 quibus
880 1008 1094 1050 respondebit,
1117 1009 1151 1039 ix
1166 1009 1197 1039 li.
1222 1009 1290 1050 xiiij
1309 1014 1331 1040 ἔ.
1349 1010 1380 1050 vj
1399 1010 1428 1041 d.

377 1058 420 1089 Et
449 1068 506 1099 per
535 1058 731 1090 solucionem
761 1058 883 1089 factam
915 1058 1043 1090 domino
1075 1058 1217 1089 Henrico
1254 1059 1430 1100 Kingorne,

377 1107 551 1139 senescallo
567 1107 683 1148 regine,
706 1107 747 1138 ad
771 1117 927 1148 expensas
949 1107 1094 1148 ejusdem
1116 1107 1152 1138 in
1174 1107 1268 1139 certis
1291 1107 1430 1140 denariis

377 1157 461 1188 infra
470 1160 598 1198 tempus
609 1157 832 1198 compoti‚ipso
843 1157 1016 1191 senescallo
1029 1157 1150 1188 fatente
1160 1159 1322 1198 receptum
1334 1167 1430 1199 super

377 1210 569 1248 compotum,
586 1207 711 1247 xxxviij
728 1206 760 1237 n'„
777 1207 844 1247 xvij
866 1211 889 1238 s.
907 1207 940 1247 xj
956 1207 996 1244 d..
1011 1217 1068 1247 pro
1084 1207 1202 1247 quibus
1217 1206 1428 1247 respondebit.

376 1257 419 1287 Et
429 1256 541 1293 eidem,
553 1266 610 1297 pro
626 1257 721 1288 certis
733 1256 881 1297 expensis
894 1256 987 1287 factis
1002 1266 1059 1297 per
1071 1256 1208 1287 eundem
1220 1266 1315 1296 super
1327 1259 1430 1288 certos

378 1306 548 1337 servitores
564 1308 597 1337 et
611 1305 748 1336 verletos
765 1305 799 1336 in
811 1305 938 1337 stabulo
949 1305 1076 1337 domine
1089 1305 1205 1346 regine,
1215 1305 1430 1337 custodientes

377 1365 475 1396 equos
491 1366 565 1386 suos
581 1355 667 1396 apud
680 1355 863 1395 Striveling,
875 1358 908 1386 et
922 1365 979 1396 pro
991 1355 1091 1396 gagiis
1103 1355 1284 1392 eorundem,
1294 1358 1332 1386 ut
1339 1358 1430 1396 patet

377 1413 434 1446 per
448 1405 568 1435 librum
591 1405 803 1445 compotantis
826 1404 1062 1445 particulariter
1087 1405 1308 1435 examinatum
1334 1415 1429 1446 super

378 1457 570 1495 compotum,
601 1457 634 1485 et
668 1454 707 1485 de
744 1454 896 1484 mandato
934 1454 1063 1485 domine
1100 1454 1216 1495 regine,
1254 1455 1428 1486 senescallo

377 1503 545 1545 Kingorne
574 1506 713 1534 testante
744 1503 942 1540 mandatum,
971 1513 993 1534 v
1023 1503 1055 1534 11.
1085 1503 1140 1543 xvj
1172 1503 1202 1535 d.
1247 1503 1290 1535 Et
1316 1504 1428 1542 eidem,

377 1554 411 1585 in
428 1553 560 1585 diversis
587 1552 736 1593 expensis
763 1552 857 1583 factis
880 1552 966 1593 apud
990 1553 1164 1594 Striveling
1184 1563 1241 1593 per
1261 1553 1428 1585 dominum

378 1603 527 1634 comitem
550 1602 590 1633 de
614 1601 696 1639 Mar,
722 1601 886 1632 dominam
912 1602 1051 1633 Mariam
1082 1605 1115 1633 et
1144 1602 1307 1633 dominam
1337 1603 1425 1634 Mer-

377 1655 527 1694 garetam,
547 1662 668 1683 sorores
694 1651 785 1692 regis,
805 1661 879 1683 cum
905 1652 972 1683 suis
998 1652 1215 1689 servitoribus,
1233 1652 1268 1683 in
1294 1652 1429 1684 diversis

378 1702 504 1743 emptis,
509 1701 659 1732 videlicet
670 1701 787 1738 martis,
799 1701 994 1739 mutonibus,
1004 1700 1427 1743 porcis,porcellis‚pultreis,

377 1751 527 1793 piscibus,
550 1751 664 1788 butiro,
688 1751 764 1788 ovis,
794 1751 993 1789 carbonibus,
1024 1754 1057 1782 et
1080 1751 1151 1782 aliis
1183 1751 1428 1792 quampluribus

377 1801 512 1832 minutis
528 1799 676 1841 expensis
691 1810 765 1831 cum
776 1799 824 1830 lez
840 1800 990 1837 uncostis,
1006 1800 1189 1841 incipiendo
1205 1801 1426 1843 vicesimosep-

377 1851 457 1882 timo
473 1851 524 1882 die
539 1849 703 1881 Februarii
719 1850 862 1890 proximo
880 1853 954 1881 ante
970 1849 1030 1880 hoc
1042 1853 1225 1891 compotum
1240 1853 1273 1881 et
1288 1850 1428 1882 finiendo

378 1901 475 1933 tercio
485 1901 507 1932 J
509 1900 568 1932 ulii
583 1899 749 1936 inclusive,
764 1901 801 1930 ut
815 1902 905 1939 patet
919 1909 975 1939 per
997 1899 1115 1930 librum
1131 1900 1344 1940 compotantis
1355 1910 1426 1941 par-

378 1950 556 1982 ticulariter
573 1949 792 1981 examinatum
815 1958 911 1990 super
934 1952 1126 1990 compotum,
1149 1949 1267 1990 absque
1290 1950 1427 1991 propriis

378 2001 494 2042 regine,
505 1999 588 2040 lxiiij
599 1999 630 2030 n„
643 1998 721 2039 xviij
738 1998 767 2029 d.
781 1998 838 2035 ob„
851 2008 908 2039 pro
921 1998 1038 2039 quibus
1047 1998 1258 2039 respondebit.
1294 1999 1427 2031 Summa

377 2050 492 2081 harum
503 2058 722 2090 expensarum,
731 2046 758 2089 j⁰
773 2047 839 2089 xxij
857 2047 889 2078 11.
903 2047 950 2088 iiij
968 2051 990 2078 s.
1007 2047 1041 2088 iij
1058 2047 1087 2078 d.
1101 2048 1148 2079 ob.
1187 2048 1230 2079 Et
1245 2048 1290 2079 sic
1304 2052 1426 2080 restant

377 2099 423 2140 j⁰x
450 2099 481 2130 ri.
506 2099 560 2140 xvj
589 2103 611 2130 s.
643 2109 665 2129 x
691 2098 721 2129 d.
749 2098 796 2129 o'b.
844 2098 894 2129 De
921 2097 1046 2138 quibus,
1070 2098 1203 2129 allocate
1230 2098 1426 2139 compotanti

379 2149 418 2181 de
433 2159 558 2180 summa
573 2147 775 2190 septuaginta
791 2147 925 2179 duarum
938 2147 1092 2179 librarum
1104 2148 1143 2179 de
1159 2147 1258 2180 firmis
1269 2151 1425 2180 terrarum
