1551 2462
117 253 207 283 1468.
363 264 365 266 ·
424 249 583 281 REGUM
608 248 854 280 SCOTORUM.
1097 251 1157 280 537

114 343 218 384 gracia
232 343 313 384 regis
328 353 385 384 per
399 353 472 374 suas
495 342 612 379 literas,
629 342 667 373 de
691 342 784 373 dictis
808 343 961 379 terminis,
979 342 1032 382 xvj
1049 342 1082 374 fi.
1098 353 1119 372 v
1135 347 1157 373 s.

114 394 160 436 iiij
176 394 204 425 d.
249 394 292 424 Et
307 403 363 434 per
377 392 600 423 liberacionem
619 393 735 423 factam
751 392 903 433 magistro
918 392 1022 422 David
1035 392 1160 423 Guthre

115 443 153 475 de
163 442 281 480 eodem,
291 446 368 473 tunc
384 446 604 482 computorum
615 441 791 478 rotulatori,
807 442 876 482 ipso
888 452 945 482 per
961 452 1034 473 suas
1050 441 1159 473 literas

116 493 236 524 fatente
265 495 429 532 receptum
473 501 567 532 super
605 495 800 531 computum,
840 501 895 532 per
932 491 1159 522 liberacionem
1174 522 1208 545 Re
1239 521 1338 545 ondebit

115 541 265 574 Mur-daei
276 541 537 582 Hammyltoune,
553 551 596 571 xv
612 540 653 577 li„
669 551 726 581 pro
738 541 854 581 quibus
867 541 1078 582 respondebit.
1118 542 1160 572 Et
1173 529 1273 575 Gustiire.

117 592 226 629 eidem,
241 587 297 632 per
319 591 543 622 liberacionem
559 590 677 621 factam
700 590 808 621 David
831 591 994 628 Kincavil,
1017 592 1159 632 pauperi,

34 640 37 643 ”
115 652 172 683 pro
193 640 318 682 pabulis
334 650 489 681 equorum
511 639 634 670 domini
656 640 747 680 regis,
763 650 828 670 non
851 640 1004 670 intratam
1028 641 1062 671 in
1078 640 1159 672 libro

116 690 275 727 domicilii,
299 700 338 721 ex
365 689 620 721 consideracione
648 689 838 727 auditorum,
866 690 900 720 ix
925 694 947 721 s.
973 691 1015 731 vij
1041 690 1080 728 d„
1103 701 1161 731 per

115 740 336 772 liberacionem
359 739 437 770 dicti
458 739 614 770 Murdaci.
660 739 702 769 Et
725 739 837 776 eidem,
861 750 917 780 per
933 740 1160 771 liberacionem
1206 759 1212 764 -

116 791 231 822 factam
260 799 316 830 per
346 789 469 820 dictum
499 789 693 820 Murdacum
730 789 802 820 Ade
835 790 957 821 Walles
987 790 1025 821 de
1049 790 1160 831 Crago,

117 842 334 880 computorum
379 838 555 876 rotulatori,
592 839 662 879 ipso
701 839 823 870 fatente
865 844 1031 881 receptum
1066 839 1339 891 super-{Jffiggdebit

117 891 307 931 computum,
345 888 389 929 xij
428 888 459 919 fi.
498 899 520 919 x
558 892 581 919 s.
619 898 675 928 pro
706 889 823 929 quibus
861 890 1072 930 respondebit.
1119 891 1161 921 Et
1174 886 1300 921 rotulatbr.

120 939 284 976 Unicorne,
320 948 407 969 nunc
444 938 529 968 dicto
568 938 741 969 Snaudoun
778 938 933 976 herraldo,
971 940 1161 981 percipienti

117 988 278 1021 annuatim
296 988 405 1019 decem
420 987 517 1018 libras
541 987 579 1018 de
602 987 701 1018 firmis
724 991 881 1018 terrarum
904 989 943 1020 de
959 990 1161 1027 Drumcorse,

91 1041 99 1045 ⁴
117 1050 155 1071 ex
179 1038 378 1070 concessione
405 1037 486 1078 regis
513 1037 689 1068 literatoria
715 1048 772 1078 pro
796 1038 887 1069 feodo
911 1048 977 1076 suo,
1001 1039 1039 1070 de
1067 1040 1160 1071 dictis

116 1087 267 1125 terminis,
294 1098 338 1118 xx
359 1087 392 1118 fi.
437 1087 479 1118 Et
502 1087 614 1124 eidem,
638 1097 694 1127 per
715 1087 941 1119 liberacionem
966 1089 1082 1120 factam
1106 1100 1162 1130 per

117 1138 288 1169 Patricium
338 1136 512 1174 Johnsone,
561 1140 811 1177 computantem,
856 1138 1007 1179 magistro
1054 1139 1163 1171 David

97 1183 239 1219 'Guthre
269 1186 308 1218 de
345 1185 464 1223 eodem,
501 1189 580 1216 tunc
617 1189 840 1226 computorum
877 1187 1055 1225 rotulatori,
1092 1189 1163 1229 ipso

118 1237 236 1268 fatente
258 1239 429 1278 receptum,
448 1239 479 1267 et
502 1235 541 1266 de
565 1235 681 1276 quibus
705 1236 844 1267 reddidit
867 1241 1051 1277 computum
1078 1248 1163 1270 anno

118 1285 310 1327 sexagesimo
325 1285 469 1326 septimo,
485 1288 522 1316 ut
537 1290 626 1326 patet
649 1286 683 1316 in
700 1286 818 1322 eodem,
840 1286 875 1317 in
891 1297 1016 1317 summa
1032 1288 1164 1329 triginta

60 1369 69 1380 x
119 1335 211 1367 unius
222 1335 373 1366 librarum
386 1335 569 1376 quindecim
582 1335 756 1366 solidorum
772 1339 804 1366 et
820 1336 938 1373 decem,
951 1336 1162 1376 denariorum,

122 1395 192 1417 cum
217 1395 280 1426 qua
306 1388 456 1416 oneratur
479 1385 513 1415 in
536 1385 621 1415 dicto
645 1389 794 1425 computo
817 1385 855 1416 de
879 1385 973 1417 dictis
997 1387 1097 1419 firmis
1124 1388 1162 1419 de

120 1434 356 1475 Lithqwschire,
386 1444 454 1474 xm]
487 1433 518 1464 E.
550 1434 594 1474 xij
632 1438 654 1465 ἓ.
686 1434 720 1465 ix
751 1434 779 1465 d.
842 1435 899 1475 [To
932 1436 1058 1474 Gallio-e,
1089 1438 1160 1468 then
1178 1417 1341 1471 gelstffissfiebit

15 1469 47 1510 “2
70 1511 77 1515 .
123 1483 325 1524 C‘omptroller,
352 1484 427 1515 &19
454 1484 517 1514 183.
542 1484 628 1524 md]
675 1484 717 1514 Et
744 1484 846 1515 eidem
870 1487 1078 1525 computanti,
1104 1497 1160 1528 pro

120 1533 263 1575 expensis
300 1537 521 1574 computorum
558 1533 741 1564 rotulatoris
772 1537 803 1564 et
835 1533 940 1565 David
973 1535 1163 1574 Creohtoun,

120 1583 403 1614 commissariorum
433 1583 555 1614 domini
585 1583 666 1624 regis
704 1583 737 1613 in
769 1584 969 1615 assedaeione
1008 1588 1164 1618 terrarum

121 1632 340 1663 camerariatus
371 1632 421 1663 sui
446 1643 529 1663 anno
556 1633 750 1674 sexagesimo
774 1634 919 1674 septimo,
946 1645 1011 1666 xxx
1035 1640 1057 1666 s.
1084 1647 1104 1667 x
1133 1637 1162 1668 d.

125 1681 165 1712 Et
190 1681 300 1720 eidem,
325 1692 382 1723 pro
407 1682 574 1723 stipendiis
598 1683 696 1713 trium
728 1693 881 1723 equorum
908 1694 1015 1716 versus
1048 1685 1163 1718 Doune

121 1730 155 1762 in
192 1731 340 1763 Menteth
380 1742 454 1763 cnm
493 1732 586 1763 rebus
618 1732 739 1763 domini
771 1733 895 1764 comitis
926 1734 964 1765 de
997 1735 1092 1773 Marr,
1123 1737 1162 1768 de

123 1780 268 1812 mandato
298 1781 508 1819 dominorum,
535 1781 591 1822 viij
621 1785 642 1812 s.
689 1782 732 1812 Et
752 1782 836 1813 dicto
860 1783 930 1813 Ade
959 1784 1081 1815 WVallas
1108 1796 1164 1826 per

124 1825 340 1861 liberacionem
371 1831 596 1872 computantis,
627 1831 696 1871 ipso
726 1831 847 1863 fatente
878 1836 1041 1873 receptum
1067 1845 1163 1876 super

123 1882 312 1920 computum,
335 1880 381 1920 iiij
406 1880 437 1911 n.
462 1880 540 1920 xviij
566 1884 588 1911 s.
614 1881 659 1921 iiij
685 1880 723 1917 d„
747 1891 803 1921 pro
820 1881 936 1921 quibus
953 1884 1164 1923 respondebit.
1256 1892 1300 1914 Do.

123 1927 165 1960 Et
187 1928 297 1966 eidem,
323 1940 379 1970 per
402 1929 597 1961 solucionem
621 1930 738 1961 factam
763 1930 848 1962 dicto
871 1932 1022 1972 magistro
1053 1934 1165 1972 David,

123 1981 340 2019 computorum
355 1979 529 2015 rotulatori,
541 1990 595 2020 per
610 1979 834 2010 liberacionem
846 1980 1042 2012 diversorum
1055 1986 1164 2014 tenen-

124 2027 206 2058 cium
222 2027 377 2060 dictarum
400 2032 566 2065 terrarum,
583 2034 614 2059 et
630 2029 669 2059 de
690 2029 806 2069 quibus
822 2029 962 2061 reddidit
978 2036 1164 2072 computum

86 2107 88 2110 ,
125 2075 157 2107 in
169 2086 292 2108 summa
307 2078 490 2119 prescripta,
506 2078 572 2118 xvij
587 2077 618 2108 11
637 2088 657 2108 v
680 2082 702 2109 s.
716 2078 729 2117 j
747 2078 775 2109 d.
823 2079 864 2109 Et
880 2079 992 2116 eidem,
1008 2091 1065 2121 per
1080 2082 1165 2113 solu-

125 2125 245 2157 cionem
262 2126 377 2158 factam
393 2127 557 2158 Fratribus
581 2127 762 2159 Carmalitis
779 2128 817 2159 de
832 2129 965 2169 Lithqw‚
989 2131 1164 2172 percipien-

127 2174 210 2206 tibus
234 2176 397 2207 annuatim
424 2177 585 2208 sexdecim
611 2177 727 2208 solidos
752 2187 791 2208 ex
818 2179 922 2218 gracia
945 2183 977 2210 et
1001 2180 1166 2212 elimosina
