1551 2462
388 319 449 347 522
699 315 865 347 ROTULI
889 315 1125 348 SCACCARII
1348 321 1429 353 1462

383 409 479 441 bollis
502 409 626 441 duabus
649 409 772 441 ferlotis
795 411 826 441 et
846 410 859 451 j
883 420 980 450 pecca
1010 410 1206 442 restantibus
1229 410 1264 442 in
1287 415 1436 453 computo

383 460 461 490 anni
476 459 684 501 precedentis,
699 463 737 490 ut
752 462 841 500 patet
863 459 898 490 in
921 462 1071 500 computo
1093 470 1264 500 granorum
1287 461 1438 502 ejusdem,

383 509 428 550 xij
446 509 550 541 celdre
566 519 586 540 v
602 509 687 540 bolle
702 509 724 549 iJ'
742 509 856 540 ferlote
871 509 893 549 iJ'
918 519 1020 549 pecce.
1068 509 1200 540 Summa
1216 510 1325 542 totalis
1341 511 1438 543 brasii

383 561 416 590 et
432 559 528 596 ordei,
543 569 617 590 cum
633 559 757 589 duabus
773 558 888 589 celdris
901 559 913 599 J'
932 558 1019 590 bolla
1031 559 1043 599 J'
1061 559 1176 590 ferlota
1192 561 1388 592 restantibus
1403 561 1437 593 in

383 612 533 650 computo
556 609 634 640 anni
655 609 864 649 precedentis,
886 608 964 649 xxvj
989 608 1094 640 celdre
1117 609 1173 650 viij
1188 609 1272 641 bolle
1284 609 1298 651 J'
1316 610 1435 643 ferlota.

384 658 515 689 Summa
530 658 639 690 totalis
663 658 763 689 farine
779 658 953 695 avenatice,
969 668 1043 689 cum
1058 668 1124 689 una
1139 658 1246 690 celdra
1262 662 1295 690 et
1310 659 1434 692 duabus

383 707 477 739 bollis
503 707 699 739 restantibus
727 717 810 738 anno
840 707 1026 748 prescripto,
1054 708 1086 748 xj
1113 708 1219 740 celdre
1245 709 1316 750 xiiij
1343 709 1435 742 bolle.

384 757 517 789 Summa
531 757 641 788 totalis
658 767 840 794 avenarum,
856 757 903 797 iiij
921 757 1034 788 celdre.

425 807 574 848 Expense
590 806 740 847 ejusdem.
787 806 828 837 In
851 806 971 847 primis,
994 806 1129 838 allocate
1153 807 1355 849 computanti
1377 818 1434 850 per
1494 789 1531 839 .³³

382 856 579 888 solucionem
612 856 731 886 factam
773 856 938 896 capellano
974 855 1150 887 celebranti
1184 857 1219 888 in
1256 862 1360 889 castro
1397 858 1436 890 de
1496 847 1546 890 -2

383 905 566 946 Striveling,
581 904 772 946 percipienti
787 905 955 936 annuatim
971 905 1080 936 decem
1096 916 1219 937 marcas
1242 917 1283 938 ex
1305 907 1436 939 fundac-

382 955 454 987 ione
481 955 604 1000 1101111111
629 955 720 995 regis,
746 957 784 985 ut
809 957 900 995 patet
925 955 960 985 in
986 955 1099 986 rotulis
1121 956 1375 996 precedentibus,
1397 957 1436 989 de
1471 953 1474 955 ⁸
1511 957 1521 977 ’>
1535 976 1546 1002 '.

382 1015 490 1037 annuo
505 1005 633 1036 redditu
649 1004 688 1036 de
705 1004 860 1045 Cragorth
876 1014 932 1045 pro
947 999 1041 1035 feodo
1057 1015 1124 1043 0110,
1137 1005 1175 1036 de
1188 1016 1272 1037 anno
1284 1006 1437 1047 computi,

381 1055 413 1095 vj
431 1054 462 1085 11.
480 1054 537 1095 xiij
555 1065 577 1085 s.
599 1053 646 1094 iiij
663 1053 692 1084 d.
738 1053 780 1084 Et
802 1063 860 1094 per
883 1053 1078 1085 solucionem
1103 1054 1220 1086 factam
1243 1055 1373 1088 domino
1395 1056 1434 1088 de
1480 1054 1494 1068 '⁴
1534 1063 1550 1098 j

381 1104 541 1145 Trariglis,
577 1103 770 1144 percipienti
807 1103 976 1134 annuatim
1012 1104 1131 1144 viginti
1167 1115 1291 1137 marcas
1336 1106 1435 1138 annui

379 1154 524 1185 redditus
554 1153 683 1184 baronie
714 1153 753 1183 de
785 1152 917 1190 Skeoeh,
941 1152 980 1184 de
1011 1153 1106 1185 dictis
1136 1155 1282 1186 terminis
1313 1159 1346 1186 et
1375 1155 1434 1187 sub

380 1204 522 1244 periculo
552 1203 777 1244 computantis,
801 1203 857 1243 xiij
881 1202 914 1233 fi.
937 1203 970 1243 vj
995 1207 1018 1234 0
1042 1203 1098 1244 viij
1123 1203 1154 1236 d.
1198 1205 1242 1235 Et
1264 1205 1373 1236 abbati
1402 1209 1435 1238 et

381 1254 555 1285 conventui
570 1253 609 1285 de
626 1252 748 1290 Culros,
764 1252 1031 1302 percipientibus
1031 1254 1208 1284 'annuatim
1225 1254 1433 1296 quadraginta

378 1308 445 1335 tres
461 1303 577 1335 solidos
593 1302 694 1334 annui
709 1302 853 1334 redditus
869 1302 908 1333 de
925 1293 1037 1340 Pullis,
1053 1302 1092 1333 de
1114 1303 1210 1334 dictis
1233 1304 1380 1336 terminis
1402 1308 1434 1336 et
1470 1326 1479 1330 -

379 1357 440 1387 sub
470 1355 581 1387 eodem
612 1354 763 1396 periculo,
790 1354 860 1395 xliij
889 1365 911 1385 s.
957 1354 1000 1385 Et
1027 1354 1212 1386 Alexandro
1242 1356 1366 1398 Lamby
1395 1357 1434 1388 de

380 1406 552 1446 Dmmany,
567 1404 758 1446 percipienti
773 1403 884 1435 decem
907 1413 1029 1434 marcas
1051 1414 1108 1445 pro
1131 1405 1237 1436 media
1257 1408 1349 1446 parte
1371 1408 1433 1437 ter-

379 1465 487 1486 rarum
517 1454 556 1485 de
584 1453 775 1485 Inueralone
805 1453 841 1483 in
871 1453 1167 1494 compensacioncm
1197 1455 1379 1493 earundem,
1394 1456 1433 1487 de

380 1515 465 1536 anno
481 1504 633 1544 computi,
645 1503 676 1544 vj
694 1503 726 1533 fi.
743 1502 801 1543 xiij
819 1506 841 1533 s„
855 1502 902 1542 iiij
916 1502 946 1534 d.
983 1503 1027 1534 Et
1039 1503 1185 1544 serjando
1197 1504 1236 1535 de
1249 1504 1433 1543 Tulicultre,

378 1564 436 1595 pro
463 1554 556 1585 feodo
583 1563 640 1584 suo
663 1552 703 1583 de
729 1562 813 1583 anno
840 1552 991 1593 computi,
1015 1563 1059 1583 xx
1085 1557 1108 1584 s.
1154 1554 1197 1585 Et
1223 1555 1369 1595 serjando
1393 1555 1432 1587 de

379 1602 666 1643 Strivelingschire,
681 1612 738 1643 pro
754 1601 846 1632 feodo
862 1611 919 1633 suo
935 1601 974 1632 de
995 1612 1078 1632 anno
1094 1603 1246 1644 computi,
1261 1614 1306 1634 xx
1321 1608 1344 1635 0.
1389 1605 1433 1636 Et

377 1655 401 1686 J
402 1654 500 1685 300110
511 1653 666 1689 Wilsone,
683 1651 829 1682 ortulano
844 1652 879 1682 in
894 1654 998 1682 castro
1014 1652 1052 1683 de
1069 1652 1252 1693 Stn'veling,
1263 1663 1320 1694 pro
1338 1654 1432 1686 feodo
1491 1660 1494 1661 ’

378 1714 436 1736 0110
459 1703 498 1734 de
529 1702 642 1734 eodem
671 1711 765 1738 anno,
791 1712 836 1731 xx
858 1705 882 1732 0.
927 1701 969 1732 Et
1000 1711 1057 1742 per
1086 1701 1282 1733 solucionem
1312 1703 1430 1735 factam

377 1753 508 1785 Andree
523 1752 653 1783 domino
668 1750 846 1788 Avandale,
861 1750 1050 1782 cancellario
1067 1751 1184 1789 Scocie,
1206 1762 1263 1792 pro
1286 1753 1430 1785 custodia

378 1802 456 1834 dicti
472 1801 576 1838 castri,
591 1800 783 1842 percipienti
798 1799 966 1831 annuatim
982 1804 1114 1831 centum
1129 1804 1161 1831 et
1176 1801 1293 1842 viginti
1307 1813 1429 1834 marcas

377 1862 435 1892 pro
462 1851 607 1883 custodia
633 1850 785 1892 ejusdem,
815 1852 922 1891 preter
943 1850 1036 1881 feoda
1059 1850 1202 1891 vigilum,
1225 1852 1379 1892 garitoris,
1397 1855 1431 1884 et

371 1902 559 1943 janitorum,
574 1904 611 1931 ut
627 1903 716 1942 patet
731 1910 788 1941 per
802 1899 912 1931 literas
936 1899 1057 1931 domini
1079 1901 1162 1941 regis
1184 1900 1263 1932 alias
1286 1905 1428 1934 ostensas

376 1961 472 1992 super
496 1953 692 1991 computum,
718 1952 751 1980 et
781 1949 840 1980 sub
870 1949 1012 1990 periculo
1036 1951 1251 1991 computantis
1275 1952 1314 1983 de
1344 1961 1427 1983 311110

375 2000 528 2041 computi,
558 2000 639 2030 lxxx
669 1998 700 2029 11.
746 1998 790 2029 Et
827 2001 898 2029 octo
935 1998 1096 2040 vigilibus,
1127 2000 1185 2030 uni
1221 2000 1360 2041 garitori,
1393 2004 1426 2032 et

376 2050 501 2081 duobus
509 2048 704 2089 janitoribus
719 2047 754 2078 111
769 2047 855 2078 dicto
871 2051 975 2079 castro
991 2058 1047 2089 pro
1063 2048 1165 2079 feodis
1188 2049 1264 2087 suis,
1283 2049 1425 2091 quolibet

375 2109 486 2130 eorum
501 2098 692 2139 percipienti
707 2097 742 2128 in
757 2107 841 2128 anno
857 2097 974 2138 viginti
990 2097 1117 2135 solidos,
1133 2098 1171 2129 de
1192 2098 1277 2129 dicto
1293 2109 1376 2130 anno
1392 2102 1424 2130 et

374 2148 435 2179 sub
465 2147 576 2179 eodem
605 2146 757 2187 periculo,
780 2145 813 2186 xj
844 2145 876 2176 11.
922 2146 965 2176 Et
995 2146 1107 2183 eidem,
1130 2157 1187 2187 per
1209 2147 1424 2179 decidenciam

375 2198 539 2228 firmarum
554 2196 691 2237 passagii
707 2198 739 2226 et
755 2195 912 2226 croiarum
928 2195 967 2226 de
983 2195 1063 2226 Erth
1079 2195 1118 2226 de
1135 2205 1218 2227 anno
1234 2195 1376 2237 computi
1391 2198 1423 2227 et

372 2246 434 2278 sub
457 2245 599 2286 periculo
622 2244 847 2285 computantis,
871 2243 961 2285 xxxij
984 2248 1006 2275 s.
1052 2245 1095 2276 Et
1117 2254 1174 2285 pro
1197 2245 1369 2278 faleaeione
1391 2247 1423 2276 et

1490 1935 1541 2262 ‚at‘ftcvzn-{eraqeet
1515 1903 1519 1907 .
1498 1727 1541 1813 223
1491 1695 1496 1699 ’
1531 1653 1540 1670 Ὗ,
1520 1611 1544 1622 3
1495 1572 1542 1586 J
1496 1545 1499 1549 '
1497 1299 1540 1364 '‘j-
1507 1103 1538 1114 χ

1519 2433 1522 2440 ,
1496 2321 1533 2410 'vij-4⁴.
1496 2276 1523 2304 ,⁸⁷-
