<?xml version="1.0" encoding="UTF-8"?>
<!DOCTYPE html PUBLIC "-//W3C//DTD XHTML 1.0 Transitional//EN"
    "http://www.w3.org/TR/xhtml1/DTD/xhtml1-transitional.dtd">
<html xmlns="http://www.w3.org/1999/xhtml" xml:lang="en" lang="en">
 <head>
  <title>
</title>
<meta http-equiv="Content-Type" content="text/html;charset=utf-8" />
  <meta name='ocr-system' content='tesseract 3.04.00' />
  <meta name='ocr-capabilities' content='ocr_page ocr_carea ocr_par ocr_line ocrx_word'/>
</head>
<body>
  <div class='ocr_page' id='page_1' title='image "./rotuliscaccariir07scot_0626.png"; bbox 0 0 1551 2462; ppageno 0'>
   <div class='ocr_carea' id='block_1_1' title="bbox 111 749 308 802">
    <p class='ocr_par' dir='ltr' id='par_1_1' title="bbox 111 749 308 802">
     <span class='ocr_line' id='line_1_1' title="bbox 111 749 308 779; baseline -0.005 -7"><span class='ocrx_word' id='word_1_1' title='bbox 111 749 308 779; x_wconf 72' lang='lat' dir='ltr'><strong>computandum</strong></span> 
     </span>
     <span class='ocr_line' id='line_1_2' title="bbox 114 779 301 802; baseline -0.005 0"><span class='ocrx_word' id='word_1_2' title='bbox 114 782 152 802; x_wconf 75' lang='lat' dir='ltr'><strong>est</strong></span> <span class='ocrx_word' id='word_1_3' title='bbox 162 786 217 802; x_wconf 85' lang='grc'><strong>611111</strong></span> <span class='ocrx_word' id='word_1_4' title='bbox 229 779 301 802; x_wconf 81' lang='lat' dir='ltr'><strong>Vaus.</strong></span> 
     </span>
    </p>
   </div>
   <div class='ocr_carea' id='block_1_2' title="bbox 113 969 312 1058">
    <p class='ocr_par' dir='ltr' id='par_1_2' title="bbox 113 969 305 1058">
     <span class='ocr_line' id='line_1_3' title="bbox 113 969 278 999; baseline -0.006 -7"><span class='ocrx_word' id='word_1_5' title='bbox 113 969 278 999; x_wconf 78' lang='lat' dir='ltr'>Respondebit</span> 
     </span>
     <span class='ocr_line' id='line_1_4' title="bbox 113 1001 255 1028; baseline -0.007 -6"><span class='ocrx_word' id='word_1_6' title='bbox 113 1005 183 1028; x_wconf 79' lang='lat' dir='ltr'><strong>comp</strong></span> <span class='ocrx_word' id='word_1_7' title='bbox 177 1001 255 1022; x_wconf 81' lang='lat' dir='ltr'><strong>utans</strong></span> 
     </span>
     <span class='ocr_line' id='line_1_5' title="bbox 113 1029 312 1058; baseline 0 -7"><span class='ocrx_word' id='word_1_8' title='bbox 113 1036 157 1058; x_wconf 87' lang='lat' dir='ltr'><strong>pro</strong></span> <span class='ocrx_word' id='word_1_9' title='bbox 167 1029 202 1058; x_wconf 89' lang='lat' dir='ltr'><strong>iiij</strong></span> <span class='ocrx_word' id='word_1_10' title='bbox 219 1029 312 1052; x_wconf 77' lang='lat' dir='ltr'><strong>cor-reis.</strong></span> 
     </span>
    </p>
   </div>
   <div class='ocr_carea' id='block_1_3' title="bbox 116 1332 231 1354">
    <p class='ocr_par' dir='ltr' id='par_1_3' title="bbox 116 1332 231 1354">
     <span class='ocr_line' id='line_1_6' title="bbox 116 1332 231 1354; baseline 0 0"><span class='ocrx_word' id='word_1_11' title='bbox 116 1332 231 1354; x_wconf 67' lang='lat' dir='ltr'><strong>Pandunt.</strong></span> 
     </span>
    </p>
   </div>
   <div class='ocr_carea' id='block_1_4' title="bbox 116 1412 310 1497">
    <p class='ocr_par' dir='ltr' id='par_1_4' title="bbox 116 1412 310 1497">
     <span class='ocr_line' id='line_1_7' title="bbox 116 1412 310 1444; baseline 0.005 -1"><span class='ocrx_word' id='word_1_12' title='bbox 116 1412 256 1443; x_wconf 83' lang='lat' dir='ltr'><strong>Piscaria</strong></span> <span class='ocrx_word' id='word_1_13' title='bbox 272 1412 310 1444; x_wconf 86' lang='grc'><strong>(16</strong></span> 
     </span>
     <span class='ocr_line' id='line_1_8' title="bbox 119 1458 231 1497; baseline 0.009 -11"><span class='ocrx_word' id='word_1_14' title='bbox 119 1458 231 1497; x_wconf 75' lang='lat' dir='ltr'><strong>Speya.</strong></span> 
     </span>
    </p>
   </div>
   <div class='ocr_carea' id='block_1_5' title="bbox 115 2109 310 2228">
    <p class='ocr_par' dir='ltr' id='par_1_5' title="bbox 115 2109 310 2228">
     <span class='ocr_line' id='line_1_9' title="bbox 117 2109 310 2141; baseline 0 -1"><span class='ocrx_word' id='word_1_15' title='bbox 117 2109 310 2141; x_wconf 60' lang='lat' dir='ltr'><strong>Ballincrefe</strong></span> 
     </span>
     <span class='ocr_line' id='line_1_10' title="bbox 116 2153 245 2184; baseline 0 0"><span class='ocrx_word' id='word_1_16' title='bbox 116 2157 150 2184; x_wconf 83' lang='lat' dir='ltr'><strong>et</strong></span> <span class='ocrx_word' id='word_1_17' title='bbox 165 2153 245 2184; x_wconf 86' lang='lat' dir='ltr'><strong>Gos-</strong></span> 
     </span>
     <span class='ocr_line' id='line_1_11' title="bbox 115 2196 214 2228; baseline 0.02 -2"><span class='ocrx_word' id='word_1_18' title='bbox 115 2196 214 2228; x_wconf 81' lang='lat' dir='ltr'><strong>surde.</strong></span> 
     </span>
    </p>
   </div>
   <div class='ocr_carea' id='block_1_6' title="bbox 327 272 1381 307">
    <p class='ocr_par' dir='ltr' id='par_1_6' title="bbox 327 272 1381 307">
     <span class='ocr_line' id='line_1_12' title="bbox 327 272 1381 307; baseline -0.002 -1"><span class='ocrx_word' id='word_1_19' title='bbox 327 278 387 306; x_wconf 72' lang='grc'><strong>548</strong></span> <span class='ocrx_word' id='word_1_20' title='bbox 641 272 805 306; x_wconf 86' lang='lat' dir='ltr'>ROTULI</span> <span class='ocrx_word' id='word_1_21' title='bbox 830 273 1067 307; x_wconf 85' lang='lat' dir='ltr'>SCACCARII</span> <span class='ocrx_word' id='word_1_22' title='bbox 1291 275 1381 305; x_wconf 83' lang='grc'><strong>1468.</strong></span> 
     </span>
    </p>
   </div>
   <div class='ocr_carea' id='block_1_7' title="bbox 326 366 1387 1503">
    <p class='ocr_par' dir='ltr' id='par_1_7' title="bbox 326 366 1386 1404">
     <span class='ocr_line' id='line_1_13' title="bbox 326 366 1383 408; baseline -0.002 -9"><span class='ocrx_word' id='word_1_23' title='bbox 326 368 497 399; x_wconf 75' lang='lat' dir='ltr'>comitatus</span> <span class='ocrx_word' id='word_1_24' title='bbox 521 368 666 399; x_wconf 87' lang='lat' dir='ltr'><strong>Moravie</strong></span> <span class='ocrx_word' id='word_1_25' title='bbox 689 368 772 399; x_wconf 84' lang='lat' dir='ltr'><strong>infra</strong></span> <span class='ocrx_word' id='word_1_26' title='bbox 795 367 1054 399; x_wconf 84' lang='lat' dir='ltr'><strong>vicecomitatum</strong></span> <span class='ocrx_word' id='word_1_27' title='bbox 1077 367 1117 398; x_wconf 89' lang='lat' dir='ltr'><strong>de</strong></span> <span class='ocrx_word' id='word_1_28' title='bbox 1129 366 1231 408; x_wconf 79' lang='lat' dir='ltr'><strong>Elgin.</strong></span> <span class='ocrx_word' id='word_1_29' title='bbox 1278 367 1321 398; x_wconf 91' lang='lat' dir='ltr'>Et</span> <span class='ocrx_word' id='word_1_30' title='bbox 1343 366 1383 398; x_wconf 87' lang='lat' dir='ltr'><strong>de</strong></span> 
     </span>
     <span class='ocr_line' id='line_1_14' title="bbox 327 416 1382 459; baseline 0 -11"><span class='ocrx_word' id='word_1_31' title='bbox 327 417 372 458; x_wconf 85' lang='lat' dir='ltr'><strong>vij</strong></span> <span class='ocrx_word' id='word_1_32' title='bbox 389 418 563 459; x_wconf 79' lang='lat' dir='ltr'><strong>rynmartis</strong></span> <span class='ocrx_word' id='word_1_33' title='bbox 582 418 622 458; x_wconf 88' lang='lat' dir='ltr'><strong>vij</strong></span> <span class='ocrx_word' id='word_1_34' title='bbox 640 421 833 458; x_wconf 86' lang='lat' dir='ltr'><strong>rynmutone</strong></span> <span class='ocrx_word' id='word_1_35' title='bbox 850 417 929 448; x_wconf 82' lang='lat' dir='ltr'><strong>dicti</strong></span> <span class='ocrx_word' id='word_1_36' title='bbox 945 417 1116 448; x_wconf 82' lang='lat' dir='ltr'><strong>comitatus</strong></span> <span class='ocrx_word' id='word_1_37' title='bbox 1131 417 1215 448; x_wconf 82' lang='lat' dir='ltr'><strong>infra</strong></span> <span class='ocrx_word' id='word_1_38' title='bbox 1228 416 1382 448; x_wconf 85' lang='lat' dir='ltr'><strong>vicecom-</strong></span> 
     </span>
     <span class='ocr_line' id='line_1_15' title="bbox 327 467 1382 508; baseline 0 -10"><span class='ocrx_word' id='word_1_39' title='bbox 327 467 445 498; x_wconf 85' lang='lat' dir='ltr'><strong>itatum</strong></span> <span class='ocrx_word' id='word_1_40' title='bbox 468 467 507 499; x_wconf 89' lang='lat' dir='ltr'><strong>de</strong></span> <span class='ocrx_word' id='word_1_41' title='bbox 530 468 626 499; x_wconf 83' lang='lat' dir='ltr'><strong>Fores</strong></span> <span class='ocrx_word' id='word_1_42' title='bbox 649 468 687 499; x_wconf 86' lang='lat' dir='ltr'><strong>de</strong></span> <span class='ocrx_word' id='word_1_43' title='bbox 712 478 795 498; x_wconf 90' lang='lat' dir='ltr'><strong>anno</strong></span> <span class='ocrx_word' id='word_1_44' title='bbox 819 467 969 508; x_wconf 85' lang='lat' dir='ltr'><strong>computi.</strong></span> <span class='ocrx_word' id='word_1_45' title='bbox 1016 467 1058 498; x_wconf 89' lang='lat' dir='ltr'>Et</span> <span class='ocrx_word' id='word_1_46' title='bbox 1081 467 1120 499; x_wconf 86' lang='lat' dir='ltr'><strong>de</strong></span> <span class='ocrx_word' id='word_1_47' title='bbox 1142 467 1200 507; x_wconf 71' lang='lat' dir='ltr'><strong>xiij</strong></span> <span class='ocrx_word' id='word_1_48' title='bbox 1225 467 1336 498; x_wconf 85' lang='lat' dir='ltr'><strong>martis</strong></span> <span class='ocrx_word' id='word_1_49' title='bbox 1360 467 1382 507; x_wconf 87' lang='lat' dir='ltr'><strong>ij</strong></span> 
     </span>
     <span class='ocr_line' id='line_1_16' title="bbox 328 517 1383 558; baseline -0.001 -10"><span class='ocrx_word' id='word_1_50' title='bbox 328 517 485 558; x_wconf 87' lang='lat' dir='ltr'><strong>quarteris</strong></span> <span class='ocrx_word' id='word_1_51' title='bbox 508 517 564 558; x_wconf 86' lang='lat' dir='ltr'><strong>xiij</strong></span> <span class='ocrx_word' id='word_1_52' title='bbox 589 521 704 548; x_wconf 87' lang='lat' dir='ltr'><strong>muton</strong></span> <span class='ocrx_word' id='word_1_53' title='bbox 726 517 747 558; x_wconf 89' lang='lat' dir='ltr'><strong>ij</strong></span> <span class='ocrx_word' id='word_1_54' title='bbox 774 518 930 558; x_wconf 84' lang='lat' dir='ltr'><strong>quarteris</strong></span> <span class='ocrx_word' id='word_1_55' title='bbox 962 517 1092 549; x_wconf 85' lang='lat' dir='ltr'><strong>baronie</strong></span> <span class='ocrx_word' id='word_1_56' title='bbox 1115 517 1154 549; x_wconf 86' lang='lat' dir='ltr'><strong>de</strong></span> <span class='ocrx_word' id='word_1_57' title='bbox 1178 517 1383 549; x_wconf 86' lang='lat' dir='ltr'><strong>Ardmanoch</strong></span> 
     </span>
     <span class='ocr_line' id='line_1_17' title="bbox 327 567 1385 608; baseline 0.001 -11"><span class='ocrx_word' id='word_1_58' title='bbox 327 567 367 598; x_wconf 87' lang='lat' dir='ltr'><strong>de</strong></span> <span class='ocrx_word' id='word_1_59' title='bbox 390 577 474 598; x_wconf 88' lang='lat' dir='ltr'><strong>anno</strong></span> <span class='ocrx_word' id='word_1_60' title='bbox 497 567 648 608; x_wconf 88' lang='lat' dir='ltr'><strong>computi.</strong></span> <span class='ocrx_word' id='word_1_61' title='bbox 695 567 827 598; x_wconf 88' lang='lat' dir='ltr'><strong>Summa</strong></span> <span class='ocrx_word' id='word_1_62' title='bbox 851 567 961 598; x_wconf 84' lang='lat' dir='ltr'><strong>totalis</strong></span> <span class='ocrx_word' id='word_1_63' title='bbox 986 567 1183 599; x_wconf 82' lang='lat' dir='ltr'><strong>oneracionis</strong></span> <span class='ocrx_word' id='word_1_64' title='bbox 1209 571 1385 599; x_wconf 85' lang='lat' dir='ltr'><strong>martarum</strong></span> 
     </span>
     <span class='ocr_line' id='line_1_18' title="bbox 327 617 1384 658; baseline 0.002 -11"><span class='ocrx_word' id='word_1_65' title='bbox 327 619 361 648; x_wconf 83' lang='lat' dir='ltr'><strong>et</strong></span> <span class='ocrx_word' id='word_1_66' title='bbox 383 620 554 647; x_wconf 88' lang='lat' dir='ltr'><strong>mutonum</strong></span> <span class='ocrx_word' id='word_1_67' title='bbox 577 627 652 648; x_wconf 88' lang='lat' dir='ltr'><strong>cum</strong></span> <span class='ocrx_word' id='word_1_68' title='bbox 677 617 850 658; x_wconf 84' lang='lat' dir='ltr'><strong>arreragiis,</strong></span> <span class='ocrx_word' id='word_1_69' title='bbox 875 617 977 648; x_wconf 81' lang='lat' dir='ltr'><strong>xxxix</strong></span> <span class='ocrx_word' id='word_1_70' title='bbox 1001 617 1024 658; x_wconf 89' lang='lat' dir='ltr'><strong>ij</strong></span> <span class='ocrx_word' id='word_1_71' title='bbox 1048 618 1205 658; x_wconf 79' lang='lat' dir='ltr'><strong>quarteris</strong></span> <span class='ocrx_word' id='word_1_72' title='bbox 1227 621 1329 649; x_wconf 87' lang='lat' dir='ltr'><strong>marte</strong></span> <span class='ocrx_word' id='word_1_73' title='bbox 1353 621 1384 648; x_wconf 82' lang='lat' dir='ltr'><strong>et</strong></span> 
     </span>
     <span class='ocr_line' id='line_1_19' title="bbox 328 666 1384 708; baseline 0.002 -12"><span class='ocrx_word' id='word_1_74' title='bbox 328 666 430 696; x_wconf 79' lang='lat' dir='ltr'><strong>xxxix</strong></span> <span class='ocrx_word' id='word_1_75' title='bbox 445 666 467 707; x_wconf 85' lang='lat' dir='ltr'><strong>ij</strong></span> <span class='ocrx_word' id='word_1_76' title='bbox 487 666 643 707; x_wconf 86' lang='lat' dir='ltr'><strong>quarteris</strong></span> <span class='ocrx_word' id='word_1_77' title='bbox 661 670 780 697; x_wconf 86' lang='lat' dir='ltr'><strong>muton.</strong></span> <span class='ocrx_word' id='word_1_78' title='bbox 815 667 865 697; x_wconf 88' lang='lat' dir='ltr'><strong>De</strong></span> <span class='ocrx_word' id='word_1_79' title='bbox 882 667 1008 707; x_wconf 86' lang='lat' dir='ltr'><strong>quibus,</strong></span> <span class='ocrx_word' id='word_1_80' title='bbox 1024 667 1158 698; x_wconf 86' lang='lat' dir='ltr'><strong>allocate</strong></span> <span class='ocrx_word' id='word_1_81' title='bbox 1182 667 1384 708; x_wconf 82' lang='lat' dir='ltr'><strong>computanti</strong></span> 
     </span>
     <span class='ocr_line' id='line_1_20' title="bbox 327 715 1383 758; baseline 0.002 -12"><span class='ocrx_word' id='word_1_82' title='bbox 327 726 385 756; x_wconf 89' lang='lat' dir='ltr'><strong>per</strong></span> <span class='ocrx_word' id='word_1_83' title='bbox 399 715 625 746; x_wconf 86' lang='lat' dir='ltr'><strong>liberacionem</strong></span> <span class='ocrx_word' id='word_1_84' title='bbox 651 716 768 746; x_wconf 77' lang='lat' dir='ltr'><strong>factam</strong></span> <span class='ocrx_word' id='word_1_85' title='bbox 796 715 836 746; x_wconf 91' lang='lat' dir='ltr'><strong>ad</strong></span> <span class='ocrx_word' id='word_1_86' title='bbox 860 715 1066 747; x_wconf 83' lang='lat' dir='ltr'><strong>lardinariam</strong></span> <span class='ocrx_word' id='word_1_87' title='bbox 1092 717 1215 748; x_wconf 88' lang='lat' dir='ltr'><strong>domini</strong></span> <span class='ocrx_word' id='word_1_88' title='bbox 1241 717 1322 758; x_wconf 85' lang='lat' dir='ltr'><strong>regis</strong></span> <span class='ocrx_word' id='word_1_89' title='bbox 1349 717 1383 747; x_wconf 93' lang='lat' dir='ltr'><strong>in</strong></span> 
     </span>
     <span class='ocr_line' id='line_1_21' title="bbox 328 765 1383 808; baseline 0.002 -12"><span class='ocrx_word' id='word_1_90' title='bbox 328 765 424 806; x_wconf 79' lang='lat' dir='ltr'><strong>Elgin</strong></span> <span class='ocrx_word' id='word_1_91' title='bbox 440 769 473 796; x_wconf 87' lang='lat' dir='ltr'><strong>et</strong></span> <span class='ocrx_word' id='word_1_92' title='bbox 497 766 660 803; x_wconf 87' lang='lat' dir='ltr'><strong>Invernes,</strong></span> <span class='ocrx_word' id='word_1_93' title='bbox 677 769 714 796; x_wconf 90' lang='lat' dir='ltr'><strong>ut</strong></span> <span class='ocrx_word' id='word_1_94' title='bbox 736 769 825 806; x_wconf 87' lang='lat' dir='ltr'>patet</span> <span class='ocrx_word' id='word_1_95' title='bbox 848 766 884 796; x_wconf 89' lang='lat' dir='ltr'><strong>in</strong></span> <span class='ocrx_word' id='word_1_96' title='bbox 906 770 1056 807; x_wconf 87' lang='lat' dir='ltr'><strong>computo</strong></span> <span class='ocrx_word' id='word_1_97' title='bbox 1078 767 1213 807; x_wconf 76' lang='lat' dir='ltr'>pecunie</span> <span class='ocrx_word' id='word_1_98' title='bbox 1238 767 1383 808; x_wconf 87' lang='lat' dir='ltr'><strong>superius</strong></span> 
     </span>
     <span class='ocr_line' id='line_1_22' title="bbox 328 814 1383 856; baseline 0.002 -11"><span class='ocrx_word' id='word_1_99' title='bbox 328 814 495 855; x_wconf 78' lang='lat' dir='ltr'><strong>descripto,</strong></span> <span class='ocrx_word' id='word_1_100' title='bbox 518 825 539 845; x_wconf 89' lang='lat' dir='ltr'><strong>x</strong></span> <span class='ocrx_word' id='word_1_101' title='bbox 566 819 674 846; x_wconf 86' lang='lat' dir='ltr'><strong>marte.</strong></span> <span class='ocrx_word' id='word_1_102' title='bbox 731 816 773 846; x_wconf 86' lang='lat' dir='ltr'>Et</span> <span class='ocrx_word' id='word_1_103' title='bbox 796 815 908 853; x_wconf 87' lang='lat' dir='ltr'><strong>eidem,</strong></span> <span class='ocrx_word' id='word_1_104' title='bbox 933 826 989 856; x_wconf 87' lang='lat' dir='ltr'><strong>per</strong></span> <span class='ocrx_word' id='word_1_105' title='bbox 1013 815 1238 847; x_wconf 84' lang='lat' dir='ltr'><strong>liberacionem</strong></span> <span class='ocrx_word' id='word_1_106' title='bbox 1265 816 1383 847; x_wconf 77' lang='lat' dir='ltr'><strong>factam</strong></span> 
     </span>
     <span class='ocr_line' id='line_1_23' title="bbox 328 864 1384 906; baseline 0.002 -11"><span class='ocrx_word' id='word_1_107' title='bbox 328 864 413 895; x_wconf 89' lang='lat' dir='ltr'><strong>dicto</strong></span> <span class='ocrx_word' id='word_1_108' title='bbox 440 864 591 905; x_wconf 81' lang='lat' dir='ltr'><strong>magistro</strong></span> <span class='ocrx_word' id='word_1_109' title='bbox 617 864 756 896; x_wconf 86' lang='lat' dir='ltr'><strong>Patricio</strong></span> <span class='ocrx_word' id='word_1_110' title='bbox 780 865 815 895; x_wconf 91' lang='lat' dir='ltr'><strong>in</strong></span> <span class='ocrx_word' id='word_1_111' title='bbox 840 868 977 906; x_wconf 88' lang='lat' dir='ltr'><strong>quatuor</strong></span> <span class='ocrx_word' id='word_1_112' title='bbox 1003 866 1114 897; x_wconf 83' lang='lat' dir='ltr'><strong>martis</strong></span> <span class='ocrx_word' id='word_1_113' title='bbox 1142 865 1233 897; x_wconf 81' lang='lat' dir='ltr'>salsis</span> <span class='ocrx_word' id='word_1_114' title='bbox 1260 869 1293 897; x_wconf 88' lang='lat' dir='ltr'><strong>et</strong></span> <span class='ocrx_word' id='word_1_115' title='bbox 1318 875 1384 896; x_wconf 87' lang='lat' dir='ltr'><strong>una</strong></span> 
     </span>
     <span class='ocr_line' id='line_1_24' title="bbox 327 914 1384 956; baseline 0.001 -11"><span class='ocrx_word' id='word_1_116' title='bbox 327 917 455 945; x_wconf 82' lang='lat' dir='ltr'><strong>recente</strong></span> <span class='ocrx_word' id='word_1_117' title='bbox 478 914 518 945; x_wconf 88' lang='lat' dir='ltr'><strong>ad</strong></span> <span class='ocrx_word' id='word_1_118' title='bbox 541 914 665 945; x_wconf 82' lang='lat' dir='ltr'><strong>dictum</strong></span> <span class='ocrx_word' id='word_1_119' title='bbox 681 918 821 945; x_wconf 76' lang='lat' dir='ltr'><strong>castrum</strong></span> <span class='ocrx_word' id='word_1_120' title='bbox 845 914 883 946; x_wconf 85' lang='lat' dir='ltr'><strong>de</strong></span> <span class='ocrx_word' id='word_1_121' title='bbox 902 914 1066 955; x_wconf 86' lang='lat' dir='ltr'><strong>Ternway‚</strong></span> <span class='ocrx_word' id='word_1_122' title='bbox 1082 925 1104 945; x_wconf 84' lang='lat' dir='ltr'><strong>v</strong></span> <span class='ocrx_word' id='word_1_123' title='bbox 1118 919 1219 946; x_wconf 87' lang='lat' dir='ltr'><strong>marte</strong></span> <span class='ocrx_word' id='word_1_124' title='bbox 1231 915 1244 956; x_wconf 89' lang='lat' dir='ltr'><strong>j</strong></span> <span class='ocrx_word' id='word_1_125' title='bbox 1262 918 1384 952; x_wconf 86' lang='lat' dir='ltr'><strong>muton,</strong></span> 
     </span>
     <span class='ocr_line' id='line_1_25' title="bbox 328 963 1385 1005; baseline 0.002 -11"><span class='ocrx_word' id='word_1_126' title='bbox 328 974 384 1004; x_wconf 91' lang='lat' dir='ltr'><strong>pro</strong></span> <span class='ocrx_word' id='word_1_127' title='bbox 398 974 534 1004; x_wconf 87' lang='lat' dir='ltr'><strong>quarum</strong></span> <span class='ocrx_word' id='word_1_128' title='bbox 551 967 689 1004; x_wconf 85' lang='lat' dir='ltr'><strong>quatuor</strong></span> <span class='ocrx_word' id='word_1_129' title='bbox 705 963 860 995; x_wconf 82' lang='lat' dir='ltr'><strong>salsarum</strong></span> <span class='ocrx_word' id='word_1_130' title='bbox 876 967 1051 994; x_wconf 70' lang='lat' dir='ltr'><strong>mar—tarum</strong></span> <span class='ocrx_word' id='word_1_131' title='bbox 1067 965 1183 996; x_wconf 86' lang='lat' dir='ltr'><strong>correis</strong></span> <span class='ocrx_word' id='word_1_132' title='bbox 1195 968 1385 1005; x_wconf 81' lang='lat' dir='ltr'><strong>computans</strong></span> 
     </span>
     <span class='ocr_line' id='line_1_26' title="bbox 328 1013 1385 1054; baseline 0.001 -10"><span class='ocrx_word' id='word_1_133' title='bbox 328 1013 539 1054; x_wconf 73' lang='lat' dir='ltr'><strong>respondebit.</strong></span> <span class='ocrx_word' id='word_1_134' title='bbox 586 1013 629 1044; x_wconf 89' lang='lat' dir='ltr'>Et</span> <span class='ocrx_word' id='word_1_135' title='bbox 645 1013 774 1044; x_wconf 88' lang='lat' dir='ltr'><strong>domino</strong></span> <span class='ocrx_word' id='word_1_136' title='bbox 791 1013 911 1044; x_wconf 86' lang='lat' dir='ltr'><strong>Dernle</strong></span> <span class='ocrx_word' id='word_1_137' title='bbox 932 1023 971 1044; x_wconf 84' lang='lat' dir='ltr'><strong>ex</strong></span> <span class='ocrx_word' id='word_1_138' title='bbox 987 1023 1082 1044; x_wconf 88' lang='lat' dir='ltr'><strong>causa</strong></span> <span class='ocrx_word' id='word_1_139' title='bbox 1097 1013 1242 1054; x_wconf 85' lang='lat' dir='ltr'><strong>superius</strong></span> <span class='ocrx_word' id='word_1_140' title='bbox 1258 1023 1385 1054; x_wconf 77' lang='lat' dir='ltr'><strong>expres-</strong></span> 
     </span>
     <span class='ocr_line' id='line_1_27' title="bbox 329 1063 1386 1104; baseline 0 -10"><span class='ocrx_word' id='word_1_141' title='bbox 329 1066 407 1100; x_wconf 82' lang='lat' dir='ltr'><strong>sata,</strong></span> <span class='ocrx_word' id='word_1_142' title='bbox 426 1063 439 1103; x_wconf 84' lang='lat' dir='ltr'>J&#39;</span> <span class='ocrx_word' id='word_1_143' title='bbox 464 1066 548 1094; x_wconf 81' lang='lat' dir='ltr'><strong>mart</strong></span> <span class='ocrx_word' id='word_1_144' title='bbox 578 1063 599 1104; x_wconf 89' lang='lat' dir='ltr'><strong>ij</strong></span> <span class='ocrx_word' id='word_1_145' title='bbox 625 1066 746 1094; x_wconf 90' lang='lat' dir='ltr'><strong>muton.</strong></span> <span class='ocrx_word' id='word_1_146' title='bbox 793 1063 924 1094; x_wconf 81' lang='lat' dir='ltr'><strong>Summa</strong></span> <span class='ocrx_word' id='word_1_147' title='bbox 955 1073 1175 1103; x_wconf 81' lang='lat' dir='ltr'><strong>expensarum,</strong></span> <span class='ocrx_word' id='word_1_148' title='bbox 1199 1063 1252 1104; x_wconf 90' lang='lat' dir='ltr'><strong>xvj</strong></span> <span class='ocrx_word' id='word_1_149' title='bbox 1284 1067 1386 1095; x_wconf 88' lang='lat' dir='ltr'><strong>marte</strong></span> 
     </span>
     <span class='ocr_line' id='line_1_28' title="bbox 329 1112 1383 1153; baseline 0 -11"><span class='ocrx_word' id='word_1_150' title='bbox 329 1112 363 1152; x_wconf 89' lang='lat' dir='ltr'><strong>iij</strong></span> <span class='ocrx_word' id='word_1_151' title='bbox 381 1115 502 1143; x_wconf 84' lang='lat' dir='ltr'><strong>muton.</strong></span> <span class='ocrx_word' id='word_1_152' title='bbox 548 1112 590 1143; x_wconf 87' lang='lat' dir='ltr'>Et</span> <span class='ocrx_word' id='word_1_153' title='bbox 606 1112 651 1143; x_wconf 90' lang='lat' dir='ltr'><strong>sic</strong></span> <span class='ocrx_word' id='word_1_154' title='bbox 675 1115 798 1143; x_wconf 86' lang='lat' dir='ltr'><strong>restant</strong></span> <span class='ocrx_word' id='word_1_155' title='bbox 825 1112 903 1152; x_wconf 85' lang='lat' dir='ltr'><strong>xxiij</strong></span> <span class='ocrx_word' id='word_1_156' title='bbox 933 1112 954 1153; x_wconf 84' lang='lat' dir='ltr'><strong>ij</strong></span> <span class='ocrx_word' id='word_1_157' title='bbox 981 1112 1139 1153; x_wconf 86' lang='lat' dir='ltr'><strong>quarteris</strong></span> <span class='ocrx_word' id='word_1_158' title='bbox 1162 1116 1263 1143; x_wconf 88' lang='lat' dir='ltr'><strong>marte</strong></span> <span class='ocrx_word' id='word_1_159' title='bbox 1283 1112 1383 1152; x_wconf 79' lang='lat' dir='ltr'><strong>xxxvj</strong></span> 
     </span>
     <span class='ocr_line' id='line_1_29' title="bbox 330 1162 1386 1203; baseline 0 -10"><span class='ocrx_word' id='word_1_160' title='bbox 330 1165 478 1193; x_wconf 77' lang='lat' dir='ltr'><strong>mutones</strong></span> <span class='ocrx_word' id='word_1_161' title='bbox 491 1162 512 1202; x_wconf 87' lang='lat' dir='ltr'><strong>ij</strong></span> <span class='ocrx_word' id='word_1_162' title='bbox 526 1162 692 1203; x_wconf 78' lang='lat' dir='ltr'><strong>quarteris.</strong></span> <span class='ocrx_word' id='word_1_163' title='bbox 728 1162 775 1193; x_wconf 87' lang='lat' dir='ltr'><strong>De</strong></span> <span class='ocrx_word' id='word_1_164' title='bbox 788 1162 914 1202; x_wconf 85' lang='lat' dir='ltr'><strong>quibus,</strong></span> <span class='ocrx_word' id='word_1_165' title='bbox 927 1162 1070 1202; x_wconf 83' lang='lat' dir='ltr'><strong>pendent</strong></span> <span class='ocrx_word' id='word_1_166' title='bbox 1081 1172 1176 1203; x_wconf 85' lang='lat' dir='ltr'><strong>super</strong></span> <span class='ocrx_word' id='word_1_167' title='bbox 1187 1162 1386 1195; x_wconf 86' lang='lat' dir='ltr'><strong>Celestinum</strong></span> 
     </span>
     <span class='ocr_line' id='line_1_30' title="bbox 331 1211 1385 1244; baseline -0.001 -1"><span class='ocrx_word' id='word_1_168' title='bbox 331 1212 369 1243; x_wconf 87' lang='lat' dir='ltr'><strong>de</strong></span> <span class='ocrx_word' id='word_1_169' title='bbox 387 1212 508 1243; x_wconf 86' lang='lat' dir='ltr'><strong>Insulis</strong></span> <span class='ocrx_word' id='word_1_170' title='bbox 524 1212 563 1243; x_wconf 91' lang='lat' dir='ltr'><strong>de</strong></span> <span class='ocrx_word' id='word_1_171' title='bbox 587 1212 673 1243; x_wconf 85' lang='lat' dir='ltr'><strong>dicta</strong></span> <span class='ocrx_word' id='word_1_172' title='bbox 697 1212 827 1243; x_wconf 81' lang='lat' dir='ltr'><strong>baronia</strong></span> <span class='ocrx_word' id='word_1_173' title='bbox 853 1211 892 1242; x_wconf 88' lang='lat' dir='ltr'><strong>de</strong></span> <span class='ocrx_word' id='word_1_174' title='bbox 907 1211 1115 1242; x_wconf 85' lang='lat' dir='ltr'><strong>Ardmanoch</strong></span> <span class='ocrx_word' id='word_1_175' title='bbox 1138 1212 1176 1243; x_wconf 88' lang='lat' dir='ltr'><strong>de</strong></span> <span class='ocrx_word' id='word_1_176' title='bbox 1201 1222 1285 1243; x_wconf 81' lang='lat' dir='ltr'><strong>anno</strong></span> <span class='ocrx_word' id='word_1_177' title='bbox 1301 1222 1385 1244; x_wconf 87' lang='lat' dir='ltr'><strong>com-</strong></span> 
     </span>
     <span class='ocr_line' id='line_1_31' title="bbox 331 1264 1384 1305; baseline 0 -11"><span class='ocrx_word' id='word_1_178' title='bbox 331 1265 412 1305; x_wconf 85' lang='lat' dir='ltr'><strong>puti,</strong></span> <span class='ocrx_word' id='word_1_179' title='bbox 443 1265 499 1305; x_wconf 82' lang='lat' dir='ltr'><strong>xiij</strong></span> <span class='ocrx_word' id='word_1_180' title='bbox 539 1268 642 1295; x_wconf 84' lang='lat' dir='ltr'><strong>marte</strong></span> <span class='ocrx_word' id='word_1_181' title='bbox 672 1264 694 1304; x_wconf 87' lang='lat' dir='ltr'><strong>iJ&#39;</strong></span> <span class='ocrx_word' id='word_1_182' title='bbox 727 1264 883 1304; x_wconf 86' lang='lat' dir='ltr'><strong>quarteris</strong></span> <span class='ocrx_word' id='word_1_183' title='bbox 921 1264 978 1304; x_wconf 85' lang='lat' dir='ltr'><strong>xiij</strong></span> <span class='ocrx_word' id='word_1_184' title='bbox 1011 1267 1124 1294; x_wconf 87' lang='lat' dir='ltr'><strong>muton</strong></span> <span class='ocrx_word' id='word_1_185' title='bbox 1163 1264 1184 1304; x_wconf 87' lang='lat' dir='ltr'><strong>ij</strong></span> <span class='ocrx_word' id='word_1_186' title='bbox 1220 1264 1384 1305; x_wconf 84' lang='lat' dir='ltr'><strong>quarteris.</strong></span> 
     </span>
     <span class='ocr_line' id='line_1_32' title="bbox 333 1313 1385 1355; baseline -0.001 -10"><span class='ocrx_word' id='word_1_187' title='bbox 333 1314 465 1345; x_wconf 83' lang='lat' dir='ltr'><strong>Summa</strong></span> <span class='ocrx_word' id='word_1_188' title='bbox 491 1314 587 1355; x_wconf 86' lang='lat' dir='ltr'><strong>hujus</strong></span> <span class='ocrx_word' id='word_1_189' title='bbox 614 1314 791 1355; x_wconf 85' lang='lat' dir='ltr'><strong>peudencie</strong></span> <span class='ocrx_word' id='word_1_190' title='bbox 817 1317 913 1355; x_wconf 86' lang='lat' dir='ltr'>patet.</span> <span class='ocrx_word' id='word_1_191' title='bbox 960 1313 1003 1344; x_wconf 86' lang='lat' dir='ltr'>Et</span> <span class='ocrx_word' id='word_1_192' title='bbox 1029 1314 1075 1344; x_wconf 88' lang='lat' dir='ltr'><strong>sic</strong></span> <span class='ocrx_word' id='word_1_193' title='bbox 1101 1317 1224 1345; x_wconf 84' lang='lat' dir='ltr'><strong>restant</strong></span> <span class='ocrx_word' id='word_1_194' title='bbox 1246 1324 1267 1344; x_wconf 82' lang='lat' dir='ltr'><strong>x</strong></span> <span class='ocrx_word' id='word_1_195' title='bbox 1283 1319 1385 1346; x_wconf 81' lang='lat' dir='ltr'><strong>marte</strong></span> 
     </span>
     <span class='ocr_line' id='line_1_33' title="bbox 334 1364 551 1404; baseline 0 -10"><span class='ocrx_word' id='word_1_196' title='bbox 334 1364 413 1404; x_wconf 84' lang='lat' dir='ltr'><strong>xxiij</strong></span> <span class='ocrx_word' id='word_1_197' title='bbox 431 1367 551 1395; x_wconf 89' lang='lat' dir='ltr'><strong>muton.</strong></span> 
     </span>
    </p>

    <p class='ocr_par' dir='ltr' id='par_1_8' title="bbox 332 1390 1387 1503">
     <span class='ocr_line' id='line_1_34' title="bbox 377 1390 1387 1454; baseline 0 -10"><span class='ocrx_word' id='word_1_198' title='bbox 377 1414 470 1451; x_wconf 84' lang='lat' dir='ltr'><strong>Item,</strong></span> <span class='ocrx_word' id='word_1_199' title='bbox 486 1413 570 1444; x_wconf 87' lang='lat' dir='ltr'><strong>idem</strong></span> <span class='ocrx_word' id='word_1_200' title='bbox 588 1417 698 1444; x_wconf 86' lang='lat' dir='ltr'><strong>onerat</strong></span> <span class='ocrx_word' id='word_1_201' title='bbox 713 1423 746 1444; x_wconf 89' lang='lat' dir='ltr'><strong>se</strong></span> <span class='ocrx_word' id='word_1_202' title='bbox 762 1413 825 1444; x_wconf 88' lang='lat' dir='ltr'><strong>de</strong></span> <span class='ocrx_word' id='word_1_203' title='bbox 817 1413 838 1454; x_wconf 88' lang='lat' dir='ltr'>1J&#39;</span> <span class='ocrx_word' id='word_1_204' title='bbox 856 1390 946 1444; x_wconf 75' lang='lat' dir='ltr'><strong>lastis</strong></span> <span class='ocrx_word' id='word_1_205' title='bbox 963 1413 1018 1453; x_wconf 87' lang='lat' dir='ltr'><strong>viij</strong></span> <span class='ocrx_word' id='word_1_206' title='bbox 1036 1413 1190 1444; x_wconf 84' lang='lat' dir='ltr'><strong>barilibus</strong></span> <span class='ocrx_word' id='word_1_207' title='bbox 1206 1413 1387 1445; x_wconf 85' lang='lat' dir='ltr'><strong>salmonum</strong></span> 
     </span>
     <span class='ocr_line' id='line_1_35' title="bbox 332 1462 1386 1503; baseline 0.001 -10"><span class='ocrx_word' id='word_1_208' title='bbox 332 1463 488 1494; x_wconf 89' lang='lat' dir='ltr'><strong>salsorum</strong></span> <span class='ocrx_word' id='word_1_209' title='bbox 505 1473 653 1494; x_wconf 78' lang='lat' dir='ltr'><strong>mensule</strong></span> <span class='ocrx_word' id='word_1_210' title='bbox 670 1462 709 1493; x_wconf 83' lang='lat' dir='ltr'><strong>cle</strong></span> <span class='ocrx_word' id='word_1_211' title='bbox 724 1462 915 1503; x_wconf 86' lang='lat' dir='ltr'><strong>Hamburgh</strong></span> <span class='ocrx_word' id='word_1_212' title='bbox 936 1473 992 1503; x_wconf 88' lang='lat' dir='ltr'><strong>per</strong></span> <span class='ocrx_word' id='word_1_213' title='bbox 1008 1462 1162 1503; x_wconf 83' lang='lat' dir='ltr'><strong>arreragia</strong></span> <span class='ocrx_word' id='word_1_214' title='bbox 1178 1463 1286 1494; x_wconf 86' lang='lat' dir='ltr'><strong>ultimi</strong></span> <span class='ocrx_word' id='word_1_215' title='bbox 1302 1473 1386 1494; x_wconf 88' lang='grc'><strong>60111-</strong></span> 
     </span>
    </p>
   </div>
   <div class='ocr_carea' id='block_1_8' title="bbox 333 1512 1386 1553">
    <p class='ocr_par' dir='ltr' id='par_1_9' title="bbox 333 1512 1386 1553">
     <span class='ocr_line' id='line_1_36' title="bbox 333 1512 1386 1553; baseline 0.001 -10"><span class='ocrx_word' id='word_1_216' title='bbox 333 1512 414 1553; x_wconf 88' lang='lat' dir='ltr'><strong>puti,</strong></span> <span class='ocrx_word' id='word_1_217' title='bbox 430 1512 489 1549; x_wconf 90' lang='lat' dir='ltr'><strong>sui,</strong></span> <span class='ocrx_word' id='word_1_218' title='bbox 504 1515 541 1542; x_wconf 87' lang='lat' dir='ltr'><strong>ut</strong></span> <span class='ocrx_word' id='word_1_219' title='bbox 556 1516 646 1553; x_wconf 83' lang='lat' dir='ltr'>patet</span> <span class='ocrx_word' id='word_1_220' title='bbox 662 1512 695 1542; x_wconf 91' lang='lat' dir='ltr'><strong>in</strong></span> <span class='ocrx_word' id='word_1_221' title='bbox 711 1512 791 1553; x_wconf 87' lang='lat' dir='ltr'><strong>pede</strong></span> <span class='ocrx_word' id='word_1_222' title='bbox 808 1512 958 1552; x_wconf 85' lang='lat' dir='ltr'><strong>ejusdem.</strong></span> <span class='ocrx_word' id='word_1_223' title='bbox 1005 1512 1048 1543; x_wconf 86' lang='lat' dir='ltr'>Et</span> <span class='ocrx_word' id='word_1_224' title='bbox 1070 1512 1109 1543; x_wconf 84' lang='lat' dir='ltr'><strong>de</strong></span> <span class='ocrx_word' id='word_1_225' title='bbox 1124 1512 1147 1553; x_wconf 86' lang='lat' dir='ltr'><strong>iJ&#39;</strong></span> <span class='ocrx_word' id='word_1_226' title='bbox 1164 1512 1254 1543; x_wconf 87' lang='lat' dir='ltr'><strong>lastis</strong></span> <span class='ocrx_word' id='word_1_227' title='bbox 1270 1513 1386 1544; x_wconf 87' lang='lat' dir='ltr'><strong>salmo-</strong></span> 
     </span>
    </p>
   </div>
   <div class='ocr_carea' id='block_1_9' title="bbox 332 1558 1531 1654">
    <p class='ocr_par' dir='ltr' id='par_1_10' title="bbox 332 1558 1531 1654">
     <span class='ocr_line' id='line_1_37' title="bbox 332 1558 1531 1602; baseline -0.001 -9"><span class='ocrx_word' id='word_1_228' title='bbox 332 1573 410 1594; x_wconf 90' lang='lat' dir='ltr'><strong>num</strong></span> <span class='ocrx_word' id='word_1_229' title='bbox 428 1562 585 1593; x_wconf 84' lang='lat' dir='ltr'><strong>salsorum</strong></span> <span class='ocrx_word' id='word_1_230' title='bbox 600 1561 715 1593; x_wconf 87' lang='lat' dir='ltr'><strong>similis</strong></span> <span class='ocrx_word' id='word_1_231' title='bbox 733 1572 879 1593; x_wconf 85' lang='lat' dir='ltr'><strong>mensure</strong></span> <span class='ocrx_word' id='word_1_232' title='bbox 895 1562 980 1592; x_wconf 87' lang='lat' dir='ltr'><strong>dicte</strong></span> <span class='ocrx_word' id='word_1_233' title='bbox 995 1562 1129 1602; x_wconf 84' lang='lat' dir='ltr'><strong>piscarie</strong></span> <span class='ocrx_word' id='word_1_234' title='bbox 1146 1562 1185 1593; x_wconf 86' lang='lat' dir='ltr'><strong>de</strong></span> <span class='ocrx_word' id='word_1_235' title='bbox 1201 1572 1285 1593; x_wconf 83' lang='lat' dir='ltr'><strong>anno</strong></span> <span class='ocrx_word' id='word_1_236' title='bbox 1301 1573 1386 1594; x_wconf 88' lang='lat' dir='ltr'><strong>com-</strong></span> <span class='ocrx_word' id='word_1_237' title='bbox 1420 1570 1422 1572; x_wconf 85' lang='lat'>·</span> <span class='ocrx_word' id='word_1_238' title='bbox 1471 1558 1477 1569; x_wconf 71' lang='grc'>”</span> <span class='ocrx_word' id='word_1_239' title='bbox 1528 1589 1531 1598; x_wconf 92' lang='grc'><strong>,</strong></span> 
     </span>
     <span class='ocr_line' id='line_1_38' title="bbox 332 1611 1459 1654; baseline 0.001 -11"><span class='ocrx_word' id='word_1_240' title='bbox 332 1613 412 1654; x_wconf 83' lang='lat' dir='ltr'><strong>puti,</strong></span> <span class='ocrx_word' id='word_1_241' title='bbox 425 1612 567 1644; x_wconf 83' lang='lat' dir='ltr'><strong>assedate</strong></span> <span class='ocrx_word' id='word_1_242' title='bbox 582 1622 640 1653; x_wconf 86' lang='lat' dir='ltr'><strong>per</strong></span> <span class='ocrx_word' id='word_1_243' title='bbox 655 1612 844 1652; x_wconf 84' lang='lat' dir='ltr'><strong>magistrum</strong></span> <span class='ocrx_word' id='word_1_244' title='bbox 859 1611 966 1642; x_wconf 84' lang='lat' dir='ltr'><strong>David</strong></span> <span class='ocrx_word' id='word_1_245' title='bbox 983 1611 1117 1648; x_wconf 86' lang='lat' dir='ltr'><strong>Guthre,</strong></span> <span class='ocrx_word' id='word_1_246' title='bbox 1129 1614 1207 1642; x_wconf 87' lang='lat' dir='ltr'><strong>tunc</strong></span> <span class='ocrx_word' id='word_1_247' title='bbox 1222 1616 1386 1653; x_wconf 84' lang='lat' dir='ltr'><strong>computo-</strong></span> <span class='ocrx_word' id='word_1_248' title='bbox 1423 1650 1426 1652; x_wconf 24' lang='lat'>¹</span> <span class='ocrx_word' id='word_1_249' title='bbox 1448 1623 1459 1626; x_wconf 84' lang='grc'><strong><em>·</em></strong></span> 
     </span>
    </p>
   </div>
   <div class='ocr_carea' id='block_1_10' title="bbox 332 1660 1389 2041">
    <p class='ocr_par' dir='ltr' id='par_1_11' title="bbox 332 1660 1389 2041">
     <span class='ocr_line' id='line_1_39' title="bbox 332 1660 1386 1702; baseline -0.001 -9"><span class='ocrx_word' id='word_1_250' title='bbox 332 1672 405 1693; x_wconf 87' lang='grc'><strong>111111</strong></span> <span class='ocrx_word' id='word_1_251' title='bbox 431 1662 648 1697; x_wconf 73' lang='lat' dir='ltr'><strong>rotulatorem,</strong></span> <span class='ocrx_word' id='word_1_252' title='bbox 672 1665 709 1692; x_wconf 87' lang='lat' dir='ltr'><strong>ut</strong></span> <span class='ocrx_word' id='word_1_253' title='bbox 734 1664 824 1702; x_wconf 80' lang='lat' dir='ltr'>patet</span> <span class='ocrx_word' id='word_1_254' title='bbox 849 1661 884 1691; x_wconf 89' lang='grc'><strong>111</strong></span> <span class='ocrx_word' id='word_1_255' title='bbox 910 1660 1033 1692; x_wconf 82' lang='lat' dir='ltr'><strong>rentali.</strong></span> <span class='ocrx_word' id='word_1_256' title='bbox 1079 1661 1121 1692; x_wconf 89' lang='lat' dir='ltr'>Et</span> <span class='ocrx_word' id='word_1_257' title='bbox 1147 1660 1187 1692; x_wconf 90' lang='lat' dir='ltr'><strong>de</strong></span> <span class='ocrx_word' id='word_1_258' title='bbox 1208 1661 1221 1701; x_wconf 86' lang='lat' dir='ltr'>J&#39;</span> <span class='ocrx_word' id='word_1_259' title='bbox 1246 1661 1329 1693; x_wconf 80' lang='lat' dir='ltr'><strong>lasta</strong></span> <span class='ocrx_word' id='word_1_260' title='bbox 1351 1662 1386 1702; x_wconf 80' lang='lat' dir='ltr'><strong>iij</strong></span> 
     </span>
     <span class='ocr_line' id='line_1_40' title="bbox 333 1710 1389 1751; baseline 0 -8"><span class='ocrx_word' id='word_1_261' title='bbox 333 1712 487 1744; x_wconf 84' lang='lat' dir='ltr'><strong>barilibus</strong></span> <span class='ocrx_word' id='word_1_262' title='bbox 503 1711 717 1743; x_wconf 86' lang='lat' dir='ltr'><strong>consimilium</strong></span> <span class='ocrx_word' id='word_1_263' title='bbox 734 1710 914 1742; x_wconf 88' lang='lat' dir='ltr'><strong>salmonum</strong></span> <span class='ocrx_word' id='word_1_264' title='bbox 930 1710 1046 1751; x_wconf 83' lang='lat' dir='ltr'><strong>emptis</strong></span> <span class='ocrx_word' id='word_1_265' title='bbox 1068 1720 1125 1751; x_wconf 88' lang='lat' dir='ltr'><strong>per</strong></span> <span class='ocrx_word' id='word_1_266' title='bbox 1140 1714 1389 1751; x_wconf 85' lang='lat' dir='ltr'><strong>computantem,</strong></span> 
     </span>
     <span class='ocr_line' id='line_1_41' title="bbox 333 1760 1387 1802; baseline 0 -10"><span class='ocrx_word' id='word_1_267' title='bbox 333 1765 371 1792; x_wconf 84' lang='lat' dir='ltr'><strong>ut</strong></span> <span class='ocrx_word' id='word_1_268' title='bbox 387 1765 477 1802; x_wconf 88' lang='lat' dir='ltr'>patet</span> <span class='ocrx_word' id='word_1_269' title='bbox 499 1761 534 1792; x_wconf 89' lang='lat' dir='ltr'><strong>in</strong></span> <span class='ocrx_word' id='word_1_270' title='bbox 557 1766 707 1802; x_wconf 85' lang='lat' dir='ltr'><strong>computo</strong></span> <span class='ocrx_word' id='word_1_271' title='bbox 730 1760 952 1801; x_wconf 83' lang='lat' dir='ltr'><strong>suprascripto.</strong></span> <span class='ocrx_word' id='word_1_272' title='bbox 1000 1760 1130 1791; x_wconf 86' lang='lat' dir='ltr'><strong>Summa</strong></span> <span class='ocrx_word' id='word_1_273' title='bbox 1153 1761 1262 1792; x_wconf 81' lang='lat' dir='ltr'><strong>totalis</strong></span> <span class='ocrx_word' id='word_1_274' title='bbox 1277 1771 1387 1792; x_wconf 83' lang='lat' dir='ltr'><strong>onera-</strong></span> 
     </span>
     <span class='ocr_line' id='line_1_42' title="bbox 334 1809 1386 1851; baseline 0.001 -9"><span class='ocrx_word' id='word_1_275' title='bbox 334 1811 433 1842; x_wconf 86' lang='lat' dir='ltr'><strong>cionis</strong></span> <span class='ocrx_word' id='word_1_276' title='bbox 447 1821 521 1842; x_wconf 90' lang='lat' dir='ltr'><strong>cum</strong></span> <span class='ocrx_word' id='word_1_277' title='bbox 533 1810 706 1851; x_wconf 82' lang='lat' dir='ltr'><strong>arreragiis,</strong></span> <span class='ocrx_word' id='word_1_278' title='bbox 718 1820 738 1841; x_wconf 91' lang='lat' dir='ltr'><strong>v</strong></span> <span class='ocrx_word' id='word_1_279' title='bbox 754 1810 836 1841; x_wconf 84' lang='lat' dir='ltr'><strong>laste</strong></span> <span class='ocrx_word' id='word_1_280' title='bbox 847 1810 878 1851; x_wconf 82' lang='lat' dir='ltr'><strong>xj</strong></span> <span class='ocrx_word' id='word_1_281' title='bbox 896 1809 1015 1841; x_wconf 79' lang='lat' dir='ltr'><strong>barilia.</strong></span> <span class='ocrx_word' id='word_1_282' title='bbox 1057 1810 1104 1841; x_wconf 90' lang='lat' dir='ltr'><strong>De</strong></span> <span class='ocrx_word' id='word_1_283' title='bbox 1115 1811 1240 1851; x_wconf 87' lang='lat' dir='ltr'><strong>quibus,</strong></span> <span class='ocrx_word' id='word_1_284' title='bbox 1252 1810 1386 1843; x_wconf 85' lang='lat' dir='ltr'><strong>allocate</strong></span> 
     </span>
     <span class='ocr_line' id='line_1_43' title="bbox 334 1859 1386 1902; baseline 0.001 -11"><span class='ocrx_word' id='word_1_285' title='bbox 334 1861 535 1902; x_wconf 83' lang='lat' dir='ltr'><strong>computauti</strong></span> <span class='ocrx_word' id='word_1_286' title='bbox 551 1870 606 1901; x_wconf 86' lang='lat' dir='ltr'><strong>per</strong></span> <span class='ocrx_word' id='word_1_287' title='bbox 621 1860 848 1892; x_wconf 84' lang='lat' dir='ltr'><strong>liberacionem</strong></span> <span class='ocrx_word' id='word_1_288' title='bbox 871 1859 989 1890; x_wconf 78' lang='lat' dir='ltr'><strong>factam</strong></span> <span class='ocrx_word' id='word_1_289' title='bbox 1004 1859 1045 1890; x_wconf 86' lang='lat' dir='ltr'><strong>ad</strong></span> <span class='ocrx_word' id='word_1_290' title='bbox 1061 1869 1216 1900; x_wconf 82' lang='lat' dir='ltr'><strong>expensas</strong></span> <span class='ocrx_word' id='word_1_291' title='bbox 1231 1859 1386 1892; x_wconf 84' lang='lat' dir='ltr'><strong>domicilii</strong></span> 
     </span>
     <span class='ocr_line' id='line_1_44' title="bbox 334 1908 1385 1950; baseline -0.001 -9"><span class='ocrx_word' id='word_1_292' title='bbox 334 1910 456 1941; x_wconf 85' lang='lat' dir='ltr'><strong>domini</strong></span> <span class='ocrx_word' id='word_1_293' title='bbox 472 1910 563 1950; x_wconf 81' lang='lat' dir='ltr'><strong>regis,</strong></span> <span class='ocrx_word' id='word_1_294' title='bbox 579 1913 616 1940; x_wconf 86' lang='lat' dir='ltr'><strong>ut</strong></span> <span class='ocrx_word' id='word_1_295' title='bbox 631 1909 744 1950; x_wconf 83' lang='lat' dir='ltr'>patet</span> <span class='ocrx_word' id='word_1_296' title='bbox 735 1920 770 1940; x_wconf 85' lang='grc'><strong>111</strong></span> <span class='ocrx_word' id='word_1_297' title='bbox 785 1909 868 1940; x_wconf 91' lang='lat' dir='ltr'><strong>libro</strong></span> <span class='ocrx_word' id='word_1_298' title='bbox 891 1909 1045 1940; x_wconf 87' lang='lat' dir='ltr'><strong>domicilii</strong></span> <span class='ocrx_word' id='word_1_299' title='bbox 1061 1908 1212 1950; x_wconf 80' lang='lat' dir='ltr'><strong>ejusdem,</strong></span> <span class='ocrx_word' id='word_1_300' title='bbox 1227 1909 1249 1949; x_wconf 82' lang='lat' dir='ltr'><strong>ij</strong></span> <span class='ocrx_word' id='word_1_301' title='bbox 1267 1909 1372 1941; x_wconf 86' lang='lat' dir='ltr'><strong>laste&#39;</strong></span> <span class='ocrx_word' id='word_1_302' title='bbox 1362 1910 1385 1950; x_wconf 85' lang='lat' dir='ltr'><strong>1j</strong></span> 
     </span>
     <span class='ocr_line' id='line_1_45' title="bbox 335 1958 1384 2001; baseline 0 -11"><span class='ocrx_word' id='word_1_303' title='bbox 335 1960 454 1991; x_wconf 84' lang='lat' dir='ltr'><strong>barilia.</strong></span> <span class='ocrx_word' id='word_1_304' title='bbox 501 1959 633 1991; x_wconf 82' lang='lat' dir='ltr'><strong>Summa</strong></span> <span class='ocrx_word' id='word_1_305' title='bbox 655 1959 752 2000; x_wconf 87' lang='lat' dir='ltr'><strong>hujus</strong></span> <span class='ocrx_word' id='word_1_306' title='bbox 777 1968 916 2000; x_wconf 84' lang='lat' dir='ltr'><strong>expense</strong></span> <span class='ocrx_word' id='word_1_307' title='bbox 940 1961 1035 1999; x_wconf 84' lang='lat' dir='ltr'>patet.</span> <span class='ocrx_word' id='word_1_308' title='bbox 1081 1958 1124 1989; x_wconf 87' lang='lat' dir='ltr'>Et</span> <span class='ocrx_word' id='word_1_309' title='bbox 1146 1959 1191 1990; x_wconf 88' lang='lat' dir='ltr'><strong>sic</strong></span> <span class='ocrx_word' id='word_1_310' title='bbox 1214 1961 1336 1991; x_wconf 83' lang='lat' dir='ltr'><strong>restant</strong></span> <span class='ocrx_word' id='word_1_311' title='bbox 1350 1959 1384 2001; x_wconf 82' lang='lat' dir='ltr'><strong>iij</strong></span> 
     </span>
     <span class='ocr_line' id='line_1_46' title="bbox 332 2008 792 2041; baseline -0.004 0"><span class='ocrx_word' id='word_1_312' title='bbox 332 2009 462 2041; x_wconf 73' lang='lat' dir='ltr'><strong>l·1ste&#39;1x</strong></span> <span class='ocrx_word' id='word_1_313' title='bbox 478 2008 591 2040; x_wconf 85' lang='lat' dir='ltr'><strong>barilia</strong></span> <span class='ocrx_word' id='word_1_314' title='bbox 606 2008 792 2040; x_wconf 84' lang='lat' dir='ltr'><strong>salmonum.</strong></span> 
     </span>
    </p>
   </div>
   <div class='ocr_carea' id='block_1_11' title="bbox 331 2105 1429 2247">
    <p class='ocr_par' dir='ltr' id='par_1_12' title="bbox 331 2105 1429 2247">
     <span class='ocr_line' id='line_1_47' title="bbox 377 2105 1429 2149; baseline -0.001 -9"><span class='ocrx_word' id='word_1_315' title='bbox 377 2108 570 2148; x_wconf 86' lang='lat' dir='ltr'><strong>Compotum</strong></span> <span class='ocrx_word' id='word_1_316' title='bbox 599 2106 758 2138; x_wconf 76' lang='lat' dir='ltr'><strong>Johannis</strong></span> <span class='ocrx_word' id='word_1_317' title='bbox 790 2107 972 2148; x_wconf 84' lang='lat' dir='ltr'><strong>Claphame,</strong></span> <span class='ocrx_word' id='word_1_318' title='bbox 996 2107 1135 2146; x_wconf 83' lang='lat' dir='ltr'><strong>serjandi</strong></span> <span class='ocrx_word' id='word_1_319' title='bbox 1157 2111 1190 2139; x_wconf 85' lang='lat' dir='ltr'><strong>et</strong></span> <span class='ocrx_word' id='word_1_320' title='bbox 1212 2107 1382 2149; x_wconf 73' lang='lat' dir='ltr'><strong>receptoria</strong></span> <span class='ocrx_word' id='word_1_321' title='bbox 1425 2105 1429 2107; x_wconf 78' lang='grc'><strong>’</strong></span> 
     </span>
     <span class='ocr_line' id='line_1_48' title="bbox 332 2156 1382 2198; baseline 0.001 -10"><span class='ocrx_word' id='word_1_322' title='bbox 332 2158 496 2189; x_wconf 85' lang='lat' dir='ltr'><strong>firmarum</strong></span> <span class='ocrx_word' id='word_1_323' title='bbox 512 2157 549 2188; x_wconf 85' lang='lat' dir='ltr'><strong>de</strong></span> <span class='ocrx_word' id='word_1_324' title='bbox 567 2156 753 2187; x_wconf 78' lang='lat' dir='ltr'><strong>Ballincreif</strong></span> <span class='ocrx_word' id='word_1_325' title='bbox 768 2160 800 2187; x_wconf 89' lang='lat' dir='ltr'><strong>et</strong></span> <span class='ocrx_word' id='word_1_326' title='bbox 816 2156 983 2193; x_wconf 76' lang='lat' dir='ltr'><strong>Gosfurde,</strong></span> <span class='ocrx_word' id='word_1_327' title='bbox 1000 2157 1208 2198; x_wconf 48' lang='lat' dir='ltr'><strong>[Edinbzwylss</strong></span> <span class='ocrx_word' id='word_1_328' title='bbox 1231 2159 1275 2189; x_wconf 62' lang='grc'><strong>938</strong></span> <span class='ocrx_word' id='word_1_329' title='bbox 1297 2158 1382 2189; x_wconf 73' lang='lat' dir='ltr'><strong>June</strong></span> 
     </span>
     <span class='ocr_line' id='line_1_49' title="bbox 331 2206 787 2247; baseline 0 -9"><span class='ocrx_word' id='word_1_330' title='bbox 331 2207 426 2245; x_wconf 69' lang='lat'><strong><em>1468,</em></strong></span> <span class='ocrx_word' id='word_1_331' title='bbox 434 2207 524 2247; x_wconf 78' lang='lat' dir='ltr'><strong>from</strong></span> <span class='ocrx_word' id='word_1_332' title='bbox 540 2206 583 2237; x_wconf 79' lang='lat'><strong>13</strong></span> <span class='ocrx_word' id='word_1_333' title='bbox 597 2206 682 2236; x_wconf 69' lang='lat' dir='ltr'><strong>June</strong></span> <span class='ocrx_word' id='word_1_334' title='bbox 693 2207 787 2244; x_wconf 70' lang='lat'><em>1467.</em></span> 
     </span>
    </p>
   </div>
   <div class='ocr_carea' id='block_1_12' title="bbox 1401 0 1551 2462">
    <p class='ocr_par' dir='ltr' id='par_1_13' title="bbox 1401 0 1551 2462">
     <span class='ocr_line' id='line_1_50' title="bbox 1401 0 1551 2462; baseline 0 0"><span class='ocrx_word' id='word_1_335' title='bbox 1401 0 1551 2462; x_wconf 95' lang='lat' dir='ltr'><strong> </strong></span> 
     </span>
    </p>
   </div>
  </div>
 </body>
</html>
