1551 2462
184 196 274 225 1468.
492 192 654 224 REGUM
677 192 922 224 SOOTORUM.
1165 198 1227 226 565

179 288 273 326 prout
289 285 367 316 fides
389 285 474 316 facta
497 285 560 316 fuit
582 295 678 326 super
700 287 897 326 computum,
921 296 965 316 xx
980 285 1011 316 15„
1058 286 1099 317 Et
1115 286 1228 324 eidem,

180 335 218 365 de
228 338 364 375 quatuor
379 334 472 377 terris
487 334 691 365 husbandriis
707 334 864 365 concessis
875 334 1002 366 domine
1019 334 1058 365 de
1073 335 1227 366 Halibur-

180 387 286 421 toune,
302 383 367 415 filie
383 383 504 414 domini
520 383 559 414 de
575 383 678 420 Halis‚
694 383 755 414 sibi
770 383 804 414 in
821 384 993 424 conjuncta
1008 384 1228 415 infeodaeione

178 433 334 465 concessis
359 433 398 464 de
424 432 518 464 dictis
549 437 686 474 quatuor
712 433 804 464 annis
829 433 1076 470 remanentibus,
1108 433 1161 474 xvj
1193 433 1226 464 li.

180 483 311 514 Summa
326 482 423 523 hujus
436 493 582 523 expense,
589 481 673 523 jexfij
686 482 719 514 fi.
733 482 788 523 xiij
806 486 830 514 ἔ.
846 482 892 523 iiij
910 483 939 513 d.
985 483 1028 513 Et
1043 483 1089 514 sic
1104 486 1227 514 restant

178 531 326 573 ij⁰xxxvij
343 532 376 563 li.
393 543 435 563 xv
446 537 468 563 s.
515 533 565 563 De
582 532 699 573 quibus
714 535 845 570 restant,
862 532 901 563 de
918 532 1064 569 ducentis
1080 533 1228 564 tridecim

178 582 268 614 libris
288 582 397 613 decem
414 582 523 613 solidis
540 586 572 613 et
587 582 737 613 undecim
760 582 898 614 denariis
921 583 1117 614 restantibus
1133 593 1228 624 super

179 632 354 667 Robertum
365 632 498 664 Liddale
508 632 547 664 de
564 635 714 673 computo
727 642 785 663 suo
797 632 874 663 anni
887 633 1085 674 sexagesimi,
1098 633 1178 663 lxxx
1194 632 1226 663 fi.

178 682 221 712 Et
242 684 364 713 restant
390 681 424 712 in
449 681 597 712 manibus
621 691 717 722 super
733 681 914 722 Georgeum
932 682 1051 720 Hume,
1067 683 1089 714 J
1091 683 1227 714 acobum

177 733 216 764 de
241 733 413 771 Quhitlaw,
437 736 469 764 et
494 733 591 764 Dowe
615 733 830 774 Congiltoune
853 733 891 764 de
913 734 1013 765 firmis
1037 734 1165 765 baronie
1188 733 1227 765 de

177 832 367 873 serjandum,
398 832 437 863 de
474 832 720 863 amerciamento
764 832 800 863 in
830 843 895 873 quo
926 833 1129 873 adjudicatus
1159 836 1228 864 erat

177 892 260 914 anno
284 881 478 922 sexagesimo
505 881 618 922 quinto
646 881 680 912 in
707 881 822 912 itinere
846 882 1032 922 justiciarie,
1062 893 1084 913 x
1108 882 1139 913 li
1185 882 1229 913 Et

178 941 272 972 super
287 931 310 962 J
311 931 472 962 ohannem
487 931 674 968 Thomsone,
688 930 828 962 alterum
845 931 1036 972 serjandum,
1049 932 1087 963 de
1104 932 1227 970 admer-

155 981 335 1012 *ciamento
359 980 394 1011 in
420 990 484 1021 quo
508 980 710 1021 adjudicatus
738 984 806 1012 erat
829 981 864 1011 in
892 981 978 1012 dicto
993 981 1116 1018 itinere,
1135 992 1175 1013 ex
1191 992 1227 1012 eo

178 1030 263 1073 quod
289 1039 354 1060 non
383 1029 635 1060 summononivit
666 1030 834 1060 dominum
857 1030 896 1061 de
927 1030 1011 1068 Bele,
1035 1041 1057 1061 x
1086 1031 1128 1068 112,
1144 1041 1225 1071 quos

177 1079 307 1120 quidem
322 1079 483 1120 serjandos
499 1079 585 1110 idem
607 1079 728 1120 Symon
744 1079 879 1110 intravit
905 1079 939 1110 in
955 1083 1057 1111 castro
1073 1080 1112 1111 de
1128 1080 1227 1111 Edin-

178 1129 280 1170 burgh
295 1139 352 1170 pro
375 1129 622 1160 deforciamento
639 1129 798 1160 dictorum
814 1129 1139 1160 amerciamentorum.
1185 1130 1229 1160 Et

178 1190 272 1220 super
295 1179 453 1210 Jacobum
483 1178 584 1219 Spens
611 1178 651 1210 ‹le
675 1179 776 1210 firmis
802 1181 960 1210 terrarum
985 1179 1024 1210 de
1055 1180 1228 1221 Hardanys

178 1233 320 1270 tempore
343 1229 449 1260 warde
476 1228 658 1266 earundem,
683 1228 718 1269 iij
735 1228 766 1259 fi.
795 1229 826 1269 vj
844 1233 867 1260 s.
893 1229 948 1270 viij
966 1229 994 1260 d.
1019 1230 1091 1272 [Εἴ
1116 1230 1228 1267 eidem,

128 1303 131 1305 .
177 1283 307 1320 propter
321 1278 505 1310 vastitatem
521 1281 677 1309 terrarum
702 1278 737 1308 in
761 1278 918 1319 Grynlaw
944 1278 983 1309 de
999 1288 1083 1310 anno
1099 1289 1228 1320 sexage-

178 1329 258 1359 simo
273 1331 396 1369 quarto,
412 1330 448 1359 ut
473 1327 587 1359 asserit
609 1330 800 1368 computans
824 1327 861 1358 in
876 1338 934 1359 suo
947 1328 1138 1368 juramento,
1154 1328 1190 1359 xl
1205 1332 1227 1359 s.

178 1378 221 1410 Et
236 1388 332 1419 super
346 1378 369 1409 J
371 1377 505 1408 acobum
529 1377 638 1408 Hume
665 1377 704 1408 de
719 1387 884 1418 grassuma
906 1388 962 1418 per
977 1388 1051 1409 eum
1067 1378 1174 1409 debita
1190 1378 1229 1409 de

178 1427 269 1458 terris
285 1427 347 1458 sibi
368 1426 531 1463 assedatis,
546 1426 593 1467 iiij
611 1426 643 1457 fi.
689 1427 732 1457 Et
756 1437 852 1468 super
866 1427 1103 1459 Archibaldum
1120 1428 1227 1469 Doug-

178 1476 226 1508 las
255 1476 294 1507 de
318 1475 564 1507 amerciamento
591 1475 626 1506 in
656 1485 720 1516 quo
750 1475 952 1516 adjudicatus
982 1480 1050 1507 erat
1079 1477 1112 1507 in
1143 1477 1229 1507 dicto

178 1525 292 1557 itinere
303 1524 490 1566 justiciarie‚
505 1535 546 1556 ex
561 1534 598 1556 eo
611 1524 697 1565 quod
719 1524 907 1556 deforciavit
922 1525 1116 1566 serjandum,
1131 1529 1228 1566 prout

178 1575 316 1615 patetin
342 1576 490 1605 extracta
505 1573 592 1605 curie
618 1573 845 1605 senescallatus
869 1577 996 1606 ostenso
1023 1585 1120 1616 super
1143 1585 1228 1606 com-

179 1627 302 1665 putum,
318 1634 339 1654 x
350 1622 383 1654 fi.
401 1623 532 1654 Summa
557 1622 653 1663 hujus
678 1623 855 1663 pendencie
877 1627 910 1655 et
925 1627 1018 1661 reste,
1031 1624 1174 1665 j⁰lxxxiij
1192 1624 1226 1656 Η.

179 1723 229 1754 De
280 1723 407 1764 quibus,
451 1721 531 1752 dicit
579 1722 641 1753 sibi
687 1721 818 1753 allocari
866 1722 900 1753 in
953 1722 1053 1754 feodis
1106 1726 1228 1763 septem

180 1772 399 1813 serjandorum
414 1771 493 1803 dicti
517 1771 688 1802 comitatus
713 1771 858 1812 quolibet
873 1782 957 1802 anno
982 1775 1106 1812 septem
1130 1772 1228 1803 libras

180 1821 219 1853 de
234 1822 336 1853 tribus
352 1821 445 1852 anni‘s
461 1831 535 1852 cum
557 1831 622 1852 uno
638 1821 783 1858 termino,
799 1824 832 1852 et
855 1831 912 1862 pro
935 1822 1028 1852 terris
1053 1822 1092 1852 de
1115 1822 1228 1852 Doun-

180 1871 260 1903 stele
274 1871 314 1902 de
330 1871 424 1902 dictis
436 1871 539 1902 tribus
555 1871 648 1902 annis
660 1880 733 1901 cum
745 1870 880 1901 termino
892 1873 956 1901 tres
975 1870 1054 1902 libre
1071 1873 1103 1902 et
1119 1871 1229 1902 decem

179 1920 282 1958 solidi,
305 1923 337 1952 et
359 1930 416 1961 pro
439 1920 590 1961 vastitate
614 1923 696 1951 terre
721 1919 760 1950 de
785 1920 875 1951 Dene
898 1919 937 1950 de
961 1919 1229 1961 Colbrandispeth

180 1966 329 2001 de'dictis
353 1969 499 2000 terminis
527 1972 592 2000 tres
618 1968 699 1999 libre
726 1972 758 2000 et
779 1968 888 2000 decem
918 1968 1020 2006 solidi,
1043 1972 1076 2001 et
1098 1969 1143 2000 sic
1165 1969 1229 2000 hiis

180 2018 323 2051 allocatis
336 2018 536 2059 computanti
548 2018 582 2048 in
595 2017 868 2058 complementum
884 2017 969 2049 feodi
985 2018 1035 2049 sui
1051 2018 1090 2050 de
1106 2021 1229 2059 septem

180 2068 334 2106 terminis,
378 2067 569 2109 percipienti
617 2067 787 2098 annuatim
827 2067 937 2098 decem
981 2067 1087 2105 libras,
1124 2068 1156 2108 xj
1195 2067 1227 2098 ti.

181 2117 236 2156 xiij
253 2121 276 2149 Ξ.
293 2117 340 2159 iiij
357 2117 386 2149 d.
433 2118 475 2149 Et
501 2117 546 2149 sic
575 2120 706 2155 restant,
721 2117 784 2149 hiis
808 2117 957 2149 omnibus
983 2116 1135 2154 allocatis,
1151 2117 1182 2158 xj
1196 2116 1228 2148 li.
