1551 2462
115 276 205 307 1461.
424 273 586 306 REGUM
610 273 858 306 SCOTORUM.
1122 276 1162 303 47

459 666 658 698 ccxxvii.
684 665 835 707 [CCXL]

178 765 408 808 [COMPUTA
430 766 680 797 FtRMARUM
707 765 887 797 DOMINE
911 765 1107 806 REGINE]

546 873 608 897 Aa).
634 865 726 897 1461.

157 964 354 996 Scaccarium
381 964 580 996 serenissime
603 964 791 1006 principisse
819 967 850 996 et
875 964 1013 1001 domine,
1036 964 1164 996 domine

113 1014 216 1046 Marie
227 1014 334 1055 regine
351 1014 468 1052 Scocie,
478 1017 606 1045 tentum
616 1014 700 1055 apud
711 1014 874 1045 Faucland
890 1014 972 1054 xxij⁰
985 1014 1035 1045 die
1045 1015 1164 1045 mensis

112 1064 278 1095 Februarii
324 1074 408 1094 anno
449 1064 581 1095 Domini
634 1064 806 1094 millesimo
850 1064 1164 1105 quadringentesimo

113 1114 309 1155 sexagesimo
325 1114 435 1154 primo.

157 1213 349 1253 Compotum
384 1211 507 1243 domini
536 1211 669 1243 Roberti
706 1212 810 1249 Mure,
842 1212 1005 1243 camerarii
1035 1212 1163 1244 domine
1176 1211 1361 1252 Linlithqw..

112 1262 221 1303 regine
251 1262 395 1293 omnium
419 1264 577 1292 terrarum
602 1264 634 1292 et
661 1272 841 1292 annuorum
867 1261 1052 1293 reddituum
1078 1262 1164 1293 infra

113 1311 373 1343 vicecomitatum
389 1312 427 1343 de
450 1312 628 1352 Linlithqw
645 1315 677 1343 et
699 1311 828 1342 baronie
845 1311 883 1342 de
906 1311 1063 1342 Mannuel
1080 1312 1163 1343 dicte

113 1361 241 1393 domine
256 1362 364 1402 regine
388 1361 512 1392 racione
536 1362 705 1401 conjuncte
728 1361 956 1392 infeodacionis
980 1362 1164 1402 spectantis,

113 1411 274 1442 redditum
289 1410 375 1451 apud
391 1410 555 1442 Faucland
567 1411 651 1451 xxij⁰
680 1411 731 1442 die
754 1411 873 1441 mensis
896 1411 1063 1442 Februarii
1079 1421 1163 1442 anno

113 1460 247 1491 Domini
262 1463 320 1492 etc.
336 1462 414 1498 LX1⁰‚
430 1460 469 1491 de
486 1460 635 1491 omnibus
651 1460 787 1500 receptis
811 1459 877 1490 suis
893 1463 926 1491 et
942 1459 1090 1500 expensis
1106 1470 1163 1500 per

5 1543 7 1548 ¹
114 1509 220 1541 firmas
229 1513 262 1540 et
272 1509 378 1541 exitus
394 1509 553 1540 dictarum
568 1512 724 1540 terrarum
737 1512 769 1540 et
785 1519 965 1540 annuorum
977 1509 1162 1540 reddituum

55 1555 57 1557 ¹
115 1570 134 1591 a
163 1560 231 1600 xvj⁰
257 1560 308 1591 die
334 1560 453 1591 mensis
481 1559 597 1590 Marcii
622 1559 699 1590 anni
729 1562 786 1590 etc.
819 1568 861 1590 Lx
891 1570 992 1600 usque
1017 1560 1052 1590 in
1076 1560 1162 1591 diem

115 1609 400 1650 hujuscompoti,et
409 1610 454 1641 sic
466 1609 505 1640 de
515 1609 640 1641 duobus
650 1609 795 1641 terminis
806 1609 889 1640 infra
899 1609 958 1640 hoc
969 1613 1161 1650 compotum.

98 1655 100 1657 ’
158 1659 200 1690 In
213 1659 332 1700 primis,
342 1662 452 1690 onerat
468 1669 501 1690 se
516 1659 555 1690 de
571 1659 639 1700 xlvj
662 1663 684 1690 s.
705 1659 841 1699 receptis
857 1669 875 1689 a
891 1659 912 1690 J
915 1659 1040 1690 ohanne
1057 1660 1162 1692 Clerc-

72 1747 86 1751 a
116 1718 198 1746 sone,
214 1709 320 1740 ultimi
335 1708 515 1749 receptoris,
531 1708 570 1739 de
593 1708 747 1749 arreragio
763 1708 873 1739 ultimi
896 1709 1034 1749 compoti
1051 1710 1109 1746 sui,
1126 1713 1163 1740 ut

115 1761 203 1799 patet
217 1758 251 1789 in
261 1758 341 1799 pede
362 1758 513 1799 ejusdem.
545 1757 677 1789 Summa
693 1761 789 1798 patet.
832 1757 926 1789 Idem
942 1762 1053 1789 onerat
1068 1769 1100 1789 se
1122 1759 1162 1790 de

115 1808 205 1850 xxiiij
228 1808 261 1840 fi.
286 1809 343 1849 xiij
367 1813 391 1840 ἒ.
419 1808 465 1848 iiij
492 1807 521 1839 d.
549 1818 605 1848 per
628 1808 770 1848 integras
802 1808 909 1839 firmas
936 1811 1092 1839 terrarum
1124 1808 1162 1840 de

115 1857 267 1889 Kincavil
279 1858 318 1889 de
328 1868 411 1889 anno
427 1858 574 1898 compoti.
620 1858 663 1889 Et
681 1857 720 1888 de
736 1868 779 1888 xx
796 1857 827 1888 fi.
845 1858 898 1898 xvj
911 1862 933 1889 ἔ.
951 1868 1007 1898 per
1022 1858 1162 1899 integras

115 1907 221 1939 firmas
250 1910 406 1939 terrarum
433 1907 472 1938 de
498 1907 690 1938 Drumeorse
715 1907 754 1937 ‘de
780 1907 891 1938 eodem
917 1917 1009 1938 anno.
1054 1908 1096 1938 Et
1123 1908 1162 1938 de

54 1969 63 1974 ·
115 1957 168 1998 xvj
193 1956 225 1988 Η.
250 1967 306 1998 per
331 1957 470 1997 integras
500 1956 607 1987 firmas
634 1959 790 1988 terrarum
816 1956 855 1987 de
881 1956 1099 1997 Bonnyntoun
1123 1956 1162 1987 de

116 2006 209 2038 dictis
235 2007 369 2042 duobus
378 2002 532 2038 terminis.
578 2007 621 2037 Et
647 2005 686 2037 de
705 2016 750 2036 xx
774 2009 797 2036 s.
822 2016 878 2046 per
897 2006 1036 2046 integras
1055 2005 1162 2036 firmas

115 2059 271 2087 terrarum
298 2056 338 2087 de
365 2056 580 2097 Kingisfeilde
607 2055 646 2086 de
673 2055 758 2086 dicto
789 2065 880 2086 anno.
938 2055 980 2086 Et
1007 2055 1045 2086 de
1071 2055 1102 2095 vj
1128 2055 1161 2085 fi.

19 2119 27 2152 ,ἶ
61 2141 66 2146 ¹
116 2106 172 2147 xiij
186 2110 208 2138 ἕ.
221 2105 266 2147 iiij
280 2106 308 2136 d.
326 2105 365 2137 de
381 2106 480 2137 firmis
496 2109 652 2136 terrarum
668 2105 708 2136 de
723 2105 878 2136 Lochside
895 2105 933 2135 de
946 2104 1055 2136 eodem
1069 2115 1160 2135 anno.

19 2149 22 2158 “
116 2155 158 2186 Et
172 2155 212 2187 de
227 2155 294 2196 xiiij
305 2155 338 2188 fi.
354 2155 421 2196 xiiij
440 2159 462 2186 ἔ.
479 2155 501 2196 ij
519 2155 548 2187 d.
573 2155 611 2187 de
627 2155 727 2186 firmis
743 2165 886 2185 acrarum
903 2154 1030 2185 domine
1053 2154 1162 2195 regine

115 2207 182 2236 tam
208 2205 411 2237 orientalium
442 2215 539 2246 quam
576 2204 822 2236 occidentalium
852 2213 949 2245 prope
977 2203 1162 2244 Linlithqw,
