1551 2462
440 241 500 270 654
754 239 918 271 ROTULI
943 238 1180 271 SCACCARII
1401 241 1492 270 1469.

439 332 539 363 firmis
567 335 722 363 terrarum
752 332 792 363 de
819 332 982 369 Balkeros,
1010 332 1175 370 Cameren,
1201 334 1234 363 et
1248 331 1429 372 ,Balnkirlss
1453 331 1492 363 de

440 391 524 412 anno
547 382 697 422 computi,
720 382 764 422 xij
788 381 820 413 n.
865 381 1083 412 Et0Lansloto
1106 381 1296 422 Abernethy
1318 391 1376 422 pro
1399 380 1491 412 feodo
1510 391 1516 394 ·

440 441 497 462 suo
513 431 552 462 de
568 431 668 462 firmis
684 434 840 462 terrarum
858 431 897 462 de
920 431 1166 468 Thomastoune,
1181 430 1372 472 percipienti
1390 440 1492 461 annu·
1511 467 1517 474 .

440 480 519 511 atini
535 481 644 512 decem
660 480 766 518 libras,
780 481 818 512 de
835 491 918 511 anno
943 480 1094 521 computi,
1110 491 1132 510 x
1146 480 1179 512 fi.
1225 480 1268 511 Et
1283 479 1415 520 Lyoune
1426 479 1493 520 regi

439 541 609 568 armorum,
625 530 815 571 percipienti
839 530 1007 561 annuatim
1030 530 1147 571 viginti
1168 539 1268 560 unam
1290 539 1431 560 marcam
1453 523 1496 561 de'

440 629 605 671 capellano
621 629 796 661 celebranti
819 629 860 660 ad
883 629 983 660 altare
1006 628 1093 660 beati
1115 627 1284 660 Laurencii
1306 628 1341 659 in
1356 627 1493 660 ecclesia

439 679 479 710 de
496 679 629 719 Culessy
645 689 685 710 ex
701 678 894 710 fundacione
910 681 1144 709 antecessorum
1158 677 1278 708 domini
1291 677 1392 708 nostri
1401 677 1492 718 regis,
1510 687 1520 695 ⁴

439 729 478 760 de
495 739 578 760 anno
595 729 737 769 computi
753 731 785 759 et
801 728 860 759 sub
882 728 1024 768 periculo
1049 728 1273 768 computantis,
1290 727 1321 768 vj
1345 727 1377 758 n
1395 726 1451 768 xiij
1467 731 1492 758 ἔ.

439 779 486 819 iiij
503 778 532 809 d.
572 778 621 809 ,Et
636 777 780 809 Johanni
804 777 1030 818 Scrimgeoure‚
1053 777 1219 818 clavigero,
1242 787 1300 818 pro
1323 775 1415 807 feodo
1435 785 1493 807 suo

439 828 479 860 de
491 828 591 859 firmis
610 831 766 858 terrarum
783 827 821 858 de
836 827 867 858 le
877 826 983 867 Myris
994 826 1033 857 de
1043 826 1292 867 Uchtermukty,
1305 824 1494 867 percipienti
1514 863 1520 867 ¹

440 878 608 909 annuatim
624 877 734 908 decem
758 886 888 914 marcas,
904 877 943 908 de
959 887 1042 907 anno
1059 876 1211 917 computi,
1226 876 1258 917 vj
1282 875 1314 907 n'.
1331 876 1388 916 xiij
1405 879 1428 907 ἔ.
1445 875 1491 917 iiij

440 928 469 959 d.
515 928 557 959 Et
569 927 715 958 ortulano
729 926 767 958 de
783 926 961 963 Faukland,
973 925 1165 967 percipienti
1177 926 1345 957 annuatim
1355 928 1493 967 quatuor

440 987 562 1008 marcas
578 987 635 1017 pro
651 976 743 1007 feodo
759 986 824 1013 suo,
841 975 880 1007 de
896 986 979 1007 anno
992 975 1143 1016 computi,
1159 975 1206 1016 liij
1224 979 1246 1006 ἔ.
1259 975 1306 1015 iiij
1320 974 1359 1012 d„
1375 977 1407 1006 et
1422 984 1492 1015 pre-

440 1027 559 1068 cipitur
573 1026 722 1058 similiter
738 1026 821 1057 sicut
843 1025 1019 1066 precipitur
1042 1025 1081 1056 de
1105 1024 1246 1066 Georgeo
1269 1023 1492 1064 Bannochtyu.

440 1078 483 1108 Et
499 1081 635 1118 quatuor
651 1076 805 1117 serjandis
821 1075 860 1107 de
876 1075 935 1113 Fif,
958 1085 1016 1116 pro
1040 1074 1140 1106 feodis
1156 1074 1223 1105 suis
1247 1073 1286 1105 de
1301 1083 1386 1105 anno
1408 1083 1492 1104 com-

440 1127 519 1168 puti,
544 1127 591 1167 iiij
619 1126 652 1158 n.
697 1127 740 1157 Et
760 1125 904 1157 Johanni
927 1125 1087 1162 Balfoure,
1111 1124 1302 1166 percipienti
1325 1133 1365 1155 ex
1386 1123 1492 1164 gracia

440 1177 522 1218 regis
537 1186 640 1217 usque
656 1179 774 1207 etatem
791 1175 934 1216 ejusdem
950 1174 991 1205 ad
1005 1174 1194 1205 vicesimum
1210 1173 1349 1214 primum
1362 1172 1492 1210 annum,

442 1230 478 1257 ut
493 1229 583 1267 patet
599 1225 632 1256 in
649 1225 753 1256 rotulo
770 1224 847 1255 anni
856 1223 1064 1265 precedentis,
1077 1223 1116 1254 de
1132 1233 1216 1254 anno
1229 1222 1373 1264 computi
1387 1225 1421 1254 et
1432 1222 1491 1253 sub
1510 1216 1512 1218 ¹

442 1276 528 1307 dicto
555 1275 704 1317 periculo,
732 1274 788 1314 xiij
813 1274 844 1304 H.
881 1274 911 1314 vj
948 1278 970 1305 ἓ.
995 1273 1050 1314 viij
1084 1273 1113 1304 d.
1161 1272 1218 1314 [To
1258 1273 1380 1310 Walles,
1404 1272 1491 1304 Com-

439 1326 577 1366 ptrollcr,
593 1325 690 1363 „3431
707 1325 771 1355 12³3.
788 1324 855 1364 M]
902 1324 945 1354 Et
961 1323 1073 1360 eidem,
1089 1333 1146 1363 per
1162 1322 1358 1354 solucionem
1373 1322 1492 1354 factam

441 1375 527 1407 dicto
558 1374 725 1406 rotulatori
747 1374 783 1404 in
805 1372 900 1404 certis
924 1372 1073 1413 expensis
1096 1371 1256 1403 contentis
1278 1372 1314 1402 in
1335 1371 1427 1403 libris
1451 1371 1515 1419 ²²⁶2

442 1484 498 1514 pro
514 1473 631 1513 quibus
646 1471 859 1513 respondebit.
904 1472 947 1502 Et
963 1470 1074 1508 eidem,
1089 1481 1146 1511 per
1162 1470 1358 1502 solucionem
1373 1471 1491 1501 factam

442 1523 527 1554 dicto
543 1522 709 1553 rotulatori
723 1532 781 1563 per
795 1531 910 1552 manus
927 1520 1070 1553 Umfridi
1093 1520 1286 1561 Gulquhone
1301 1523 1334 1551 et
1350 1520 1383 1551 in
1398 1519 1490 1552 feodo

442 1573 465 1604 J
467 1572 602 1603 ohannis
617 1571 736 1608 Disert,
752 1571 821 1611 ipso
844 1570 944 1601 eciam
967 1570 1089 1602 fatente
1112 1573 1279 1611 receptum
1295 1580 1390 1611 super
1405 1579 1489 1601 com-

442 1625 566 1663 putum,
583 1621 613 1662 vj
631 1621 662 1651 Ε.
680 1621 736 1661 xiij
761 1625 784 1651 s.
808 1620 855 1660 iiij
876 1619 915 1657 d„
937 1629 996 1660 pro
1019 1619 1138 1660 quibus
1154 1619 1256 1650 eciam
1276 1618 1490 1660 respondebit.

442 1672 484 1702 Et
494 1671 606 1708 eidem,
616 1680 672 1711 pro
689 1664 821 1701 dimidia'
831 1669 911 1700 rude
921 1668 1111 1710 tegularum,
1121 1679 1186 1700 una
1198 1668 1303 1700 celdra
1315 1671 1385 1700 octo
1395 1668 1490 1701 bonis

442 1721 546 1758 calcis,
575 1720 678 1751 tribus
709 1719 823 1750 celdris
860 1718 961 1750 saboli
998 1722 1030 1750 et
1067 1718 1226 1759 stipendio
1263 1718 1491 1757 laborancium,

443 1771 545 1802 tribus
568 1770 695 1807 mensis,
712 1769 892 1810 tripodibus
915 1771 949 1799 et
972 1768 1121 1800 formulis
1145 1768 1186 1799 ad
1205 1778 1346 1799 cameras
1361 1768 1444 1810 regis
1458 1768 1501 1803 in⁴

442 1820 619 1857 Faukland,
636 1819 674 1850 de
698 1819 849 1850 mandato
872 1818 1024 1859 ejusdem,
1040 1820 1077 1848 ut
1103 1820 1193 1859 patet
1213 1828 1271 1859 per
1292 1817 1401 1850 literas
1417 1827 1489 1850 suas

442 1870 501 1902 sub
518 1869 641 1910 signeto
664 1868 703 1900 de
726 1871 875 1909 precepto
898 1871 1041 1899 ostensas
1064 1877 1160 1908 super
1182 1869 1379 1908 computum,
1393 1866 1440 1908 iiij
1455 1865 1498 1898 n..

442 1921 485 1951 Et
500 1919 604 1950 eidem
619 1928 677 1959 pro
694 1917 818 1948 duabus
841 1917 929 1948 rudis
945 1927 1018 1948 cum
1034 1916 1166 1947 dimidia
1182 1916 1371 1957 tegularum,
1387 1915 1502 1947 tribus·

442 1969 558 2001 celdris
574 1968 678 2005 calcis,
694 1978 750 1999 sex
764 1967 879 1998 celdris
895 1966 1005 2003 saboli,
1021 1976 1145 1997 necnon
1161 1966 1262 1998 feodis
1274 1965 1488 1997 laborancium

442 2020 525 2051 circa
552 2018 789 2059 reparacionem
809 2016 923 2048 domus
948 2016 1054 2053 brasii,
1069 2015 1209 2057 granalis
1239 2025 1297 2056 pro
1319 2015 1491 2053 frumento,

442 2070 556 2101 domus
571 2068 686 2106 avarie,
701 2071 734 2099 et
750 2066 867 2099 ustrini
883 2066 922 2097 de
944 2065 1122 2102 Faukland,
1145 2068 1183 2096 ut
1198 2067 1288 2106 patet
1309 2075 1366 2106 per
1380 2064 1499 2096 literas-

442 2119 521 2150 dicti
547 2117 729 2149 rotulatoris
745 2117 783 2148 dc
799 2119 947 2157 precepto
970 2118 1112 2147 ostensas
1127 2124 1223 2155 super
1244 2117 1439 2155 computum,
1453 2113 1485 2154 xj

443 2169 474 2201 n.
491 2169 546 2200 xix
570 2172 592 2200 s.
618 2179 638 2198 x
661 2167 691 2199 d.
736 2167 779 2198 Et
801 2166 913 2203 eidem,
935 2176 993 2207 pro
1016 2165 1115 2207 gagiis
1138 2164 1236 2196 Alani
1259 2165 1374 2202 avarie,
1389 2163 1488 2196 trium
