1551 2462
124 281 214 312 1464.
432 280 593 313 REGUM
618 279 863 312 SOOTORUM.
1106 282 1167 312 275

119 372 196 404 anni
219 374 408 416 sexagesimi
433 373 525 405 tercii
547 373 587 405 de
609 373 713 414 primo
737 373 872 404 termino
895 372 992 414 hujus
1015 374 1166 415 computi,

119 423 196 463 xxvj
213 427 321 455 marte.
367 424 410 455 Et
425 424 537 460 eidem,
553 423 592 454 de
608 423 724 464 viginti
740 423 864 454 duabus
887 423 999 454 martis
1021 422 1165 454 liberatis
1179 434 1342 463 Respondebit

118 472 292 504 Malcolmo
307 474 480 511 Forestare,
490 472 653 504 forestario
664 472 703 504 de
719 473 860 510 Torwod,
872 472 911 504 de
927 472 1065 504 secundo
1081 483 1165 503 anno
1178 464 1359 522 ffiffssssfflssspro

118 521 213 562 hujus
244 523 395 564 computi,
427 526 464 554 ut
486 525 576 564 patet
605 532 661 562 per
691 521 846 562 seriphum
877 532 972 554 suum
1002 525 1166 553 ostensum
1178 523 1328 566 xxijinartis.

118 582 213 612 super
242 575 428 613 computum
451 575 484 603 etz
505 582 562 613 pro
586 571 703 612 quibus
726 571 940 612 respondebit,
964 572 1031 613 xxij
1056 575 1165 603 marte.

116 621 160 652 Et>
190 621 301 660 eidem,
331 632 387 662 per
410 621 605 653 solucionem
628 621 747 652 factam
777 621 945 653 Elizabeth
968 621 1007 652 de
1030 621 1167 652 Dunbar

116 671 290 712 prescripte
301 671 336 702 in
347 671 557 713 quadraginta
569 671 682 702 marcis
695 671 757 702 sibi
769 671 948 712 assignatis,
960 681 1017 712 pro
1030 681 1166 712 quarum

115 720 258 761 quinque
268 721 382 752 marcis
395 720 530 752 solvitur
541 730 606 751 una
616 720 793 762 marta,}xvj
807 724 917 758 marte,
930 723 962 752 et
973 721 1007 751 in
1019 723 1166 761 postrum

117 769 253 801 durante
283 780 340 801 sua
377 770 529 811 pensione
562 769 773 811 quadraginta
810 771 952 812 quinque
987 780 1166 801 marcarum

117 822 281 860 receptura
297 822 346 850 est
360 829 476 851 novem
491 823 619 851 martas.
664 820 707 850 Et
722 830 778 860 per
800 820 1025 852 liberacionem
1048 820 1166 851 factam

118 869 351 901 oonsbabulario
378 870 473 901 castri
503 870 543 901 de
573 870 666 907 Bute,
689 870 879 911 percipienbi
909 870 1076 901 annuatim
1102 875 1167 901 tres

117 922 236 950 martas
248 929 322 950 cum
345 919 492 956 dimedia,
515 919 554 951 de
578 919 671 950 annis
694 919 791 960 hujus
814 919 965 960 computi,
989 919 1032 960 vij
1057 922 1166 951 marte.

117 968 160 999 Et
186 969 326 1009 janitori,
356 979 414 1009 pro
444 969 536 1000 feodo
574 979 631 999 suo
669 968 708 999 de
739 968 832 1000 dietis
863 969 964 1005 annis,
994 969 1016 1009 ij
1056 973 1166 1000 marte.

117 1017 160 1048 Et
197 1018 407 1059 computanti,
437 1028 494 1059 pro
532 1018 624 1049 feodo
663 1028 720 1049 suo
750 1018 789 1049 de
828 1018 948 1049 eisdem
987 1018 1089 1055 annis,
1119 1018 1165 1058 iiij

118 1070 227 1099 marte.
272 1068 315 1099 Et
346 1067 496 1099 Gilcristo
527 1067 633 1104 Leich‚
664 1067 702 1098 de
733 1067 827 1098 dictis
857 1067 982 1099 duobus
1012 1067 1114 1104 annis,
1144 1068 1166 1108 ij

117 1120 225 1148 marte.
291 1117 335 1148 Et
371 1117 543 1148 mandatur
587 1116 735 1147 similiter
772 1116 811 1147 de
849 1117 961 1148 martis
1006 1117 1090 1148 sicut
1128 1117 1167 1148 de

117 1166 270 1207 pecuniis.
331 1166 463 1197 Summa
500 1176 722 1207 expensarum,
759 1166 852 1197 lxxix
888 1169 997 1198 marte.
1042 1167 1086 1198 Et
1122 1167 1168 1198 sic

116 1219 239 1247 restant
255 1216 290 1246 lx
306 1219 414 1247 marte.

161 1266 254 1302 Ibem,
264 1268 374 1296 onerat
387 1275 419 1296 sc
435 1265 520 1296 idem
531 1264 570 1296 de
585 1265 617 1305 vj
635 1264 749 1296 celdris
765 1275 786 1296 v
796 1264 890 1296 bonis
906 1265 929 1306 ij
947 1265 1070 1297 ferlotis
1080 1265 1168 1297 ordei
1181 1266 1332 1299 Ordeum.

117 1325 174 1356 per
190 1315 346 1356 arreragia
361 1314 469 1345 ultimi
485 1314 628 1355 computi
644 1314 701 1352 sui,
715 1317 753 1345 ub
768 1318 858 1355 patet
872 1315 907 1345 111
918 1315 999 1356 pede
1015 1315 1167 1356 ejusdem,

119 1374 182 1404 que
198 1366 274 1395 sunt
290 1364 328 1395 de
343 1363 517 1404 grassumis
533 1363 638 1395 insule
654 1363 693 1394 de
708 1363 824 1395 Arane.
871 1363 1003 1395 Summa
1019 1364 1168 1405 arreragii

120 1417 218 1454 patet.

161 1463 255 1500 Item,
278 1461 364 1493 idem
391 1464 501 1493 onerat>
525 1472 558 1493 se
580 1461 620 1493 de
643 1461 721 1502 xxiij
747 1461 862 1493 celdris
892 1462 961 1503 xiiij
992 1463 1086 1494 bollis
1111 1473 1168 1504 per

115 1512 255 1553 integras
276 1521 456 1552 grassumas
478 1511 582 1542 insule
609 1511 648 1542 de
683 1511 766 1542 Bute
796 1511 835 1543 de
865 1511 989 1543 duobus
1020 1513 1167 1543 terminis

117 1562 226 1593 Sancti
241 1561 377 1592 Martini
399 1561 482 1592 infra
505 1560 565 1592 hoc
588 1564 783 1601 computum,
799 1561 874 1601 quia
897 1564 975 1593 tunc
997 1561 1168 1593 solvuntur

117 1614 251 1643 tantum.
297 1611 339 1641 Et
355 1610 394 1641 de
409 1610 453 1651 vij
471 1609 586 1641 celdris
599 1611 611 1651 j
630 1610 715 1642 bolla
730 1610 818 1641 ordei
832 1621 889 1651 per
904 1611 1044 1652 integras
1060 1612 1167 1643 firmas

116 1671 277 1702 grassume
308 1661 347 1691 de
368 1660 478 1691 Arane
501 1660 540 1691 de
564 1660 659 1691 dictis
682 1660 836 1691 terminis.
897 1660 1030 1691 Summa
1058 1661 1167 1692 totalis

117 1710 312 1742 oneracionis
341 1713 449 1751 preter
478 1710 644 1751 arreragia,
668 1720 735 1740 xxx
761 1710 866 1741 celdre
889 1720 933 1741 xv
957 1710 1041 1742 boile
1071 1711 1166 1742 ordei.

117 1759 249 1791 Summa
270 1759 379 1791 totalis
402 1759 600 1791 oneracionis
631 1769 705 1791 cum
732 1760 906 1801 arreragiis,
922 1761 1034 1802 xxxvij
1062 1761 1168 1792 celdre

115 1808 161 1849 iiij
179 1809 262 1840 holle
277 1809 299 1850 ij
317 1809 429 1841 ferlote
445 1809 539 1840 ordei.

160 1859 306 1900 Expense
323 1859 401 1890 dieti
416 1859 512 1890 ordei.
558 1859 598 1890 In
613 1859 735 1900 primis,
752 1859 886 1891 allocate
899 1861 1099 1901 computanti
1110 1871 1168 1901 pro

119 1907 210 1940 feodo
226 1918 282 1939 suo
298 1908 337 1940 de
361 1909 453 1939 annis
469 1908 566 1949 hujus
589 1909 739 1950 computi,
755 1909 778 1950 ij
797 1909 908 1940 celdre.
955 1910 997 1940 Et
1016 1910 1168 1941 Gilcristo

117 1957 221 1995 Leich,
236 1968 293 1998 pro
309 1958 400 1989 feodo
417 1968 473 1990 suo
489 1958 528 1990 de
544 1958 638 1990 dictis
655 1959 756 1997 annis,
773 1969 793 1989 x
810 1959 900 1990 bolle.
939 1960 982 1990 Et}
997 1960 1167 1991 Elizabeth

117 2006 156 2038 de
178 2007 321 2045 Dunbar,
337 2018 393 2048 pro
416 2008 482 2039 suis
505 2008 717 2049 quadraginta
739 2009 854 2040 mareis
877 2019 956 2050 quas
976 2010 1112 2050 percipit
1127 2020 1168 2041 ex

119 2056 336 2097 assignacione
359 2057 443 2098 regis
466 2058 505 2088 de
529 2057 623 2088 dictis
646 2057 770 2089 duobus
801 2058 902 2095 annis,
925 2069 946 2089 v
969 2058 1083 2091 celdre.
1127 2060 1170 2090 Et

120 2105 232 2143 eidem,
247 2116 304 2147 per
326 2107 548 2138 vendicionem
572 2107 682 2138 decem
706 2107 883 2138 celdrarum
907 2108 993 2138 ordei
1008 2118 1171 2149 grassume

118 2154 159 2186 de
177 2154 262 2187 Bute
277 2155 483 2187 venditarum
500 2166 557 2197 per
572 2156 807 2187 thesaurarium
823 2157 1003 2188 vicecomiti
1025 2158 1064 2189 de
1087 2158 1171 2189 Buta

121 2203 262 2244 precium
278 2205 383 2236 celdre
400 2215 456 2237 sex
479 2215 592 2243 marce,
609 2215 665 2247 pro
688 2206 805 2247 quibus
828 2206 972 2247 pecuniis
994 2207 1080 2239 idem
1102 2207 1172 2239 the-
