1551 2462
67 267 71 274 ,,
81 212 102 278 71-
123 241 212 272 1469.
430 237 592 269 REGUM
615 236 862 269 soo'rORUM.
1105 239 1168 267 649

60 338 97 362 ·.,
119 331 159 364 de
181 331 254 363 Mar
275 330 402 361 racione
424 329 530 361 warde
560 339 618 370 per
639 333 776 360 mortem
803 328 964 370 quondam
988 329 1169 360 Alexandri

66 375 95 416 ᾇ
119 380 218 418 Lesle,
233 379 273 411 de
288 389 372 410 anno
395 378 545 419 computi.
590 378 634 409 Et
655 378 695 409 de
719 388 740 408 v
754 377 786 408 fi.
810 378 850 409 de
872 377 991 409 relevio
1015 382 1171 409 terrarum

10 424 33 481 ³22⁶·
120 429 160 462 de
184 429 282 470 Selby
307 432 341 460 et
367 428 564 468 chhtallow
592 437 649 468 per
675 427 826 459 saisinam
854 427 961 458 datam
985 426 1170 458 Alexandro

19 477 24 490 ²
81 490 84 494 ·
119 478 219 522 Lede,
233 477 441 519 computanti,
456 477 495 508 de
511 477 638 508 eisdem.
683 477 726 507 Et
741 477 781 508 de
797 477 853 517 xiij
870 481 893 508 ἓ.
910 477 956 518 iiij
974 476 1003 507 d,
1020 476 1059 507 de
1071 477 1171 507 firmis

83 518 97 567 ἶ
120 531 274 559 terrarum
289 526 329 558 de
343 526 507 564 Ardoune,
522 525 734 557 existencium
747 527 781 556 in
794 526 942 557 manibus
955 526 1033 557 dicti
1045 525 1171 556 comitis

10 579 26 620 5'
64 580 81 616 ζ»,
119 577 160 609 de
173 576 263 608 Μαι-1·
276 586 335 617 per
349 575 493 617 spacium
509 576 605 607 unius
622 575 699 607 anni
713 576 840 607 racione
852 575 956 607 warde
966 585 1024 616 per
1034 579 1171 607 mortem

10 621 18 647 ἶ
64 626 76 666 ζ
105 626 280 668 ;(111011ᾱαι11
295 625 431 657 Henrici
447 625 547 662 Lesle,
562 625 680 666 saisina
696 635 760 655 non
775 628 959 665 recuperata
980 624 1020 655 de
1042 624 1170 655 eisdem.

15 671 25 711 ‚¹
68 684 70 687 ’
120 670 252 708 Summa
280 675 377 715 hujus
400 674 513 711 oneris,
535 674 583 705 lix
608 674 640 705 n.
687 674 819 705 Summa
841 673 949 705 totalis
973 673 1171 704 oneracionis

10 718 20 741 {-
63 727 224 766 --pi-eter
246 724 449 766 pendendas,
471 722 562 764 vj⁰xv
579 723 611 754 fi.
627 723 660 764 vj
677 723 716 761 d„
739 726 844 764 preter
867 727 986 754 martas
1009 726 1041 754 et
1063 733 1170 764 grana.

75 783 78 785 ·
98 785 103 787 ⁴
121 775 251 806 Summa
264 773 374 806 totalis
389 773 586 805 oneracionis
603 783 676 804 cum
692 773 886 814 pendenciis,
902 772 1017 814 vjcxliij
1035 773 1067 804 11.
1084 773 1115 813 vj
1139 772 1169 803 d.

9 850 11 861 ,
119 826 224 867 preter
238 827 357 855 martas
372 827 406 856 et
420 833 526 864 grana„

161 873 204 904 Et
229 883 294 904 non
317 876 429 904 onerat
448 883 482 904 se
504 872 544 904 de
567 872 667 904 firmis
686 876 843 903 tenerum
865 872 904 904 de
927 872 1112 913 Tulihekky
1136 871 1172 903 in
1204 878 1210 881 “

70 955 73 958 ,
91 955 100 960 ,
119 910 260 954 (1011111110
276 922 315 954 de
328 921 436 960 Coule,
453 932 493 953 ex
508 932 545 953 eo
561 922 647 963 quod
662 922 788 963 ignorat
802 922 943 953 valorem
953 922 1126 953 earundem
1139 925 1172 953 et

120 971 272 1003 terminos
294 971 328 1002 in
351 971 469 1012 quibus
492 972 648 1003 fuerunt
639 982 672 1002 1n
696 971 845 1002 manibus
870 971 992 1002 domim
1015 971 1099 1012 regis
1115 981 1172 1012 per

68 1033 90 1062 ς
120 1021 243 1052 obitum
279 1021 409 1052 Andree
450 1021 608 1058 Huntare‚
645 1021 718 1052 ideo
755 1021 927 1052 mandat-ur
971 1021 1172 1062 computanti

79 1071 89 1101 .'
120 1073 277 1112 quatenus
291 1071 434 1112 inquirat
449 1071 488 1101 de
503 1070 666 1111 premissis
679 1070 754 1111 quia
767 1070 950 1101 onerabitur
961 1080 1035 1101 cum
1051 1070 1170 1102 eisdem

82 1147 91 1162 .,
119 1121 157 1153 111
167 1121 314 1163 proximo
330 1123 480 1162 computo
496 1131 560 1151 suo.

162 1170 256 1208 Item,
278 1170 364 1201 idem
394 1173 504 1201 onerat
534 1180 568 1201 se
597 1169 636 1201 de
666 1180 756 1200 xxxv
778 1169 809 1200 fi.
835 1180 854 1200 x
878 1173 901 1201 s.
935 1169 975 1200 de
998 1169 1171 1210 grassumis

7 1227 9 1256 1
67 1220 90 1247 Ἥ
119 1222 278 1251 certorum
292 1219 476 1251 tenencium
497 1219 582 1250 infra
605 1219 793 1250 comitatum
816 1219 855 1250 de
878 1219 968 1250 Marr
991 1219 1030 1250 de
1053 1220 1171 1260 quibus

81 1275 90 1304 ζ
107 1306 110 1312 .
119 1271 308 1310 computans
317 1269 427 1301 omisit
438 1279 567 1300 onerare
578 1279 612 1300 se
622 1279 706 1300 anno
716 1269 831 1309 elapso.
876 1268 920 1299 Et
929 1269 1171 1300 memorandum

76 1315 89 1318 ’
113 1318 204 1361 quod
241 1321 432 1360 computans
461 1328 526 1349 non
558 1320 670 1349 onerat
699 1328 733 1349 se
771 1328 844 1348 cum
882 1317 1044 1348 sexdecim
1081 1310 1172 1349 libris

82 1380 85 1381 ’
119 1377 355 1409 grassumarum
378 1368 417 1400 de
437 1368 608 1408 Garvyach
630 1368 826 1399 restantibus
848 1367 884 1398 in
905 1367 1056 1399 manibus
1087 1378 1172 1399 com-

79 1419 94 1427 ’·
119 1418 264 1459 putantis
279 1418 319 1449 ad
335 1418 608 1449 construccionem
624 1427 681 1448 sex
693 1417 958 1454 molendinorum,
971 1417 1047 1458 quia
1059 1417 1172 1449 asserit

68 1506 70 1510 Ι
120 1477 154 1499 se
176 1467 391 1499 construxisse
413 1467 532 1498 eedem.
579 1467 712 1498 Summa
738 1466 847 1498 totalis
869 1466 1067 1498 oneracionis
1096 1476 1170 1498 cum

64 1546 74 1552 ,,
119 1517 292 1558 grassumis
330 1520 364 1548 et
392 1515 774 1558 pendeneiis‚vj“1xxviij
798 1516 830 1547 11.
855 1527 877 1547 x
899 1527 923 1548 s.
946 1517 979 1558 vJ'
1003 1516 1043 1554 d,
1065 1520 1172 1558 preter

70 1562 89 1611 ἦ,
116 1569 239 1598 martas
255 1569 288 1597 et
301 1576 407 1607 grana.

162 1615 311 1656 Expense
333 1614 484 1656 ejusdem.
529 1615 570 1646 In
592 1615 714 1656 primis,
737 1614 871 1646 allocate
893 1615 1092 1656 compntanti
1115 1625 1172 1656 per

119 1664 314 1696 solucionem
345 1665 462 1696 factam
485 1660 651 1696 Fratribus
674 1664 789 1695 Sancte
811 1664 977 1695 Trinitatis
1000 1664 1039 1696 de
1069 1664 1171 1696 Aber-

6 1734 7 1743 1
64 1710 92 1734 '³
120 1714 209 1752 dene,
231 1714 481 1756 percipientibus
511 1714 679 1746 annuatim
702 1713 812 1745 decem
834 1724 957 1745 marcas
979 1714 1079 1745 annui
1100 1714 1171 1745 red-

68 1783 70 1785 ·
90 1764 93 1766 ’
120 1764 207 1796 ditus
223 1764 263 1795 de
277 1764 455 1796 Westoune
469 1763 504 1794 in
520 1763 675 1795 Croomar
695 1762 735 1794 de
758 1762 882 1794 duobus
905 1763 1051 1794 terminis
1074 1763 1172 1803 hujus

5 1846 6 1854 ¹
64 1831 91 1847 -ν,
121 1813 263 1854 computi
293 1816 326 1845 et
355 1813 416 1844 sub
444 1812 586 1853 periculo
609 1812 834 1853 computantis,
857 1813 888 1853 vj
905 1812 937 1843 11.
963 1813 1019 1853 xiij
1037 1816 1061 1844 s.
1077 1813 1123 1853 iiiJ'
1141 1813 1171 1843 d.

77 1871 83 1882 ³
120 1862 163 1894 Et
177 1863 289 1900 eidem,
305 1873 362 1904 pro
378 1862 526 1894 secundis
544 1861 674 1893 decimis
690 1861 825 1892 dominii
841 1862 880 1893 de
896 1861 996 1892 Coule
1010 1864 1043 1892 et
1059 1861 1172 1893 Oneile

75 1915 96 1942 ἱ.
120 1911 235 1944 debitis
258 1913 406 1954 episcopo
428 1911 652 1943 Aberdonensi
681 1911 721 1942 de
744 1921 827 1942 anno
850 1910 999 1951 compoti,
1021 1911 1172 1951 magistro

59 1963 90 1993 Ϊ
120 1962 249 1995 Andrea
272 1962 420 1999 Simonis,
443 1961 512 2002 ejus
534 1960 713 1997 camerario,
734 1970 791 2001 per
817 1970 891 1991 suas
916 1959 1025 1991 literas
1050 1960 1172 1992 fatente

60 2036 74 2054 ,Γ
119 2015 283 2052 receptum
309 2021 404 2052 super
430 2013 618 2051 computum
645 2009 684 2040 de
711 2009 797 2040 dicto
823 2019 915 2046 ann0‚
941 2008 1034 2050 xlviij
1063 2013 1086 2040 ἔ.
1114 2010 1171 2050 viij

121 2059 151 2092 ᾶ.
195 2061 238 2092 Et
263 2064 401 2102 quatuor
425 2060 524 2091 maris
546 2059 586 2090 de
612 2058 695 2095 Mar,
718 2068 777 2099 pro
806 2058 908 2089 feodis
934 2058 1001 2089 suis
1023 2058 1064 2090 de
1087 2069 1172 2090 anno

70 2104 82 2142 *J
115 2103 272 2151 bomputi,
286 2109 333 2150 iiij
351 2109 384 2141 11.
428 2109 472 2139 Et
487 2108 600 2144 eidem,
610 2118 668 2148 per
682 2107 877 2138 solucionem
901 2107 1019 2138 factam
1041 2107 1172 2139 domino

10 2142 15 2180 2-
59 2154 86 2194 ;.’
122 2157 263 2190 Henrioo
272 2158 313 2190 de
327 2158 494 2199 Kingorne
508 2167 566 2198 pro
582 2156 727 2188 custodia
741 2156 838 2188 castri
853 2156 892 2188 de
904 2156 1090 2198 Kildrnmy,
1101 2167 1171 2198 per-

1185 1090 1324 1118 Onera'ndus
1335 1097 1373 1118 est

1184 1127 1334 1154 computans.
