1551 2462
308 251 369 281 344
619 249 784 281 ROTULI
809 248 1048 281 SCAOOARII
1272 249 1362 278 1465.

306 343 481 380 Forestare,
498 345 530 374 et
554 342 706 374 vicesimo
730 343 754 374 ‚J
755 342 824 373 unii
852 341 995 382 ejusdem
1020 340 1096 372 anni
1118 350 1175 381 per
1195 339 1363 371 dominum

307 393 483 424 Robertum
499 393 603 430 Mure,
630 403 733 433 usque
758 392 793 423 in
820 392 906 423 diem
922 391 1020 432 hujus
1044 390 1196 431 computi,
1215 393 1248 421 et
1263 390 1308 421 sic
1324 390 1363 421 de

307 442 431 474 duobus
448 443 592 474 terminis
608 442 693 473 infra
709 442 769 473 hoc
785 444 982 482 computum.

351 492 452 529 Idem,
468 495 578 523 onerat
588 502 621 523 se
637 491 670 522 in
680 491 792 532 primis
804 490 842 522 (18
858 490 901 530 vij
919 489 951 520 11'.
968 489 1038 530 xiiij
1056 493 1077 520 ἕ.
1096 489 1128 530 xj
1142 488 1170 520 d.
1187 498 1244 530 per
1260 498 1360 519 arrer-

307 541 379 582 agia
391 541 469 572 dieti
484 541 629 582 magistri
649 540 785 575 Roberti.
801 543 839 571 ub
854 542 944 580 patet
956 539 990 571 in
1006 538 1121 571 ultimo
1132 541 1281 579 computo
1296 548 1362 569 suo.

307 590 351 621 Et
366 590 405 621 (18
420 591 510 631 xxvij
527 590 560 622 11.
576 590 631 631 xxj
649 589 677 620 d.
695 590 743 621 ob.
755 600 812 632 per
827 589 985 630 arreragia
1000 588 1110 619 ultimi
1125 587 1269 629 computi
1284 587 1363 618 dieti

308 639 431 671 domini
453 639 593 676 Roberti,
616 642 654 670 ut
679 642 769 680 patet
794 638 829 671 in
854 638 936 679 pede
960 637 1103 678 computi
1125 637 1184 668 sui.
1230 637 1363 668 Summa
1420 670 1423 671 γ
1456 655 1458 657 »
1491 667 1493 669 ,
1541 642 1546 674 ζ

353 739 447 777 Item,
477 739 560 770 idem
594 742 705 770 onerat
735 748 768 769 se
799 737 838 769 de
861 736 920 771 lxx
949 737 981 768 11
1009 747 1066 778 per
1092 735 1231 777 integras
1254 735 1362 766 firmas

308 789 438 823 baronie
483 789 523 823 de
574 789 803 821 Bothkennare
840 787 880 818 de
918 787 1042 818 duobus
1079 786 1225 817 terminis
1263 785 1361 826 hujus

309 839 461 880 computi,
484 842 590 880 preter
615 848 720 879 grana.
767 838 810 870 Et
832 837 872 868 (18
899 837 1013 878 xxxiiij
1039 837 1071 869 11.
1088 837 1132 877 vij
1161 841 1184 868 ἔ.
1201 846 1257 877 per
1278 835 1361 866 inte-

308 899 380 929 gras
403 889 511 919 firmas
533 887 694 918 Aularum
718 886 757 917 de
780 886 862 919 Erth
885 886 923 917 de
947 887 1042 918 dictis
1065 886 1189 917 duobus
1207 885 1361 916 terminis.
1418 913 1426 918 ,

308 938 352 968 Et
378 937 417 969 de
448 937 503 978 xxj
529 937 561 968 11.
588 937 631 977 vij
663 941 686 968 ἒ.
718 936 750 977 vj
782 935 811 967 d.
841 946 898 976 per
927 936 1067 977 integras
1097 936 1205 967 firmas
1229 935 1360 966 baronia

308 987 348 1018 (18
381 987 505 1018 Skeoch
528 997 602 1018 cum
625 985 818 1017 molendinis
842 985 986 1026 ejusdem
1009 988 1042 1016 et
1058 984 1305 1026 Ingramysland
1320 983 1360 1015 de

308 1036 404 1069 dicbis
428 1036 552 1069 duobus
578 1035 734 1072 terminis,
759 1038 864 1076 preter
886 1045 993 1075 grana,
1016 1034 1166 1065 videlieet
1185 1034 1198 1075 j
1223 1033 1363 1065 celdram

309 1086 366 1127 xiij
392 1086 495 1117 bollas
526 1085 630 1118 brasii.
677 1085 720 1117 Et
750 1084 789 1116 (18
816 1085 847 1125 vj
879 1084 911 1120 Ii.
937 1084 994 1125 xiij
1026 1088 1048 1117 ἔ.
1075 1084 1120 1124 iiij
1149 1083 1178 1115 d.
1206 1087 1364 1114 terrarum

310 1137 349 1168 de
364 1136 522 1177 Aldpark,
533 1136 572 1167 de
588 1135 708 1167 eisdem
724 1134 878 1167 terminis.
916 1134 958 1165 Et
975 1134 1014 1166 de
1029 1134 1086 1174 viij
1103 1133 1135 1165 11.
1153 1136 1310 1165 terrarum
1321 1132 1361 1163 de

309 1185 413 1227 Roplo
429 1186 468 1217 (18
484 1185 604 1217 eisdem
627 1184 781 1217 terminis.
827 1183 870 1217 Et,
892 1183 932 1214 de
947 1194 992 1214 xx
1014 1187 1037 1215 ἔ.
1053 1186 1136 1214 terre
1158 1182 1197 1214 de
1214 1181 1363 1223 Blaregib

310 1285 431 1316 eisdem
445 1284 598 1317 terminis.
645 1283 688 1315 Et
703 1283 743 1313 de
759 1282 815 1323 xiij
833 1282 866 1315 h:
885 1282 916 1322 vj
941 1286 964 1314 Ξ.
980 1281 1037 1322 viij
1055 1281 1084 1313 d.
1101 1281 1202 1312 annui
1216 1279 1361 1312 redditus

311 1337 467 1365 terrarum
490 1333 530 1364 de
554 1332 709 1374 Cragorth
732 1331 771 1362 (18
794 1331 914 1362 eisdem
936 1331 1090 1364 terminis.
1135 1331 1179 1362 Et
1199 1330 1238 1361 (18
1254 1340 1275 1360 x
1290 1329 1322 1360 fi„
1339 1330 1362 1370 ij

311 1383 426 1414 celdris
450 1382 604 1417 frumenssi
627 1382 649 1422 ij
674 1381 789 1414 celdris
816 1381 903 1413 ordei
927 1380 948 1421 ij
978 1380 1092 1412 celdris
1116 1389 1290 1412 avenarum
1306 1389 1363 1420 per

311 1433 451 1473 integras
461 1432 568 1462 firmas
579 1435 735 1463 terrarum
747 1430 786 1463 de
799 1429 1014 1461 Inneraloune
1027 1429 1066 1460 de
1079 1429 1198 1460 eisdem
1207 1427 1362 1460 terminis.

309 1482 354 1513 Et
369 1482 409 1514 (18
424 1492 444 1512 x
459 1481 491 1514 fi.
508 1485 592 1512 terre
608 1481 647 1511 de
670 1480 696 1513 F
698 1479 898 1519 ossochquhy
918 1479 957 1511 de
980 1478 1100 1510 eisdem
1121 1478 1274 1512 terminis.
1320 1478 1364 1508 Et

311 1531 351 1564 de
367 1541 389 1561 x
404 1530 435 1561 ri.
452 1534 535 1562 terre
551 1529 590 1561 (18
614 1528 768 1569 Lupnooh
792 1528 830 1559 (18
853 1527 948 1558 dietis
971 1527 1125 1560 terminis.
1171 1527 1214 1557 Er,
1236 1526 1276 1557 de
1291 1536 1314 1556 x
1328 1526 1361 1556 fi.

310 1583 393 1611 terre
409 1579 448 1610 (18
464 1577 672 1619 Lossyntrule
688 1577 727 1610 de
744 1576 838 1608 dictis
854 1576 1009 1610 terminis.
1054 1576 1097 1608 Et
1109 1576 1151 1607 de
1167 1575 1214 1616 liij
1232 1580 1254 1607 ἓ.
1271 1575 1318 1616 iiij
1333 1574 1363 1606 d.

310 1629 333 1670 ij
351 1629 466 1662 eeldris
481 1628 578 1661 brasii
593 1627 670 1660 ville
686 1626 726 1657 (18
742 1626 829 1667 Logy
845 1626 884 1659 (18
901 1625 993 1656 dictis
1009 1626 1165 1662 terminis,
1180 1625 1235 1656 sed
1248 1635 1361 1656 consu-

311 1679 379 1710 evit
394 1677 533 1709 assedari
548 1687 605 1718 pro
621 1676 724 1708 tribus
751 1675 842 1708 libris
866 1676 1002 1716 pecunie
1026 1678 1058 1706 et
1082 1675 1225 1716 quinque
1249 1674 1365 1706 celdris

311 1727 416 1759 brasii.
462 1727 504 1758 Et
520 1726 559 1757 de
574 1726 621 1766 iiij
638 1725 670 1760 112,
684 1725 696 1765 j
714 1724 821 1756 oeldra
843 1724 999 1756 frumenti
1010 1725 1022 1765 j
1048 1725 1154 1757 celdra
1170 1724 1267 1755 brasii
1281 1727 1364 1756 terre

264 1797 267 1799 >
312 1777 352 1808 (18
368 1776 538 1817 Blarelogy
554 1775 593 1807 de
610 1774 730 1808 eisdem
746 1773 898 1808 terminis.
945 1774 988 1805 Et
1003 1773 1042 1805 de
1057 1774 1089 1815 vj
1106 1774 1139 1805 fi.
1152 1774 1165 1815 j
1179 1773 1285 1805 eeldra
1298 1773 1363 1804 fru—

312 1827 414 1859 menti
435 1827 448 1867 j
475 1825 581 1859 celdra
607 1824 695 1855 ordei
721 1827 804 1855 terre
820 1822 859 1854 de
883 1822 985 1854 Pullis
1009 1823 1049 1854 de
1073 1823 1192 1855 eisdem
1208 1823 1362 1855 terminis.

311 1875 354 1909 Et
370 1875 409 1906 (18
434 1874 478 1917 xlj
496 1874 527 1905 1-1.
545 1874 601 1915 xiij
630 1878 652 1906 Ξ.
670 1873 726 1915 viij
755 1873 785 1905 d.
802 1873 833 1913 xj
860 1872 974 1906 celdris
998 1873 1054 1914 viij
1079 1873 1172 1905 bollis
1196 1873 1293 1905 brasii
1308 1883 1365 1914 per

312 1925 452 1965 integras
477 1925 584 1955 firmas
611 1923 741 1956 baronie
765 1922 805 1953 de
830 1922 1016 1963 Tulyeultre
1042 1922 1082 1955 de
1098 1923 1192 1955 dictis
1208 1923 1362 1954 terminis.

312 1975 356 2006 Et
371 1975 410 2006 (18
425 1984 447 2005 v
461 1973 494 2005 11.
511 1978 594 2004 terre
611 1973 650 2003 de
665 1972 936 2003 Lethbertschelis
959 1975 992 2003 eb
1014 1972 1188 2004 Standlech
1210 1972 1249 2003 de
1265 1972 1361 2003 dictis

312 2023 466 2057 terminis.
512 2023 555 2057 Et
570 2022 609 2054 de
625 2023 657 2063 vj
675 2022 706 2055 h'.
725 2022 781 2062 xiij
809 2026 832 2055 Ξ.
857 2022 904 2063 iiij
932 2021 962 2055 d.
979 2022 1017 2054 de
1041 2022 1308 2064 Litilsauchquhy
1323 2022 1363 2053 de

313 2073 433 2106 eisdem
448 2072 602 2106 terminis.
648 2072 691 2104 Et
706 2072 745 2103 de
761 2071 837 2112 xxvj
855 2075 877 2104 S.
897 2071 953 2112 viij
965 2071 994 2103 d.
1005 2071 1044 2103 de
1060 2072 1202 2103 Torhede
1218 2072 1257 2102 de
1269 2072 1364 2103 dictis

311 2121 467 2158 terminis,
492 2125 525 2154 et
551 2120 661 2154 valent
688 2121 722 2153 in
749 2131 832 2153 anno
856 2121 1067 2162 quadraginta
1088 2121 1212 2152 solidos.
1258 2121 1301 2152 Et
1323 2120 1363 2151 (18

312 2171 393 2204 lxxx
408 2171 440 2204 li.
457 2171 524 2211 xvij
542 2175 564 2203 ἔ.
582 2171 616 2211 iij
633 2170 661 2203 d,
679 2180 736 2211 per
751 2170 890 2212 integras
913 2170 1020 2202 firmas
1037 2170 1194 2202 dictarum
1209 2173 1365 2202 terrarum
