1551 2462
9 413 15 421 -
0 262 30 395 sverm:
29 234 34 239 ,
30 195 32 198 ,
31 179 33 181 ,

92 292 180 321 1460.
400 288 561 320 REGUM
586 287 832 319 SCOTORUM.
1098 289 1136 316 45

134 384 184 415 De
205 382 330 424 quibus,
356 382 490 414 allocate
507 381 704 423 compotanti
723 392 779 422 per
801 381 997 412 solucionem
1020 379 1139 411 factam

30 439 32 442 '
91 433 211 465 Jacobo
248 433 287 464 de
321 432 473 474 Douglas,
507 431 697 473 percipienti
728 431 896 462 annuatim
929 429 1141 471 quadraginta

93 483 209 515 solidos
239 482 278 514 de
308 483 407 513 firmis
441 482 627 523 burgalibus
658 482 736 512 dicti
769 481 861 522 burgi
892 480 1018 511 racione
1043 479 1141 519 officii

92 532 325 564 constabularie
348 535 381 563 et
403 532 498 563 officii
521 532 601 563 mari
630 530 784 572 quarterii
814 530 853 561 de
884 530 1070 571 Kyngorne,
1101 529 1141 560 de

54 582 57 583 ⁷
93 583 229 614 termino
245 582 384 623 compoti
406 585 439 613 et
465 582 525 618 sub
550 581 690 622 periculo
716 580 939 621 compotantis,
965 590 1011 610 xx
1029 584 1052 611 s.
1098 579 1141 610 Et

40 635 45 640 ’
93 632 204 670 eidem,
214 642 269 673 per
285 631 479 663 solucionem
495 631 613 662 factam
623 631 775 672 magistro
791 631 813 662 J
815 630 911 662 oanni
927 630 1011 671 Tiry,
1027 629 1140 670 recipi-

94 682 161 713 enti
171 692 264 723 super
274 685 466 722 compotum,
476 692 497 712 v
508 686 531 713 s.
549 691 606 722 pro
618 681 735 722 quibus
752 680 962 721 respondebit.
1009 681 1141 711 Summa

95 742 241 773 expense,
257 741 322 762 xxv
338 735 361 763 S.
407 732 450 762 Et
469 731 514 762 sic
530 741 617 772 eque

141 818 333 859 Compotum
357 814 549 849 ballivorum
567 817 660 858 burgi
676 817 714 848 de
738 817 910 858 Strivelyn,
934 816 1142 858 [Edinburqh‚
1157 814 1326 855 Strivelyn.

96 868 139 899 19
154 868 265 898 March
279 868 470 908 1460,from
485 868 506 898 2
521 867 601 908 «Γαίῃ
616 867 724 904 146Ο,·
748 867 767 897 I
784 870 869 898 teo-m.

143 916 265 958 Charye.
312 917 438 953 Parmos,
454 917 491 958 by
499 917 702 957 feu-cltarter,
717 916 794 956 AR]
891 952 900 959 ,

141 966 192 997 De
221 974 285 1008 qua
301 975 434 1003 summa,
461 966 594 997 allocate
630 965 826 1006 compotanti
856 975 913 1006 per
948 965 1145 997 solucionem

99 1016 216 1048 factam
232 1016 340 1047 abbati
354 1019 386 1047 et
398 1016 570 1046 conventui
583 1015 622 1047 de
634 1015 930 1055 Cambuskynneth,
942 1015 1145 1056 percipienti-

100 1065 160 1096 bus
190 1065 357 1096 annuatim
382 1064 498 1105 viginti
528 1067 594 1095 tres
624 1075 745 1096 marcas
769 1064 807 1095 de
834 1064 937 1095 firmis
960 1065 1145 1106 burgalibus

101 1114 180 1146 dicti
194 1114 287 1155 burgi
303 1124 342 1145 ex
358 1113 524 1145 elimosina
539 1114 621 1155 regis
643 1114 783 1154 antiqua,
806 1117 843 1145 ut
865 1117 954 1155 patet
976 1114 1010 1145 in
1033 1114 1147 1145 rotulis

102 1164 245 1205 antiquis
271 1166 304 1195 et
326 1174 381 1204 per
403 1163 511 1194 literas
542 1163 620 1194 dicti
646 1164 770 1195 abbatis
793 1164 832 1195 de
855 1167 981 1205 recepto
1005 1167 1148 1196 ostensas

101 1223 198 1254 super
213 1215 394 1254 compotum
410 1212 449 1244 de
464 1212 601 1244 termino
617 1214 764 1254 compoti,
779 1213 823 1254 vij
841 1213 872 1244 Π.
887 1213 942 1254 xiij
959 1217 982 1245 ἔ.
999 1213 1046 1254 iiij
1065 1213 1094 1245 d.

147 1306 338 1347 Oompotum
361 1305 552 1337 ballivorum
582 1306 674 1347 burgi
703 1306 742 1337 de
773 1304 957 1347 Linlithqw‚
987 1306 1148 1338 redditum
1161 1300 1363 1345 Lynlytth.

101 1365 159 1397 per
182 1355 288 1386 David
311 1355 444 1393 Graunt,
461 1354 669 1396 [Edinburqla
685 1356 729 1386 ΞΟ
750 1353 862 1386 March
884 1355 978 1394 1460,
992 1356 1083 1397 from
1106 1357 1150 1387 26

102 1405 187 1436 June
204 1405 296 1442 1460.

148 1455 272 1495 Oharqe.
316 1453 446 1492 Formas,
476 1454 514 1495 by
536 1454 740 1494 fea-chartam
763 1454 927 1495 including]
949 1458 1019 1486 next
1050 1455 1151 1486 Whit*

0 1527 10 1539 ¹
103 1504 234 1545 sunday,
249 1503 326 1545 35]

147 1553 197 1585 De
226 1563 288 1594 qua
318 1563 451 1590 summa,
482 1550 616 1584 allocate
647 1553 845 1594 compotanti
875 1563 932 1594 per
955 1553 1150 1586 solucionem

105 1601 223 1646 saetam
237 1602 384 1643 priorisse
400 1606 432 1633 et
447 1602 621 1634 conventui
642 1602 828 1634 monialium
851 1603 891 1635 de
914 1600 1057 1641 Manuel,
1080 1614 1149 1645 per-

103 1651 296 1694 cipientibus
313 1652 480 1683 annuatim
496 1663 594 1683 unam
617 1662 757 1684 marcam
779 1653 819 1684 de
842 1653 941 1684 firmis
965 1653 1150 1695 burgalibus

105 1701 183 1733 dicti
219 1701 311 1743 burgi
348 1712 389 1733 ex
419 1702 585 1734 elimosina
622 1703 744 1734 domini
774 1703 855 1744 regis
893 1703 1035 1744 antiqua,
1065 1703 1151 1734 dicta

105 1751 253 1793 priorissa
264 1762 320 1793 per
335 1762 408 1783 suas
423 1752 531 1784 literas
547 1753 668 1784 fatente
684 1757 848 1794 receptum
861 1763 955 1793 super
967 1757 1152 1795 compotum

105 1799 144 1832 de
159 1802 293 1833 termino
310 1802 449 1843 compoti
472 1805 504 1833 et
520 1801 656 1833 termino
673 1802 900 1834 Penthecostes
917 1802 1035 1841 futuro,
1052 1803 1109 1844 xiij
1127 1807 1151 1834 ἔ.

103 1849 150 1891 iiij
176 1850 205 1882 d.
249 1851 292 1883 Et
320 1861 376 1892 per
390 1851 593 1883 ‘solucionem
617 1851 736 1883 factam
759 1852 883 1883 custodi
905 1852 1024 1893 privati
1047 1853 1153 1894 sigilli,
1313 1887 1318 1891 ,

105 1899 270 1941 recipienti
293 1911 387 1942 super
409 1904 602 1942 compotum,
617 1902 664 1942 iiij
682 1901 715 1934 fi.
732 1902 762 1942 vj
781 1906 804 1934 s.
820 1901 877 1942 viij
894 1901 933 1939 d„
956 1912 1012 1943 pro
1036 1902 1153 1944 quibus
1168 1886 1346 1946 ξξξὲζζῃὲξῗᾏξῑ

105 1950 315 1990 respondebit.
1167 1946 1246 1976 Sigffli·
