1551 2462
164 471 328 501 Respondebit

164 501 293 530 Kingorne.

222 601 266 625 Do.

381 255 420 284 64
684 255 847 287 ROTULI
872 256 1109 289 SCACCARII
1331 259 1423 289 1461.

379 348 520 380 Henrico
551 349 725 390 Kfflgorne,
756 349 929 381 senescallo
960 350 1088 382 domine
1118 351 1234 392 regine,
1265 351 1299 382 in
1330 349 1424 381 certis

378 400 488 431 martis
512 400 627 440 emptis
658 410 713 440 per
736 403 972 440 compotantem
1000 404 1031 431 et
1058 400 1169 432 locatis
1197 401 1231 431 in
1254 399 1425 431 lardinaria

378 451 418 482 de
448 450 555 487 Perth,
580 450 648 490 ipso
673 450 800 480 domino
824 450 964 481 Henrico
990 450 1113 481 fatente
1137 453 1300 491 receptum
1330 459 1425 490 super

378 504 569 541 compotum,
593 500 671 541 xviij
695 499 727 531 ri.
751 500 796 540 iiij
820 504 844 531 ἔ.
870 510 890 530 x
913 500 952 536 (L
978 510 1034 540 pro
1065 501 1182 541 quibus
1213 499 1423 541 respondebit.

379 552 420 582 Et
443 551 528 581 dicto
551 550 678 581 domino
709 549 859 586 Henrieo,
884 550 1000 580 fatenti
1029 554 1192 590 receptum
1215 560 1311 591 super
1340 560 1424 581 com-

377 604 497 642 potum,
528 600 563 630 xl
584 599 616 630 li.
647 599 703 639 xiij
729 603 751 629 s.
776 599 807 639 xj
826 598 864 635 (ἶ,
894 609 951 639 pro
974 599 1091 639 quibus
1114 600 1324 640 respondebit.
1381 602 1425 634 Et

376 661 432 692 pro
466 659 655 691 pergameno
692 648 789 679 rotuli
825 652 932 688 empto
969 658 1025 689 per
1063 652 1308 689 eompotantem,
1338 650 1360 692 ij
1399 656 1422 683 ἔ.

377 701 510 732 Summa
532 700 643 730 harum
667 708 887 739 expensarum,
900 698 1022 738 jclxxix
1037 697 1068 729 li.
1093 698 1150 739 xiij
1168 703 1191 730 S.
1208 709 1229 730 v
1245 699 1274 731 d.
1319 700 1362 731 Et
1377 701 1422 732 sio

375 750 619 791 superexposuit
636 749 736 779 xxxix
752 748 784 780 fi.
800 748 822 788 ij
840 752 862 780 s.
880 749 911 789 xj
930 748 960 779 d.
977 747 1024 779 ob.

420 801 513 838 Item,
528 798 613 831 idem
629 801 739 830 onerat
754 808 787 829 se
804 798 842 829 de
855 796 1019 838 j⁰lxxxxix
1034 798 1066 830 11¹.
1080 799 1111 839 vj
1128 802 1151 830 s.
1166 799 1221 840 viij
1238 799 1267 831 d.
1284 800 1323 832 de
1338 811 1422 842 gres-

375 850 474 881 sumis
505 852 664 881 certarum
693 850 849 879 terrarum
887 848 926 879 de
964 847 1172 889 Strogartnay
1203 853 1235 880 et
1273 850 1423 882 Menteth

375 899 592 931 assedatarum
607 908 664 939 per
679 897 842 928 custodem
858 897 976 938 privati
999 896 1105 938 sigilli,
1121 901 1158 929 ut
1179 902 1269 940 patet
1284 901 1422 940 particu-

373 949 483 980 lariter
495 949 528 979 in
541 947 665 984 rentali,
677 947 760 977 infra
773 950 899 987 tempus
915 947 1062 987 compoti.
1101 947 1143 978 Et
1155 946 1194 979 de
1206 947 1308 979 lxxxv
1319 949 1420 991 lixvij

373 1003 396 1030 ἔ.
414 999 452 1029 de
468 997 639 1040 gressumis
656 999 812 1027 certarum
826 999 982 1026 terrarum
994 995 1032 1027 de
1046 995 1322 1037 Strivelingschire
1339 1009 1421 1030 asse-

373 1049 520 1080 datarum
535 1051 573 1077 ut
588 1054 691 1087 supra,
703 1056 760 1086 per
775 1045 860 1076 idem
876 1048 1011 1086 tempus.
1056 1046 1099 1076 Et
1115 1046 1153 1077 de
1169 1046 1248 1077 lxxx
1263 1047 1295 1078 li.
1312 1049 1378 1089 xvij
1397 1053 1420 1081 s.

372 1099 406 1139 iij
425 1098 453 1129 d.
467 1098 506 1128 de
523 1096 621 1128 firmis
637 1100 793 1127 terrarum
809 1094 937 1125 domine
960 1094 1067 1135 regine
1087 1095 1122 1126 in
1143 1095 1421 1137 Strivelingschire

372 1149 492 1189 absque
521 1147 628 1189 granis
650 1145 689 1176 de
711 1144 848 1176 termino
871 1144 1098 1176 Pentheeostes
1124 1145 1248 1183 ultimo,
1273 1147 1421 1179 videlicet

372 1199 449 1230 anni
479 1195 668 1238 sexagesimi
697 1194 837 1226 secundi.
882 1194 925 1225 Et
955 1194 994 1225 de
1020 1194 1150 1235 jcxxxiij
1182 1195 1213 1227 li.
1237 1206 1281 1226 xx
1312 1196 1341 1229 d.
1365 1207 1421 1238 per

372 1249 511 1289 integras
534 1247 640 1277 firmas
663 1248 819 1276 terrarum
850 1243 978 1275 domine
1008 1244 1115 1285 regine
1146 1245 1185 1276 de
1215 1246 1365 1278 Menteth
1388 1251 1421 1279 et

372 1298 578 1338 Strogartnay
594 1296 632 1327 de
648 1295 733 1325 dicto
756 1294 892 1325 termino
916 1293 1149 1326 Penthecostes.
1195 1295 1237 1326 Et
1253 1296 1291 1327 de
1313 1296 1372 1328 lxx
1385 1293 1420 1329 fi.

370 1347 426 1388 viij
443 1351 467 1378 s.
484 1357 505 1377 x
523 1346 551 1376 d.
569 1345 608 1376 de
625 1344 723 1374 firmis
738 1346 893 1374 terrarum
916 1341 1044 1374 domine
1066 1343 1173 1384 mgine
1190 1344 1228 1375 de
1244 1344 1419 1387 Linlithqw

371 1396 410 1427 de
441 1396 526 1426 dicto
556 1394 694 1425 termino
724 1393 843 1432 absque
866 1392 980 1433 granis
1026 1392 1158 1423 Summa
1181 1393 1277 1434 hujus
1308 1396 1420 1433 oneris,

369 1446 474 1477 v⁰lxix
489 1445 520 1476 n.
539 1445 569 1484 xj
586 1448 610 1475 ἓ.
626 1453 647 1474 v
662 1443 691 1473 d.

413 1493 659 1526 Memorandum
675 1491 760 1532 quod
784 1494 970 1531 compotens
993 1501 1058 1522 non
1081 1495 1190 1523 onerat
1213 1503 1247 1524 se
1263 1493 1301 1525 de
1317 1494 1419 1526 firmis

369 1545 540 1576 comitatus
564 1543 602 1574 de
626 1541 819 1578 Stratherne,
836 1551 938 1581 neque
962 1540 1000 1572 de
1024 1542 1116 1572 terris
1139 1542 1178 1572 de
1200 1541 1358 1575 Methven
1379 1545 1418 1576 de

367 1595 454 1626 dicto
470 1593 615 1628 termino,
632 1601 669 1622 ex
687 1600 723 1622 eo
739 1590 825 1631 quod
847 1590 868 1621 J
872 1590 1012 1622 ohannes
1028 1591 1067 1622 de
1082 1591 1228 1623 Moravia
1245 1593 1419 1625 intromisit

368 1654 402 1675 se
418 1653 490 1675 cum
507 1642 626 1673 eisdem
642 1640 681 1671 de
697 1639 847 1671 mandato
871 1639 998 1671 domine
1014 1640 1128 1681 regine,
1145 1643 1182 1672 ut
1204 1642 1317 1673 asserit
1333 1653 1417 1673 com-

368 1697 491 1735 putans,
507 1700 610 1732 neque
634 1690 672 1721 de
695 1690 794 1720 firmis
818 1693 974 1720 terrarum
998 1689 1125 1721 domine
1146 1691 1253 1732 regine
1269 1691 1308 1722 de
1323 1692 1417 1733 Kyn—

367 1744 473 1775 clevin
496 1742 535 1773 de
558 1740 669 1772 eodem
692 1739 837 1776 termino,
861 1749 900 1770 ex
919 1749 956 1770 eo
972 1739 1057 1779 quod
1073 1739 1209 1771 Thomas
1226 1741 1417 1782 Wardroper

367 1803 401 1825 se
416 1790 605 1823 intromittit
617 1799 689 1820 cum
702 1788 830 1824 eisdem,
842 1790 875 1818 et
890 1797 946 1828 pro
962 1788 1078 1828 quibus
1091 1789 1302 1829 respondebit,
1313 1800 1416 1831 neque

368 1843 406 1874 de
422 1840 593 1882 gressumis
608 1842 764 1870 terrarum
781 1837 907 1868 domine
930 1837 1038 1878 regine
1058 1837 1142 1869 infra
1157 1838 1416 1870 vicecomitatum

366 1892 406 1923 de
430 1890 614 1930 Linlithqw,
636 1887 713 1929 quia
734 1887 899 1918 Johannes
921 1886 961 1917 de
985 1887 1142 1928 Kynoade
1172 1889 1290 1929 recepit
1314 1889 1416 1920 dictas

366 1949 545 1983 gressumas
559 1943 593 1971 et
607 1937 810 1979 respondebit
825 1946 881 1977 pro
897 1936 1023 1967 eisdem.

410 1991 558 2031 Expense
581 1988 731 2029 ejusdem.
776 1987 817 2017 In
839 1985 961 2026 primis,
984 1986 1117 2018 allocate
1141 1988 1336 2028 compotauti
1359 1998 1416 2029 per

367 2041 561 2072 solucionem
599 2038 716 2069 factam
754 2035 918 2076 capellano
956 2035 1128 2066 celebranti
1167 2037 1198 2067 in
1235 2040 1337 2068 castro
1374 2037 1414 2069 de

368 2089 549 2130 Striveling‚
565 2085 752 2128 percipienti
768 2084 934 2116 annuatim
949 2085 1060 2116 decem
1084 2095 1206 2117 mareas
1229 2087 1328 2118 annui
1344 2087 1413 2118 red-

367 2140 454 2170 ditus
469 2139 508 2170 de
525 2136 679 2178 Cragorth
695 2145 751 2176 pro
767 2134 858 2166 feodo
874 2144 940 2170 su0,
951 2134 989 2165 de
1003 2135 1138 2166 termino
1154 2136 1292 2177 compoti
1306 2141 1338 2168 et
1353 2137 1413 2168 sub

367 2188 508 2230 periculo
524 2185 744 2227 compotantis,
756 2184 789 2225 iij
807 2184 840 2216 Π.
853 2184 883 2224 vj
899 2188 923 2215 ἓ.
935 2183 990 2225 viij
1008 2183 1036 2215 d.
1075 2184 1118 2215 Et
1133 2185 1245 2222 eidem,
1256 2195 1313 2226 per
1327 2185 1413 2217 solu-
