1551 2462
129 870 276 894 Consulendi

126 902 184 923 suut
194 901 286 923 domini

127 930 157 953 de
168 930 275 954 consilio.

344 283 406 312 408
655 281 821 313 ROTULI
845 281 1081 314 SCACCARII
1302 284 1396 315 1466.

343 373 463 405 mellok
480 374 518 405 de
534 374 659 405 duobus
674 374 820 406 terminis
836 375 934 416 hujus
952 375 1102 416 computi.
1149 375 1192 406 Et
1207 375 1253 407 sic
1272 386 1397 407 summa

343 425 452 455 totalis
468 425 665 456 oneracionis
681 435 754 456 011111
771 418 944 466 arreragiis,
960 424 1063 466 ij⁰xxv
1078 425 1111 456 iti.
1129 425 1160 465 xj
1178 430 1200 456 ἔ.
1218 425 1262 466 vij
1280 424 1308 456 d.

387 474 429 505 Et
450 484 515 505 non
538 478 648 505 onerat
671 484 704 506 se
727 474 766 505 de
789 475 890 506 firmis
913 479 1070 505 terrarum
1093 475 1336 506 dominicalium
1358 474 1397 506 de

344 523 511 562 Methven‚
541 535 604 565 que
638 535 671 555 se
703 525 884 556 extendunt
915 525 1083 556 annuatim
1114 524 1156 556 ad
1187 524 1399 565 quadraginta

343 584 475 605 mareas.
520 574 553 605 Ν
555 584 590 605 00
606 573 644 605 de
661 574 761 605 firmis
778 573 973 615 eotagiorum
990 574 1143 614 ejusdem,
1159 584 1222 615 que
1238 584 1271 604 se
1287 577 1398 604 exten-

344 625 427 656 dunt
438 626 608 656 annuatim
618 625 658 657 ad
671 625 787 667 viginti
804 626 882 657 duas
899 626 997 657 libras
1009 628 1147 667 quatuor
1157 625 1274 657 solidos
1285 629 1317 656 et
1327 628 1398 656 octo

343 674 498 712 denarios,
515 675 591 715 quia
616 675 805 706 assedantur
827 675 868 706 ad
894 675 1018 706 firmam
1042 685 1222 716 granorum,
1247 674 1398 706 videlicet

343 735 400 765 pro
417 725 534 765 viginti
549 728 620 756 ooto
636 725 750 756 oeldrIS
767 735 941 756 avenarum
957 729 989 756 et
1005 729 1144 766 quatuor
1163 725 1278 756 celdris
1302 724 1396 756 ordei.

343 774 412 805 Neo
429 774 468 805 de
484 774 583 805 firmis
599 777 758 805 terrarum
774 774 812 805 de
828 775 996 816 Ardkelly,
1013 785 1092 816 quas
1105 778 1240 816 occupat
1252 774 1398 806 Andreas

343 824 469 862 Rollok,
492 827 525 855 et
555 824 668 855 asserit
697 834 754 865 per
776 829 897 856 cartam
927 825 1017 866 regis,
1041 828 1073 856 et
1097 825 1206 856 valent
1229 824 1399 855 aunuatim

343 874 493 918 undecim
516 874 622 912 libras,
643 884 739 915 super
761 875 878 915 quibus
902 874 1092 906 consulendi
1113 877 1190 905 sunt
1213 874 1335 905 (101111111
1358 874 1398 905 (10

343 923 483 955 consilio.

385 974 534 1014 Expense
558 973 710 1014 ejusdem.
755 973 796 1004 In
822 973 943 1015 primis,
969 973 1104 1005 alloeate
1127 973 1327 1015 eomputanti
1342 983 1399 1014 per

342 1023 538 1055 solucionem
577 1023 696 1055 factam
732 1023 854 1055 Jacobo
893 1024 1037 1060 Stewart,
1071 1023 1177 1061 militi,
1217 1033 1272 1064 pro
1305 1023 1398 1054 feodo

341 1083 408 1110 suo,
424 1073 559 1104 durante
583 1073 750 1104 voluntate
765 1073 847 1114 regis
863 1072 1054 1114 percipienti
1076 1072 1244 1103 annuatim
1261 1072 1397 1113 quadra·
1451 1110 1454 1112 ¹

341 1122 430 1163 ginta
452 1122 549 1153 libras
573 1122 611 1153 de
636 1122 735 1153 firmis
761 1122 840 1154 dicti
868 1122 1011 1160 dominii,
1033 1125 1071 1152 ut
1093 1125 1182 1162 patet
1205 1132 1262 1163 per
1288 1121 1398 1156 literas

343 1172 466 1203 domini
482 1173 564 1212 regis
588 1172 648 1203 sub
670 1172 797 1212 privato
814 1172 892 1203 alias
916 1175 1059 1203 ostensas
1082 1182 1179 1212 super
1202 1175 1398 1212 computum,

340 1221 381 1253 de
397 1231 480 1252 anno
503 1221 648 1262 computi
670 1225 703 1252 et
726 1222 786 1252 sub
809 1221 951 1263 periculo
973 1221 1198 1262 computantis,
1222 1221 1257 1251 xl
1278 1221 1310 1252 fi.
1356 1221 1399 1251 Et

341 1271 453 1308 eidem,
469 1271 508 1302 de
524 1271 625 1302 firmis
641 1275 797 1302 terrarum
813 1271 852 1303 de
869 1271 962 1303 Ester
977 1275 1010 1302 et
1025 1272 1153 1303 Wester
1169 1271 1308 1312 Busbyis
1324 1281 1398 1302 con-

340 1321 437 1352 cessis
453 1321 628 1352 Laurencio
651 1321 795 1352 Dridane
819 1321 854 1352 111
877 1321 969 1353 feodo
993 1332 1059 1359 suo,
1076 1322 1115 1353 de
1137 1321 1251 1358 eodem
1265 1331 1349 1352 anno
1366 1324 1398 1352 et

340 1371 401 1402 sub
417 1371 527 1402 eodem
543 1370 696 1412 periculo,
707 1381 729 1400 v
743 1370 775 1402 n.
791 1371 824 1412 ,vj
842 1375 865 1402 ἔ.
884 1371 939 1412 viij
956 1371 985 1402 d.
1031 1371 1164 1402 Summa
1177 1381 1398 1412 expensarum,

341 1420 398 1451 xlv
412 1420 444 1451 fi.
462 1421 493 1461 vj
511 1425 535 1454 s,
550 1421 607 1461 viij
625 1420 653 1451 d.
700 1421 744 1451 Et
759 1421 804 1452 sio
820 1424 942 1452 restant
954 1420 1062 1462 j⁰lxxx
1077 1420 1109 1452 li
1126 1421 1173 1462 iiij
1190 1425 1212 1452 Ξ.
1230 1421 1262 1462 xj
1280 1421 1308 1452 d.

127 1526 328 1557 camerarius
385 1519 582 1560 Computum
600 1519 708 1550 David
732 1519 960 1560 Scrimgeoure,
976 1519 1140 1550 camerarii
1157 1519 1282 1550 domini
1297 1519 1398 1550 nostri

126 1569 213 1600 ultra

126 1613 253 1653 Tayam.

342 1569 425 1609 regis
449 1573 608 1599 terrarum
633 1568 778 1609 ejusdem
801 1569 1079 1608 infrascriptarum
1102 1578 1141 1598 ex
1164 1572 1255 1609 parte
1279 1568 1398 1599 boreali

343 1628 424 1659 aque
440 1618 479 1649 de
494 1618 581 1658 Taya
597 1621 664 1648 tam
682 1617 720 1648 de
737 1617 881 1658 pecuniis
898 1628 995 1658 quam
1011 1617 1051 1648 de
1069 1617 1166 1648 firmis
1182 1627 1352 1658 granorum
1365 1621 1398 1648 et

342 1667 478 1698 aliorum
502 1667 698 1704 reddituum,
724 1667 936 1707 [Linlithymv,
962 1667 984 1697 8
1013 1667 1094 1708 July
1116 1667 1212 1705 1466,
1234 1667 1323 1707 from
1353 1668 1398 1698 920

341 1718 468 1757 Auyust
482 1717 577 1754 1465.

389 1766 513 1807 Chao-qe.
557 1765 707 1803 Arrears,
722 1766 821 1797 ,8336
835 1766 877 1796 Is.
893 1766 959 1806 5cl.]

386 1816 487 1853 Idem,
500 1816 585 1847 idem
601 1819 713 1846 onerat
735 1825 767 1846 se
784 1815 822 1846 de
836 1814 933 1856 j⁰lxix
948 1815 979 1846 fi.
997 1815 1042 1856 iiij
1061 1819 1083 1846 ἔ.
1100 1815 1123 1856 ij
1140 1814 1168 1846 d.
1186 1825 1243 1856 per
1257 1815 1397 1856 integras

342 1865 449 1896 firmas
466 1865 600 1896 dominii
617 1865 656 1896 de
679 1865 817 1896 Breehin
839 1868 873 1896 et
895 1865 1022 1896 Nevare
1045 1868 1151 1906 preter
1173 1866 1281 1896 firmas
1305 1864 1343 1895 de
1366 1864 1397 1896 le

342 1915 450 1946 Halch
468 1915 504 1946 de
521 1915 660 1946 Breohin
677 1925 739 1955 que
757 1915 922 1946 assedatur
937 1915 972 1945 in
987 1914 1142 1952 steilbow,
1159 1918 1196 1945 ut
1208 1914 1332 1955 patebit
1347 1914 1396 1945 in-

342 1965 440 1996 ferius
455 1965 490 1995 in
513 1964 655 2005 presenti
677 1968 834 2005 computo.
881 1964 923 1995 Et
946 1964 985 1995 de
1005 1963 1054 2004 j⁰x
1076 1964 1108 1994 11.
1133 1963 1164 2004 vj
1190 1968 1212 1994 s.
1237 1963 1293 2004 viij
1311 1963 1339 1995 d.
1357 1963 1396 1995 de

341 2014 473 2055 integris
490 2014 589 2045 firmis
606 2014 740 2045 dominii
756 2014 795 2045 de
812 2013 980 2045 Strathdee
995 2013 1029 2044 in
1047 2013 1200 2044 comitatu
1216 2012 1255 2044 de
1271 2012 1345 2044 Mar
1356 2012 1396 2044 de

341 2064 435 2095 dietis
450 2064 595 2094 terminis
607 2063 704 2104 hujus
717 2063 869 2104 computi.
912 2063 956 2094 Et
967 2063 1006 2094 de
1015 2061 1133 2103 j⁶lxviij
1145 2062 1176 2093 n.
1189 2072 1246 2103 per
1255 2062 1404 2103 integras·

342 2114 449 2144 firmas
473 2112 608 2144 dominii
631 2113 669 2144 de
694 2113 887 2143 Strathdone
911 2112 990 2143 dieti
1018 2113 1189 2143 comitatus
1212 2112 1251 2142 de
1274 2111 1395 2143 eisdem

341 2163 495 2194 terminis.
541 2163 585 2193 Et
600 2162 639 2193 de
654 2162 780 2202 lxxxxij
798 2162 829 2192 n.
847 2162 901 2202 xvj
915 2165 937 2192 ἓ.
949 2161 1005 2202 viij
1023 2161 1051 2192 d.
1065 2171 1121 2202 per
1136 2161 1276 2202 integras
1287 2160 1394 2191 firmas

341 2215 476 2247 dominii
491 2214 531 2246 de
547 2214 698 2246 Croomar
709 2213 748 2245 de
765 2214 859 2245 dictis
875 2213 1016 2245 dominio
1027 2216 1058 2244 et
1074 2223 1165 2244 anno.
1211 2213 1254 2244 Et
1270 2212 1308 2244 de
1321 2212 1354 2253 iij
1368 2216 1391 2243 ἒ.
