1551 2462
59 239 149 270 1468.
364 235 525 268 REGUM
548 235 795 267 SOOTORUM.
1040 238 1100 267 539

54 328 57 330 ’
98 329 190 366 Item,
214 328 299 359 idem
322 332 431 360 onerat
461 339 495 360 se
526 328 564 359 de
591 327 744 369 j⁰lxxxvij
771 328 802 359 H.
832 328 863 368 vj
893 332 915 359 ἓ.
943 339 963 359 v
990 328 1020 359 d.
1048 339 1105 369 per

55 378 190 419 integras
216 378 321 409 firmas
345 378 489 409 oninium
519 381 674 409 terrarum
698 378 899 419 proprietatis
931 379 1101 409 comitatus

35 442 38 443 ⁷
57 428 199 460 Moravie
213 427 297 458 infra
313 427 571 459 vicecomitatum
588 427 626 458 de
643 427 738 468 Elgin
754 427 793 458 de
811 427 935 458 duobus
959 428 1104 459 terminis

57 476 151 517 hujus
167 477 315 518 computi.
361 477 403 507 Et
420 477 457 508 de
477 475 570 517 jcxvij
588 476 620 507 fi.
645 477 701 517 xiij
720 481 742 507 Ξ.
767 477 813 517 iiij
832 477 860 507 d.
885 487 941 517 per
965 477 1104 518 integras

0 526 3 530 '
57 526 162 558 firmas
188 526 266 557 dicti
288 526 459 557 comitatus
487 526 571 556 infra
593 526 852 557 vicecomitatum
876 527 915 557 de
941 527 1038 557 Fores
1064 527 1104 558 de

58 575 174 607 eisdem
190 575 342 606 terminis.
388 576 430 606 Et
446 575 485 606 de
505 575 539 605 xl
555 575 586 606 li.
612 575 650 606 de
675 576 775 607 firmis
798 579 955 607 terrarum
971 576 1105 607 dominii

57 627 96 659 de
112 626 296 668 Abernethy
312 627 350 658 de
367 627 460 658 dictis
476 627 630 658 terminis.
676 628 718 658 Et
731 627 769 658 de
782 628 839 658 xlv
848 627 879 658 fi.
893 638 949 668 per
964 628 1104 669 integras

57 677 160 708 firmas
176 676 317 717 thanagii
333 676 371 707 de
387 677 514 712 Kintor‚
525 677 610 717 quod
627 680 675 708 est
691 677 730 708 de
744 677 937 718 proprietate
951 678 1104 715 Moravie,

22 760 26 766 Δ
57 724 96 757 (16
110 725 227 756 eisdem
243 725 395 756 terminis.
441 726 483 756 Et
500 725 538 756 de
555 726 644 766 xxvij
657 726 688 756 li.
703 736 723 756 v
735 730 757 757 ἕ.
769 737 825 766 per
840 727 980 768 integras
997 727 1104 758 firmas

57 775 180 806 baronie
195 774 234 806 de
249 774 373 805 Liffaris
389 774 428 805 de
444 775 579 805 termino
597 775 823 807 penthecostes
839 779 914 807 ante
935 776 995 807 hoc
1019 787 1103 807 cotn-

55 827 174 866 putum.
219 824 261 855 Et
287 824 325 855 de
353 825 440 865 xxvij
458 824 489 855 H.
517 835 539 855 v
560 829 582 856 ἔ.
607 825 645 856 (16
669 825 769 856 firmis
797 826 882 857 dicte
909 826 1039 857 baronie
1063 827 1101 857 de

55 874 187 906 termino
203 874 311 905 Sancti
326 873 461 905 Martini
477 874 559 905 infra
575 874 635 905 hoc
656 879 852 915 computum,
869 879 900 906 et
923 876 1024 906 nichil
1050 876 1102 907 hic

56 923 94 956 de
108 923 242 955 termino
258 923 484 954 Penthecostes
501 923 597 964 hujus
614 925 766 965 computi,
781 925 857 965 quia
874 925 1022 956 dominus
1045 936 1103 956 rex

24 1007 26 1009 ,
55 973 218 1005 constituit
233 973 421 1014 magistrum
441 973 665 1004 Alexandrum
689 974 814 1005 Guthre
838 975 1047 1006 camerarium
1070 979 1103 1006 et

11 1057 14 1059 ,
55 1027 242 1064 receptorem
259 1023 408 1064 ejusdem.
454 1023 497 1053 Et
513 1023 550 1054 de
568 1034 634 1054 xxx
650 1023 681 1054 fi.
699 1023 738 1054 de
761 1024 861 1055 firmis
885 1025 923 1055 de
948 1025 1102 1056 Bonnoch

47 1074 88 1104 et
102 1072 271 1113 Banqubre
298 1072 336 1103 de
363 1072 483 1103 eisdem
510 1073 656 1103 terminis
680 1073 908 1105 Penthecostes
934 1077 966 1105 et
994 1075 1104 1105 Sancti

16 1148 17 1153 ,
56 1120 195 1159 Martini,
211 1125 242 1153 et
257 1121 358 1154 nichil
373 1122 425 1152 hic
441 1122 480 1153 de
496 1123 634 1153 termino
652 1123 889 1161 Penthecostes,
906 1125 981 1165 quia
998 1125 1103 1156 dictus

55 1171 200 1212 magister
214 1171 399 1203 Alexander
421 1172 532 1203 reddet
555 1176 744 1212 computum
768 1173 806 1204 de
830 1174 958 1205 eisdem.
1005 1175 1047 1205 Et
1063 1175 1103 1206 de

15 1226 18 1231 '
56 1219 134 1253 lxxx
148 1220 179 1253 fi.
196 1221 227 1262 vj
244 1225 266 1252 Ξ).
284 1221 339 1262 vijj
357 1221 385 1252 d.
410 1221 449 1252 de
473 1222 574 1252 firmis
596 1222 725 1252 baronie
743 1222 780 1253 de
805 1223 885 1264 Pety
907 1227 939 1254 et
962 1224 1103 1265 Brachly

7 1288 22 1318 κ’,
57 1269 95 1302 de
120 1269 237 1301 eisdem
261 1271 408 1302 terminis
436 1271 663 1302 Penthecostes
691 1275 723 1302 et
754 1272 864 1303 Sancti
894 1273 1039 1311 Martini,
1070 1278 1103 1305 et

6 1323 18 1353 ’,
57 1318 200 1351 similiter
213 1320 298 1351 idem
314 1321 464 1361 magister
480 1320 665 1352 Alexander
681 1321 886 1362 respondebit
898 1332 954 1363 pro
964 1323 1101 1354 termino

18 1384 29 1413 ’,-
57 1368 285 1401 Penthecostes.
331 1371 373 1401 Et
389 1371 428 1401 de
443 1371 490 1411 liij
508 1370 539 1400 li.
558 1371 588 1411 vj
607 1374 630 1401 ἔ.
647 1371 703 1411 viij
722 1371 751 1402 d.
767 1382 824 1412 per
839 1371 978 1413 integras
994 1373 1101 1404 firmas

56 1417 185 1450 dominii
201 1419 238 1450 de
255 1419 439 1450 Stratherne
456 1419 494 1450 de
510 1419 604 1451 dictis
621 1420 774 1457 terminis,
787 1424 819 1451 et
832 1421 936 1452 dictus
950 1422 1102 1462 magister

19 1490 22 1511 1
56 1467 235 1500 Alexander
249 1469 453 1510 respondebit
476 1480 532 1510 pro
555 1470 692 1501 termino
716 1471 951 1503 Penthecostes.
995 1472 1039 1503 Et
1061 1473 1101 1503 de

21 1545 39 1549 ,.
54 1515 169 1558 j‘lxxix
183 1518 215 1550 ti.
230 1519 266 1549 ix
281 1523 303 1551 ἔ.
323 1530 380 1560 per
404 1520 542 1560 integras
568 1520 674 1550 firmas
698 1520 902 1551 baroniarum
926 1521 964 1552 de
987 1521 1102 1552 Avach

59 1569 90 1598 et
105 1567 274 1599 Eddirdule
292 1579 354 1609 que
370 1568 522 1599 dicuntur
541 1568 746 1600 Ardmanach
770 1569 809 1600 de
832 1569 927 1601 dictis
948 1571 1103 1609 terminis,

55 1618 88 1648 et
111 1616 210 1647 nichil
234 1617 287 1649 hic
313 1618 351 1648 de
378 1618 516 1649 termino
545 1618 772 1649 Penthecostes
795 1629 835 1649 ex
865 1629 961 1650 causa
993 1630 1102 1661 supra-

55 1665 176 1707 scripta.
222 1666 353 1697 Summa
391 1667 500 1698 totalis
542 1668 739 1699 oueracionis
784 1671 891 1709 preter
935 1671 1101 1711 arreragia,

56 1712 232 1757 vij⁰lxxxvij
249 1716 280 1747 fi.
305 1717 348 1757 xij
367 1721 388 1748 Ξ.
410 1718 422 1758 j
443 1717 471 1748 d.
519 1718 650 1748 Summa
673 1718 781 1749 totalis
805 1719 1002 1750 oneracionis
1026 1730 1100 1751 cum

14 1767 22 1785 -“
57 1765 224 1806 arreragiis,
243 1764 422 1807 vij⁰lxxxvij
440 1766 471 1797 Π.
488 1777 509 1797 ν
526 1772 547 1798 e.
566 1778 586 1798 v
603 1767 633 1798 d.

97 1813 241 1855 Expense
266 1816 415 1856 ejusdem.
463 1817 502 1847 In
528 1817 647 1857 primis,
672 1817 806 1848 allocate
832 1818 1033 1858 computanti
1063 1819 1102 1850 de

27 1873 38 1905 V·
56 1861 151 1894 firmis
175 1867 330 1895 terrarum
356 1866 485 1897 baronie
517 1866 555 1897 de
586 1866 839 1903 Kilmalenmok,
867 1867 1042 1909 Petgovny,
1070 1872 1102 1899 et

55 1911 269 1955 Drumkynty,
291 1925 512 1946 concessarum
543 1926 599 1956 per
630 1916 792 1946 dominun]
823 1927 928 1957 regem
959 1917 1102 1948 Johanni

27 1967 30 1970 ’
56 1960 194 2000 Dunbar,
223 1964 328 2003 militi,
358 1965 549 1997 hereditarie
580 1976 636 2006 per
667 1970 786 1997 cartam
825 1966 904 1997 alias
941 1969 1102 1998 ostensam

8 2044 14 2046 ⁷
56 2019 148 2052 super
169 2017 362 2054 computum,
378 2014 417 2045 de
441 2025 525 2046 anno
548 2015 698 2055 computi,
716 2025 758 2045 xx
773 2014 805 2045 H.
822 2015 853 2055 vj
872 2019 894 2046 ἔ.
912 2015 967 2055 viij
985 2015 1014 2047 d.
1060 2016 1102 2047 Et

57 2059 164 2098 eidem,
178 2066 305 2103 propter
327 2064 510 2095 vastitatem
538 2068 695 2095 terrarum
717 2064 756 2095 de
778 2064 937 2095 Oaldcotis
959 2065 1100 2096 destruc-

23 2115 25 2118 ⁴
56 2110 157 2141 tarum
173 2121 228 2151 per
243 2122 349 2153 aquas,
361 2123 434 2144 cum
447 2114 565 2154 quibus
581 2117 771 2154 computans
785 2114 929 2154 superius
943 2118 1101 2152 oneratur,

55 2162 146 2198 prout
181 2161 337 2201 reperitur
374 2162 407 2193 in
445 2163 569 2201 rentali,
602 2163 640 2195 de
678 2173 762 2194 anno
799 2164 949 2204 computi,
980 2163 1026 2204 iiij
1059 2164 1100 2201 li„
