1551 2462
139 285 240 315 -1461,
461 283 622 316 REGUM
647 283 892 316 SCOTORUM.
1159 288 1197 316 85

146 374 301 411 equorum
313 370 467 412 principis
483 371 601 413 Anglie
613 371 646 402 in
657 370 822 402 Faucland
831 370 947 412 viginti
963 370 1065 402 tribus
1077 371 1199 410 diebus,

146 419 185 451 de
208 421 358 452 mandato
382 421 509 452 domine
530 421 647 462 regine,
660 422 672 462 j
698 421 803 452 celdra
816 421 828 462 j
854 420 939 452 bolla
951 421 964 461 j
989 420 1109 452 ferlota.
1155 422 1198 453 Et

146 469 220 501 date
243 470 395 511 vigilibus
421 470 461 502 de
488 471 669 512 Striveling,
696 471 848 508 ortolano,
877 473 910 501 et
939 470 1133 511 pauperibus
1163 471 1198 502 in

145 519 297 561 hospitali
319 521 438 552 montis
461 522 565 559 castri,
581 522 620 553 de
643 522 755 553 eodem
777 521 928 552 mandato
953 524 984 552 et
1011 521 1070 552 sub
1086 521 1198 552 eodem

145 570 294 610 periculo,
323 571 357 611 iij
390 571 494 602 celdre
526 571 571 612 xij
600 571 692 602 bolle.
752 572 796 602 Et
826 571 937 608 eidem,
967 581 1023 612 pro
1054 572 1198 602 custodia

144 620 282 661 granalis
307 620 346 652 de
370 621 397 652 F
399 621 535 652 aucland
563 625 595 652 et
620 621 734 659 avarie,
760 621 910 653 videlicet
945 621 979 652 in
1007 632 1090 652 anno
1118 621 1197 652 duas

144 720 243 751 firmis
265 724 346 752 terre
362 721 401 752 de
418 721 571 763 Collessy,
587 721 621 752 in
637 721 785 752 manibus
809 721 924 762 Lyoun
938 721 1020 762 regis
1037 731 1197 752 armorum

145 769 185 801 de
200 770 293 802 dictis
310 770 432 803 duobus
450 772 552 808 annis,
564 772 577 812 j
603 771 708 802 celdra
724 771 780 812 viij
805 771 897 802 bolle.
943 771 1077 802 Summa
1099 771 1196 812 hujus

145 830 291 861 expense,
307 820 411 862 lxxiiij
429 821 533 853 celdre
557 821 604 862 iiij
634 821 718 852 bolle
734 821 768 862 iij
787 821 900 852 ferlote
913 821 925 862 j
943 831 1046 861 pecca.
1092 821 1135 851 Et
1151 821 1196 852 sio

144 874 266 901 restant
281 871 303 911 ij
321 871 425 902 celdre
440 881 485 902 xv
500 871 585 903 bolle
600 871 635 912 iij
652 871 766 903 ferlote
778 882 852 902 cum
863 871 961 902 tercia
976 873 1066 912 parte
1082 871 1195 902 ferlote

145 929 327 952 avenarum.

177 980 247 1005 Nota
264 981 332 1014 quod
350 981 482 1014 sexaginta
498 981 562 1006 libre
580 983 704 1006 restantes
722 989 796 1013 super
812 981 934 1013 magistro
951 981 1045 1005 Jacobo
1058 981 1192 1013 Lindesay,

144 1020 249 1044 custode
261 1020 355 1052 privati
372 1020 458 1052 sigilli,
473 1021 501 1044 in
519 1022 636 1052 compoto
648 1019 782 1044 Michaelis
799 1019 829 1043 (10
848 1019 973 1048 Balfoure,
986 1019 1118 1043 allocande
1131 1022 1194 1043 sunt

144 1058 213 1082 dicto
230 1059 351 1091 magist-ro
362 1059 463 1088 Jacobo,
479 1067 510 1083 cx
527 1066 555 1083 eo
572 1058 640 1090 quod
657 1058 734 1082 solvit
752 1066 793 1082 eas
811 1058 914 1082 domino
928 1058 1040 1083 Henrico
1052 1058 1193 1090 Kingorne,

143 1097 279 1122 senescallo
291 1098 383 1130 regine,
398 1100 428 1122 ut
439 1099 511 1130 patet
522 1097 550 1122 in
562 1099 679 1129 compoto
691 1105 742 1122 suo.

189 1173 382 1214 Oompotum
398 1174 542 1215 magistri
557 1173 677 1204 Thome
693 1173 732 1205 de
749 1172 947 1214 Carmychel,
967 1173 1133 1204 camerarii
1156 1174 1195 1205 de
1210 1174 1308 1208 Marr.

145 1223 242 1261 Marr,
257 1223 420 1254 redditum
436 1223 521 1264 apud
537 1223 726 1264 Edinburgh
741 1234 826 1254 nono
842 1223 893 1254 die
912 1223 1031 1254 mensis
1053 1223 1196 1264 Augusti

144 1283 229 1303 anno
245 1273 376 1304 Domini
393 1273 445 1304 Μο
461 1277 577 1304 ccccmo
600 1273 795 1314 sexagesimo
812 1272 959 1309 secundo,
983 1272 1022 1303 de
1046 1273 1195 1304 omnibus

143 1323 279 1364 receptis
296 1323 362 1354 suis
379 1326 411 1354 et
427 1323 575 1364 expensis
592 1333 610 1354 a
626 1323 842 1354 decimosexto
865 1323 916 1353 die
940 1322 1058 1353 mensis
1080 1322 1195 1354 Marcii

142 1372 220 1403 anni
235 1375 303 1411 etc„
320 1373 509 1413 sexagesimi
524 1383 625 1414 usque
649 1373 684 1403 in
703 1373 788 1404 diem
810 1372 907 1413 hujus
930 1372 1078 1413 compoti,
1094 1376 1126 1403 et
1149 1373 1194 1404 sio

142 1421 181 1453 de
198 1422 300 1453 tribus
316 1423 461 1454 terminis
477 1423 560 1454 infra
577 1423 637 1454 hoc
653 1425 845 1463 compotum.

185 1471 277 1503 Idem
290 1474 400 1503 onerat
416 1482 450 1503 se
473 1472 508 1503 in
532 1472 645 1513 primis
668 1472 708 1503 de
724 1483 768 1502 xx
792 1471 824 1503 fi.
848 1471 905 1502 xix
920 1475 944 1503 s.
969 1475 1001 1502 et
1016 1471 1049 1512 iij
1076 1471 1114 1509 d.‚
1138 1482 1194 1513 per

139 1519 298 1563 'arreragia
321 1521 429 1553 ultimi
452 1522 592 1563 compoti
614 1522 672 1559 sui,
696 1525 733 1553 ut
757 1525 847 1563 patet
870 1521 905 1552 in
936 1521 1017 1562 pede
1040 1521 1192 1562 ejusdem.

144 1570 275 1602 Summa
291 1572 440 1613 arreragii
455 1575 552 1613 patet.

184 1621 278 1658 Item,
294 1621 380 1652 idem
396 1625 506 1652 onerat
521 1632 554 1652 se
571 1621 610 1652 de
623 1620 707 1662 j⁰lxv
722 1620 754 1652 fi.
772 1631 792 1651 x
809 1625 842 1658 s„
857 1631 913 1661 per
929 1620 1068 1661 integras
1084 1620 1192 1651 firmas

141 1669 276 1701 dominii
291 1671 330 1702 de
348 1671 498 1702 Strathde
515 1671 686 1702 comitatus
703 1671 741 1702 de
761 1670 835 1701 Mar
857 1671 896 1701 de
920 1670 1022 1701 tribus
1046 1670 1191 1701 terminis

140 1719 236 1760 hujus
252 1720 400 1761 compoti.
446 1721 488 1751 Et
504 1721 542 1752 de
558 1719 629 1761 ijcxl
644 1720 686 1758 Ti„
702 1731 759 1762 per
773 1720 912 1761 integras
928 1720 1036 1751 firmas
1057 1720 1192 1751 dominii

141 1769 180 1800 de
208 1770 380 1801 Strathdon
413 1770 498 1801 infra
528 1770 651 1801 dictum
682 1771 870 1801 comitatum
901 1770 940 1801 de
963 1770 1057 1801 dictis
1088 1770 1191 1801 tribus

140 1820 292 1851 terminis.
339 1820 382 1851 Et
416 1820 454 1851 de
482 1819 608 1861 gj‘xxxvj
640 1820 672 1852 fi.
703 1831 725 1851 v
755 1825 788 1857 s„
818 1830 875 1861 per
912 1820 1051 1861 integras
1082 1820 1190 1851 firmas

140 1868 273 1900 dominii
289 1870 328 1901 de
345 1870 476 1902 Cromar
489 1870 567 1902 dicti
580 1870 749 1902 comitatus
762 1870 801 1901 de
814 1870 908 1901 dictis
921 1871 1023 1901 tribus
1036 1870 1188 1901 terminis.

140 1919 182 1950 Et
211 1920 250 1951 de
277 1931 299 1951 x
329 1920 371 1958 li„
398 1920 437 1952 de
467 1921 567 1952 firmis
598 1925 755 1952 terrarum
790 1921 829 1952 de
859 1921 1076 1952 Inverarnane
1111 1921 1190 1951 dicti

140 1970 309 2001 comitatus
326 1970 365 2001 de
381 1970 475 2001 dictis
491 1971 594 2002 tribus
610 1971 764 2003 terminis.
811 1971 943 2002 Summa
966 1970 1075 2001 totalis
1099 1980 1189 2001 oner-

139 2018 258 2050 acionis
273 2023 379 2060 preter
394 2020 558 2061 arreragia,
574 2019 629 2061 v⁰lj
647 2020 679 2052 fi.
696 2031 740 2051 xv
755 2025 779 2052 s.
826 2021 958 2051 Summa
973 2020 1083 2051 totalis
1099 2030 1189 2051 oner-

140 2068 259 2100 acionis
276 2079 349 2100 cum
365 2070 539 2111 arreragiis,
557 2069 671 2111 vclxxij
690 2070 722 2102 li.
738 2070 807 2111 xiiij
826 2075 850 2102 s.
867 2070 901 2111 iij
919 2070 949 2101 d.

182 2118 331 2159 Expense
354 2119 505 2160 ejusdem.
550 2120 591 2150 In
618 2120 739 2160 primis,
764 2119 899 2151 allocate
916 2119 1111 2160 compotanti
1134 2130 1190 2161 per

139 2167 335 2200 solucionem
352 2169 470 2200 factam
482 2169 646 2201 Fratribus
658 2170 774 2201 Sancte
787 2169 952 2200 Trinitatis
965 2169 1003 2199 (10
1015 2169 1189 2205 Abirdenc,

140 2217 390 2259 percipientibus
426 2219 593 2250 annuatim
624 2219 732 2251 decem
763 2229 884 2250 marcas
915 2218 1015 2250 annui
1045 2218 1187 2250 redditus
