1551 2462
389 222 428 250 62
691 219 855 253 ROTULI
880 220 1113 253 SCACCARH
1344 224 1435 253 1461.

388 312 573 343 Alexandro
585 313 721 354 Napare,
731 317 808 344 tunc
819 317 1037 354 compotorum
1050 314 1224 350 rotulatori,
1235 314 1435 355 adezpensas

387 362 539 393 domicilii
552 362 751 394 dominorum
763 364 844 404 regis
856 368 888 394 et
900 364 1015 404 regine,
1028 365 1096 404 ipso
1107 364 1257 404 magistro
1270 364 1434 395 willelmo

387 421 443 451 per
458 421 556 442 unam
575 412 721 443 cedulam
744 423 842 443 manu
867 423 924 444 sua
951 413 1101 454 scriptam
1125 413 1247 444 fatente
1270 417 1433 454 receptum
1548 440 1551 455 ,

388 471 482 501 super
498 466 690 502 compotum,
705 462 854 502 lxxxxiiij
871 462 902 492 li.
920 462 966 503 iiij
984 462 1023 499 d„
1040 463 1077 493 de
1101 463 1218 503 quibus
1242 463 1326 494 idem
1347 466 1434 494 rotu-

387 510 470 541 lator
483 511 571 542 dedit
587 515 779 552 compotum,
796 512 959 542 residuum
983 523 1058 543 vero
1081 513 1165 544 dicte
1189 523 1322 550 summe,
1345 513 1433 544 vide-

387 559 462 590 licet
478 560 711 601 quinquaginta
729 571 784 591 sex
807 561 895 597 libre,
918 566 1009 592 erant
1031 562 1092 592 sibi
1115 562 1253 593 resolute
1278 563 1312 592 in
1333 562 1432 593 firmis

386 612 541 640 terrarum
569 609 607 640 de
632 610 825 647 Bothkenar,
853 611 1063 648 Drummond,
1091 611 1253 652 Duchray‚
1282 616 1314 643 et
1345 612 1434 649 Erth‚

386 659 451 700 regi
482 660 716 700 pertinencium
747 660 785 691 de
824 661 959 692 termino
988 661 1214 692 Penthecostes
1250 662 1333 693 infra
1373 662 1433 693 hoc

386 713 579 749 compotum,
603 719 658 749 per
680 709 930 750 assignacionem
954 710 1155 741 dominorum
1179 710 1217 741 de
1243 711 1375 742 consilio
1401 719 1434 742 et

385 758 507 789 domini
519 759 696 789 Alexandri
713 759 745 789 N
748 769 850 799 apare,
860 762 1077 800 compotorum
1091 760 1283 798 rotulatoris,
1301 771 1358 801 pro
1370 771 1433 802 quo

167 810 307 833 Onerandus
318 812 354 845 est
383 809 508 839 residuo
531 808 616 839 idem
638 809 832 840 senescallus
855 810 1059 850 respondebit
1074 810 1108 840 in
1131 810 1286 841 scaccario
1311 811 1433 841 domini

165 843 366 899 scgssffssffinssssg'is,
381 859 471 899 regis.
505 859 547 889 Et
556 858 729 898 eidem‚per
740 858 963 889 liberacionem
977 859 1093 890 factam
1105 859 1432 901 dietomagistroWil-

380 907 476 938 lelmo
493 907 586 938 Blare
603 907 642 938 ad
659 908 761 938 dictas
784 918 939 948 expensas
955 908 1156 939 dominorum
1172 909 1253 950 regis
1269 913 1301 940 et
1316 910 1432 951 regine,

380 957 482 997 primo
492 957 683 997 Augusti,ut
695 961 844 997 patetper
853 957 985 988 eandem
999 957 1144 989 cedulam
1157 969 1253 989 manu
1267 969 1323 990 sua
1334 960 1431 1000 scrip-

164 998 367 1051 gizfssofflssgtcai-
379 1009 446 1036 tam
470 1010 628 1036 ostensam
646 1015 740 1046 super
755 1010 946 1046 compotum,
963 1006 1029 1047 xlvj
1047 1007 1088 1044 112,
1098 1018 1154 1047 pro
1170 1008 1287 1048 quibus
1303 1019 1430 1049 respon-

163 1057 209 1081 lus.
235 1046 241 1057 '
380 1055 475 1087 debit.
514 1056 555 1086 Et
568 1055 680 1092 eidem,
689 1065 746 1096 per
757 1055 981 1086 liberacionem
994 1056 1111 1087 factam
1125 1057 1231 1097 regine
1244 1058 1360 1098 Anglie
1373 1069 1429 1099 pro

379 1115 443 1136 uno
460 1105 556 1136 calice
580 1115 673 1136 aureo
696 1105 909 1146 impignorato
933 1105 1060 1136 domine
1084 1107 1200 1147 regine,
1216 1107 1255 1138 de
1278 1107 1429 1138 mandato

378 1155 521 1195 ejusdem
537 1165 593 1195 per
615 1165 728 1185 manus
753 1154 893 1185 custodis
915 1155 1033 1195 privati
1056 1155 1163 1196 sigilli,
1185 1156 1254 1196 ipso
1276 1157 1430 1197 premissa

378 1204 499 1235 fatente
524 1214 620 1245 super
644 1208 837 1244 compotum,
862 1203 888 1244 jc
903 1204 936 1235 Η.
982 1204 1113 1235 Summa
1136 1215 1357 1246 expensarum,
1382 1206 1428 1236 ix‘

378 1253 411 1284 xl
427 1253 459 1284 ii.
477 1254 543 1294 xvij
562 1258 583 1284 s.
601 1254 647 1294 iiij
665 1253 693 1284 d.
712 1254 759 1284 ob.
808 1254 849 1284 Et
864 1254 910 1284 sic
926 1258 1047 1285 restant
1059 1252 1120 1294 j⁰xl
1136 1254 1167 1286 fi.
1187 1265 1208 1285 x
1224 1259 1246 1286 ἓ.
1264 1266 1284 1286 ν
1300 1255 1328 1286 d.
1346 1256 1393 1287 ob.

421 1304 471 1334 De
495 1304 621 1344 quibus,
637 1303 771 1334 allocate
793 1304 989 1344 competenti
1012 1315 1069 1344 pro
1092 1306 1336 1346 superexpensis
1360 1306 1426 1337 suis

378 1353 470 1384 factis
481 1354 514 1383 in
532 1357 678 1393 compoto
695 1357 848 1383 terrarum
866 1353 992 1384 domine
1004 1354 1109 1394 regine
1125 1354 1208 1385 infra
1226 1355 1426 1387 vicecomita-

375 1405 445 1432 tum
459 1402 497 1433 de
511 1402 694 1443 Linlithqw,
711 1406 747 1432 ut
759 1406 848 1442 patet
857 1402 891 1432 in
904 1403 1060 1443 principio
1074 1403 1170 1434 rotuli
1181 1405 1339 1444 presentis
1349 1405 1426 1436 anui

375 1501 489 1537 eidem,
501 1511 558 1541 pro
570 1501 815 1542 superexpensis
832 1501 898 1532 suis
911 1502 1002 1532 factis
1020 1502 1052 1532 in
1069 1502 1184 1533 ultimo
1196 1507 1342 1544 compoto
1359 1514 1425 1541 su0‚
1470 1510 1482 1522 ·
1550 1538 1551 1544 ¹

374 1553 412 1581 ut
421 1554 510 1591 patet.
526 1550 560 1581 in
573 1550 652 1591 pede
666 1550 817 1590 ejusdem,
834 1551 864 1591 vj
882 1551 913 1582 Π.
933 1551 987 1592 viij
1005 1555 1029 1582 s.
1041 1551 1096 1592 viij
1114 1552 1143 1583 d.
1190 1553 1231 1583 Et
1247 1553 1358 1590 eidem,
1368 1564 1425 1594 per
1514 1547 1516 1549 ’

375 1599 570 1631 solucionem
601 1599 718 1630 factam
742 1600 915 1640 capellanis
939 1605 971 1632 ct
995 1601 1118 1632 clericis
1142 1602 1267 1643 collegii
1295 1603 1423 1634 domine

373 1650 489 1690 regine,
512 1649 645 1680 liberate
669 1649 825 1680 Edwardo
849 1650 990 1687 Bonkill,
1013 1651 1081 1691 ipso
1104 1661 1160 1691 per
1187 1652 1341 1692 scriptum
1364 1662 1422 1684 sua

159 1702 323 1731 Respondebit
373 1709 471 1730 manu
495 1699 649 1739 scriptum
673 1703 837 1730 ostensum
863 1709 958 1740 super
978 1705 1172 1740 compotum,
1196 1702 1251 1742 xxj
1268 1701 1300 1732 fi.
1323 1702 1380 1743 xiij
1398 1706 1420 1733 s.

158 1731 359 1784 ffgfvardussson·
373 1749 419 1789 iiij
438 1749 476 1786 d„
501 1759 556 1789 pro
584 1749 701 1789 quibus
729 1749 942 1789 respondebit.
989 1750 1030 1780 Et
1054 1750 1166 1788 eidem,
1182 1751 1220 1781 de
1244 1751 1361 1783 foresta
1383 1752 1423 1783 de

374 1797 620 1839 Glenfynglask,
633 1798 784 1838 deputata
801 1809 857 1839 per
873 1798 1037 1829 dominum
1051 1809 1156 1840 regem
1173 1799 1254 1831 bone
1270 1801 1421 1832 memorie

373 1859 430 1889 pro
450 1848 575 1885 foresta,
592 1847 630 1878 de
653 1847 748 1878 dictis
771 1847 895 1878 duobus
919 1849 1073 1885 terminis,
1097 1849 1174 1890 xviij
1192 1849 1233 1886 l'i„
1256 1850 1310 1881 sed
1335 1861 1420 1882 nunc

373 1898 561 1929 assedantur
581 1896 744 1928 trisdccim
767 1901 905 1928 nlarcate
927 1897 1013 1928 dicte
1036 1898 1161 1929 foreste.
1207 1899 1249 1929 Et
1272 1909 1360 1931 maro
1383 1901 1422 1931 de

372 1947 532 1984 Meuteth,
548 1957 604 1987 pro
621 1946 712 1978 feodo
728 1956 785 1977 suo
802 1946 840 1977 de
857 1956 939 1977 anno
962 1948 1111 1987 compoti,
1128 1948 1174 1988 liij
1192 1952 1216 1979 s.
1239 1949 1285 1989 iiij
1302 1949 1332 1980 d.
1376 1950 1420 1981 Et

373 1996 486 2033 eidem,
501 1996 542 2027 de
558 1996 658 2027 firmis
674 1999 755 2027 terre
771 1995 811 2026 de
834 1995 1033 2033 Thomknok,
1050 1996 1201 2037 deputate
1224 2008 1280 2038 pro
1303 1998 1420 2030 foresta

373 2046 412 2077 de
429 2056 511 2077 anno
528 2046 675 2086 compoti,
689 2046 745 2086 xiij
754 2050 779 2076 s.
792 2045 838 2086 iiij
850 2045 879 2076 d.
926 2046 967 2076 Et
978 2046 1089 2083 eidem,
1100 2046 1138 2077 de
1150 2047 1248 2079 firmis
1264 2052 1419 2080 terrarum

372 2096 411 2126 de
451 2095 582 2136 Offreyn
620 2096 658 2127 de
689 2096 944 2135 ScheregartauQ
982 2105 1055 2126 cum
1087 2096 1203 2137 quibus
1234 2102 1418 2138 compotens

372 2145 517 2185 superius
537 2147 694 2182 oneratur,
718 2145 750 2176 iu
774 2144 920 2176 manibus
945 2144 1015 2176 Ade
1039 2145 1182 2183 Cossour,
1206 2146 1244 2178 de
1267 2147 1418 2179 mandato
