1551 2462
162 1542 327 1572 Respondebit

161 1573 265 1625 {Ns—pare,
274 1572 362 1595 rotula-

190 1645 234 1667 Do.

190 1739 235 1762 Do.

163 1882 279 1914 Carrio.

381 251 419 279 26
693 248 857 280 norom
881 248 1116 280 seAeeARH
1338 233 1433 280 1460.

378 342 465 373 ordei
481 353 501 373 x
525 342 629 373 eeldre
652 342 721 382 xiiij
746 342 830 373 bolle
851 342 863 383 j
889 342 1001 373 ferlota
1018 352 1092 374 eum
1114 341 1190 373 bina
1212 344 1302 382 parte
1317 341 1431 373 ferlote

379 391 478 422 farine
495 391 659 423 avenatice
674 392 696 432 ij
714 392 819 423 celdre
835 402 1015 423 avenarum.

421 441 568 481 Expense
592 441 741 482 ejusdem.
787 442 829 473 In
851 442 973 483 primis,
997 441 1131 473 allocate
1155 441 1350 482 eompotanti
1374 451 1431 481 per

377 491 572 522 solucionem
588 491 706 522 factam
722 492 843 523 Jacobo
868 492 1004 523 Stewart
1027 492 1066 522 de
1089 491 1188 522 firmis
1211 495 1366 522 terrarum
1390 491 1429 522 de

379 540 581 571 Drummond
611 541 673 571 sibi
703 551 924 572 concessarum
954 551 1011 581 per
1041 540 1208 571 dominum
1241 551 1346 582 regem
1376 541 1428 581 pie

379 590 537 627 memorie,
561 591 600 621 de
623 590 759 621 termino
783 591 879 631 hujus
899 591 1047 631 compoti,
1071 590 1124 622 ΧΠ,
1180 591 1221 621 Et
1237 590 1349 627 eidem,
1371 600 1428 631 pro

380 640 496 671 fabrica
512 640 607 670 unius
624 640 761 670 fornacis
785 640 818 670 in
843 643 945 671 castro
969 640 1007 671 de
1032 639 1194 680 Strivelyn
1218 639 1256 670 de
1278 639 1428 670 mandato

377 692 595 730 compotorum
626 689 817 726 kotulatoris,
846 689 916 730 ipso
948 689 1069 720 fatente
1109 689 1296 720 mandatum
1334 699 1429 729 super

377 743 569 779 compotum,
586 749 605 768 v
621 739 652 769 fi.
669 739 690 779 ij
709 743 731 770 s.
757 739 818 779 vjd.
864 739 906 769 Et
923 739 1034 775 eidem,
1050 749 1106 779 pro
1118 739 1218 779 gagiis
1234 738 1429 769 verletorum

377 789 629 820 oustodieneium
646 799 743 829 equos
761 788 888 819 domine
904 788 1012 829 regine
1036 792 1067 819 et
1090 798 1221 819 suorum
1237 788 1427 819 servitorum

376 841 408 869 et
431 849 585 879 equorum
606 838 756 875 Emundi,
780 838 839 869 filii
855 838 977 869 domini
1000 838 1119 876 Rossie‚
1142 838 1281 879 Anglici‚
1303 848 1428 869 necnon

375 898 433 928 pro
449 888 566 928 pabulo
582 898 638 919 sex
655 898 808 929 equorum
829 888 986 928 juvenum
1011 887 1168 918 dictorum
1191 888 1283 919 coltis
1300 888 1427 919 domine

377 938 483 978 regine
507 948 524 968 a
541 938 663 969 decimo
683 938 796 979 quint-o
812 938 961 969 Januarii
976 948 1077 978 usque
1102 938 1289 969 vicesimum
1305 948 1427 969 nonum

377 986 500 1024 Marcii,
517 987 550 1017 in
574 988 740 1024 Methven,
757 987 864 1025 Perth,
880 991 912 1018 et
936 987 1109 1028 Strivelyn,
1124 991 1162 1018 ut
1185 991 1273 1029 patet
1296 989 1330 1018 in
1346 988 1427 1019 libro

377 1037 588 1077 eompotantis
627 1037 861 1078 particulariter
891 1037 1073 1068 examinato
1110 1048 1205 1078 super
1235 1041 1428 1078 compotum,

376 1087 475 1127 xxxvj
493 1087 524 1118 fi.
543 1087 574 1128 xj
592 1091 614 1118 ἔ.
632 1088 653 1128 ij
671 1087 700 1118 d.
746 1088 789 1118 Et
805 1087 917 1124 eidem,
932 1098 989 1128 pro
1005 1087 1170 1128 sexaginta
1186 1088 1315 1129 paribus
1332 1088 1427 1120 dictis

376 1137 493 1168 ereillis
509 1137 625 1178 emptis
640 1147 697 1178 per
712 1137 896 1168 husbandos
911 1137 950 1168 de
974 1138 1200 1169 Bothkennare
1216 1142 1248 1169 et
1268 1138 1428 1169 Aularum

375 1186 414 1217 de
431 1186 512 1217 Erth
529 1190 560 1217 et
576 1187 681 1217 missis
698 1186 737 1217 ad
753 1187 930 1218 exereitum
947 1187 1068 1217 domini
1080 1187 1162 1228 regis
1179 1187 1260 1219 bone
1276 1188 1427 1219 memorie

378 1246 487 1267 versus
517 1236 700 1278 Roxburgh,
731 1237 770 1268 de
794 1237 944 1268 mandato
982 1237 1123 1277 ejusdem
1161 1237 1335 1268 literatorio
1366 1238 1426 1269 sub

375 1286 499 1327 signeto
516 1290 547 1318 et
563 1287 798 1327 subscripcione
815 1290 941 1318 ostenso
958 1297 1052 1327 super
1075 1290 1267 1328 compotum,
1283 1298 1345 1328 que
1362 1298 1426 1319 non

376 1337 581 1367 eontinentur
604 1337 637 1367 in
653 1337 743 1368 libris
767 1337 928 1374 domicilii,
944 1337 990 1377 iiij
1015 1337 1047 1368 li.
1071 1348 1091 1367 x
1116 1341 1139 1368 s.
1185 1337 1226 1368 Et
1243 1337 1354 1375 eidem,
1370 1348 1427 1378 per

376 1385 570 1417 solucionem
587 1386 704 1417 factam
722 1386 850 1417 domiuo
862 1386 1045 1417 Alexandro
1058 1386 1090 1417 N
1092 1397 1195 1427 apare,
1208 1391 1426 1428 compotorum

376 1435 551 1471 rotulatori,
568 1435 605 1466 ad
624 1445 779 1476 expensas
795 1435 948 1466 domicilii
972 1435 1094 1466 domini
1114 1436 1204 1477 regis,
1220 1436 1289 1477 ipso
1305 1436 1427 1468 fatente

375 1487 539 1524 receptum
570 1495 665 1525 super
695 1488 887 1525 compotum,
919 1484 986 1525 xiiij
1018 1484 1050 1515 fi.
1082 1485 1137 1526 viij
1174 1489 1206 1522 ἐ,
1229 1496 1286 1526 pro
1310 1486 1426 1526 quibus

376 1533 588 1574 respondebit.
632 1534 675 1564 Et
704 1544 761 1574 per
790 1534 985 1565 solucionem
1016 1535 1133 1565 factam
1165 1535 1268 1566 eidem
1298 1535 1427 1567 domino

376 1582 570 1619 Alexandro,
587 1583 656 1623 ipso
673 1583 770 1613 eciam
797 1583 917 1614 fatente
941 1588 1106 1624 receptum
1130 1595 1225 1625 super
1242 1588 1427 1625 compotum

376 1632 410 1673 iij
428 1632 458 1663 fi.
477 1632 532 1672 viij
550 1637 573 1664 Ξ.
589 1632 635 1672 iiij
653 1632 692 1669 d„
707 1643 764 1672 pro
781 1633 897 1673 quibus
914 1633 1013 1664 eciam
1027 1634 1237 1674 respondebit.
1283 1635 1326 1665 Et
1342 1635 1426 1666 dieto

377 1686 596 1723 compotorum
620 1682 795 1720 rotulatori,
813 1683 927 1714 fatenti
945 1688 1107 1725 receptum
1123 1694 1219 1725 super
1234 1688 1427 1725 compotum,

376 1732 433 1772 lvij
451 1736 473 1763 s.
490 1732 522 1772 vj
540 1732 579 1769 d„
591 1742 647 1772 pro
664 1732 781 1772 quibus
797 1733 1006 1773 respondebit.
1054 1733 1185 1764 Summa
1206 1744 1427 1775 expensarum,

376 1782 467 1822 lxxvj
484 1781 517 1813 ii.
534 1782 599 1822 xvij
617 1786 639 1812 ἔ.
657 1782 687 1822 vj
706 1782 734 1812 d.
781 1782 823 1812 Et
839 1782 884 1812 sie
900 1786 1021 1813 restant
1040 1783 1069 1823 vj
1087 1787 1110 1815 s.

421 1880 613 1921 Compotum
629 1880 751 1911 domini
767 1880 904 1912 Gilberti
927 1881 1048 1912 domini
1074 1882 1244 1923 Kennedy,
1260 1882 1371 1914 ballivi
1387 1883 1426 1914 de

377 1930 492 1967 Carrio,
508 1930 667 1961 redditum
684 1930 768 1971 apud
785 1930 972 1971 Edinburgh
983 1931 1225 1962 vicesimosexto
1242 1932 1292 1963 die
1308 1933 1428 1964 mensis

376 1980 492 2011 Marcii
515 1990 599 2010 anno
622 1979 754 2010 Domini
779 1983 836 2010 ete.
864 1980 1057 2021 sexagesimo
1083 1981 1193 2021 primo,
1210 1981 1249 2012 de
1279 1982 1428 2013 omnibus

377 2030 511 2070 receptis
527 2029 593 2060 suis
616 2032 648 2059 et
671 2029 817 2070 expensis
840 2039 896 2070 per
919 2029 1025 2060 firmas
1048 2033 1080 2060 et
1097 2030 1202 2061 exitus
1226 2031 1320 2062 ballie
1337 2042 1393 2062 sue
1409 2042 1428 2062 a

376 2079 428 2109 die
444 2079 546 2119 primo
565 2079 683 2109 mensis
706 2078 787 2109 Julii
804 2078 879 2109 anni
897 2079 1027 2110 Domini
1043 2083 1100 2110 ete.
1123 2080 1311 2121 sexagesimi
1327 2091 1427 2121 usque

377 2128 411 2158 in
435 2128 519 2158 diem
543 2127 638 2168 hujus
662 2127 808 2168 compoti,
832 2131 864 2159 et
887 2127 932 2158 sie
956 2128 994 2159 de
1018 2138 1082 2159 uno
1105 2129 1241 2160 termino
1266 2129 1349 2161 infra
1369 2129 1429 2161 hoc

378 2181 567 2218 compotum.
