1551 2462
65 264 155 293 1462.
374 258 537 290 REGUM
562 257 809 290 SCOTORUM.
1054 262 1113 290 125

61 353 183 386 domini
197 352 288 394 regis,
300 351 339 384 de
362 351 455 383 dictis
471 351 624 388 terminis,
640 350 697 382 xlv
713 355 736 383 s.
782 351 824 382 Et
840 351 943 382 eidem
959 352 1114 393 episcope.

61 413 118 445 pro
133 413 240 434 annuo
255 401 383 433 redditu
399 401 461 432 sibi
476 400 584 432 debito
607 411 665 441 pro
680 401 779 432 tercia
794 404 885 442 parte
908 401 947 432 de
963 401 1113 432 Saltcotis

11 452 17 456 “
62 453 218 484 existente
233 452 268 482 in
290 451 437 482 manibus
454 450 574 481 domini
598 450 690 491 regis,
706 450 745 482 de
761 450 855 481 dictis
871 451 1025 488 terminis,
1041 451 1073 491 vj
1091 455 1113 482 ἕ.

61 502 105 543 vij
133 501 162 533 d.
188 501 234 533 ob.
280 501 323 532 Et
353 500 457 531 eidem
483 500 630 540 episcopo
660 509 717 540 pro
747 510 827 530 cana
856 500 918 531 sibi
942 500 1050 532 debita
1075 500 1115 532 de

62 550 192 583 baronia
208 551 247 581 de
270 550 413 587 Cardale,
430 549 560 590 dempta
583 549 682 580 tercia
704 552 742 580 ut
757 560 861 590 supra,
878 550 916 581 de
939 550 1033 582 dictis
1051 554 1113 582 ter-

62 601 167 638 minis,
190 601 245 642 xvj
271 604 293 631 s.
340 600 382 630 Et
405 599 517 637 eidem,
532 599 572 630 de
594 599 694 630 firmis
717 602 873 630 terrarum
896 600 935 631 de
960 600 1059 631 Knok
1083 603 1115 631 et

63 650 222 682 Attenoch
242 650 467 691 deputatarum
484 652 648 680 vastarum
663 659 720 690 per
735 649 901 680 dominum
913 660 1020 691 regem
1033 650 1114 682 bone

63 700 213 732 memorie
242 710 299 740 pro
322 699 398 730 feris
435 698 611 739 pascendis,
638 698 780 739 exceptis
810 699 934 730 duabus
965 700 1113 731 marcatis

3 770 7 773 -
62 750 97 781 in
109 760 201 787 anno,
217 749 293 780 licet
309 749 387 780 alias
403 748 616 780 mandabatur
632 749 829 789 compotanti
845 759 896 780 eas
913 749 1066 787 assedare,
1082 753 1115 781 et

63 809 127 830 non
143 798 257 836 valuit,
274 802 370 839 prout
385 798 463 829 fides
480 798 564 829 facta
580 797 643 828 fuit
659 808 754 838 super
765 802 950 839 compotum
966 799 1004 830 de
1021 799 1115 831 dictis

64 849 166 880 tribus
191 849 344 886 terminis,
360 848 416 888 xiij
434 847 476 885 ΠΖ,
493 851 525 879 et
545 847 716 879 mandatur
732 848 929 888 compotanti
943 848 1016 880 illas
1032 859 1115 880 asse·
1130 877 1269 901 Onerandus
1280 879 1317 900 est

11 922 14 923 ν
64 899 150 936 dare,
177 898 253 939 quia
289 897 473 929 onerabitur
495 907 568 928 cum
596 897 716 928 eisdem
738 897 773 928 in
799 898 944 938 proximo
968 902 1114 940 compoto
1128 909 1271 937 compotam.

64 958 134 992 ειιο.ι
174 948 217 979 Et
245 947 420 979 forestariis
449 946 488 977 de
514 947 671 987 Tarnway
698 946 736 978 de
766 946 867 978 firmis
894 951 1051 979 terrarum
1075 949 1114 980 de

63 997 222 1038 Litiltary,
244 1007 303 1037 pro
327 996 428 1027 feodis
452 995 519 1026 suis
542 995 581 1026 de
604 995 700 1027 dictis
715 996 818 1027 tribus
841 998 996 1035 terminis,
1019 998 1053 1039 iij
1078 998 1111 1029 fi.

62 1047 105 1078 Et
121 1047 232 1084 eidem,
255 1056 312 1087 per
333 1045 530 1077 solucionem
554 1045 672 1075 factam
687 1045 863 1076 husbandis
880 1046 919 1077 de
935 1047 1041 1088 Elgyn
1056 1058 1114 1088 pro

67 1099 138 1128 octo
154 1096 266 1127 martis
289 1100 351 1136 que
375 1095 527 1126 dicuntur
549 1094 722 1135 rynmartis
745 1095 813 1135 regi
835 1095 950 1127 debitis
975 1096 1013 1127 de
1029 1097 1114 1128 dicto

67 1145 301 1182 vicecomitatu,
325 1144 468 1185 precium
484 1144 573 1185 pecie
591 1144 733 1184 quinque
756 1144 850 1175 solidi
866 1145 1021 1176 allocandi
1039 1146 1114 1177 hus—

65 1195 189 1232 bandis,
205 1194 240 1226 xl
262 1198 284 1226 s.
331 1194 373 1225 Et
389 1193 500 1230 eidem,
525 1203 582 1234 pro
599 1196 668 1224 octo
684 1194 870 1225 mutonibus
887 1195 943 1235 qui
965 1195 1117 1226 dicuntur

65 1247 249 1286 rynmuton,
265 1243 408 1285 precium
424 1243 513 1284 pecie
530 1243 698 1274 duodecim
714 1243 844 1280 denarii,
861 1244 900 1275 de
923 1244 1008 1276 dicto
1032 1246 1115 1277 vice-

65 1295 229 1330 comitatu,
252 1293 309 1333 viij
335 1297 358 1324 s.
403 1293 446 1323 Et
468 1302 525 1333 pro
549 1292 580 1332 vj
605 1292 715 1323 martis
739 1292 833 1324 dictis
856 1295 1029 1334 rynmartis
1050 1296 1116 1336 regi

65 1344 181 1375 debitis
197 1343 282 1374 infra
298 1342 558 1374 vicecomitatum
581 1341 620 1372 de
636 1342 740 1379 Fores,
758 1343 902 1383 precium
917 1344 1006 1384 pecie
1022 1345 1115 1385 quin-

15 1420 18 1422 .
64 1404 127 1435 que
143 1392 245 1430 solidi,
261 1402 329 1423 xxx
346 1396 368 1422 s.
415 1391 457 1422 Et
469 1401 525 1431 pro
539 1391 569 1431 vj
588 1392 835 1431 rynmutonibus
852 1392 931 1424 dicti
946 1394 1116 1425 vicecomi-

65 1445 161 1479 tatus,
182 1441 325 1483 precium
351 1440 440 1481 pecie
467 1440 635 1471 duodecim
667 1440 797 1478 denarii,
827 1442 859 1482 vj
887 1447 909 1474 ἔ.
955 1443 997 1474 Et
1021 1454 1078 1485 pro
1102 1445 1115 1485 j

64 1494 166 1522 marta
200 1490 286 1522 dicta
308 1485 454 1531 rynmart
479 1489 517 1520 de
549 1490 666 1521 foresta
705 1490 745 1522 de
775 1491 941 1533 Tarnway,
970 1494 1115 1534 precium

66 1541 208 1582 quinque
222 1540 323 1577 solidi,
336 1550 358 1571 v
373 1544 396 1571 ἓ.
442 1540 484 1570 Et
506 1548 564 1580 pro
577 1540 589 1580 J'
604 1544 779 1580 rynmuton
792 1541 876 1573 dicte
889 1542 1012 1580 foreste,
1029 1544 1072 1584 xij
1087 1544 1115 1574 d.

65 1591 107 1622 Et
129 1600 185 1631 pro
201 1590 298 1621 tercia
321 1589 429 1620 debita
452 1599 567 1629 sponse
590 1589 752 1630 quondam
775 1590 934 1623 Johannis
951 1592 989 1624 de
1012 1593 1116 1624 Dum-

21 1663 27 1666 .
52 1635 144 1672 ‘brek
169 1639 207 1671 de
231 1638 324 1670 terris
348 1638 410 1669 sibi
433 1639 661 1679 spectantibus,
678 1639 716 1670 de
740 1640 842 1672 tribus
859 1642 1004 1673 terminis
1020 1642 1117 1683 hujus

50 1689 211 1730 compoti,
234 1688 281 1729 iiij
305 1687 337 1719 fi.
361 1688 407 1728 iiij
433 1692 455 1718 5.
479 1688 525 1728 iiij
550 1687 579 1718 d.
647 1685 691 1719 Et
714 1689 826 1727 eidem,
850 1700 905 1731 per
920 1691 1116 1725 solucionem

67 1737 184 1769 factam
196 1737 380 1769 Alexandro
393 1737 432 1768 de
448 1737 593 1775 Dunbar,
611 1738 715 1776 militi,
732 1748 789 1779 pro
805 1741 949 1772 custodia
965 1743 1060 1773 castri
1076 1743 1116 1774 de

67 1787 222 1829 Tarnway
260 1787 299 1818 de
344 1786 444 1817 firmis
482 1790 639 1818 terrarum
684 1788 925 1821 dominicalium
966 1792 1118 1832 ejusdem,

66 1846 204 1868 unacum
230 1836 428 1873 Colnakevil‚
451 1836 644 1877 Logyhalch‚
668 1837 838 1880 Lytiltary‚
872 1843 903 1871 et
930 1840 960 1872 le
984 1841 1118 1874 Consta-

68 1935 110 1967 Et
121 1936 295 1976 eidem‚pe1·
307 1935 524 1967 decidenciam
536 1938 691 1967 terrarum
704 1938 743 1969 de
755 1938 954 1970 Clakmarres
967 1940 1005 1971 de
1016 1941 1119 1981 primo

66 1985 202 2016 termino
229 1985 326 2025 hujus
353 1985 501 2025 compoti,
525 1985 581 2026 viij
610 1990 632 2017 s.
659 1987 691 2027 xj
717 1987 746 2019 d.
778 1988 824 2019 ob.
871 1989 914 2020 Et
936 1990 1048 2028 eidem,
1064 2002 1121 2032 per

56 2033 283 2080 xdecidenciam
299 2034 463 2065 firmarum
479 2034 518 2066 de
534 2035 781 2076 Ballyndalloch
798 2038 837 2069 de
854 2039 956 2070 tribus
973 2042 1118 2074 terminis

67 2083 163 2124 hujus
190 2083 338 2124 compoti,
366 2087 435 2115 xxs.
482 2084 615 2115 Summa
645 2095 866 2127 expensarum,
900 2087 1051 2131 iijclxxvij
1086 2091 1119 2124 fi.

68 2133 123 2173 viij
148 2137 170 2164 ἓ.
187 2132 231 2173 vij
249 2132 278 2163 d.
295 2133 342 2164 ob.
388 2133 430 2164 Et
448 2133 494 2164 sic
510 2136 631 2165 restant
643 2134 793 2176 jmv⁰xxiij
811 2136 842 2167 li.
860 2137 928 2178 xiiij
946 2142 969 2170 ἔ.

111 2183 161 2214 De
185 2182 311 2223 quibus,
334 2181 469 2214 allocate
492 2184 689 2224 compotanti
712 2195 768 2225 per
791 2185 984 2219 solucionem
1002 2188 1120 2222 factam
