1551 2462
121 273 210 301 1464.
429 268 591 301 REGUM
615 268 863 301 SOOTORUM.
1107 272 1168 300 283

117 366 248 404 propter
269 362 476 394 rebellionem
499 366 610 394 contra
624 372 730 404 regem
743 365 776 393 et
798 372 931 403 regnum
948 364 980 393 et
1000 361 1170 402 justificat-

118 423 209 444 orum
232 412 317 454 apud
340 412 552 450 Lochmaben,
567 412 653 443 dicto
676 411 871 443 thesaurario
894 421 951 452 per
966 421 1039 442 suas
1062 411 1171 442 literas

118 466 152 494 et
166 473 223 504 per
238 473 271 494 se
295 462 417 494 fatente
443 462 640 499 mandatum,
670 465 703 493 et
727 461 812 493 dicto
839 461 995 492 Murdaco
1019 471 1076 502 per
1098 471 1171 492 suas

118 512 227 544 literas
257 511 379 543 fatente
408 515 574 553 receptum
603 521 699 552 super
728 514 924 552 computum,
955 521 1022 541 xxx
1047 510 1090 548 n,
1115 521 1171 551 pro
1185 507 1349 560 ξῖξέεὶὲζξξξξηῑξ

119 563 236 604 quibus
266 561 479 603 respondebit.
511 562 554 593 Et
583 561 696 598 eidem,
722 571 779 602 per
800 561 1021 592 remissionem
1051 560 1170 591 factam
1186 567 1285 591 Guthre.

119 613 238 643 Thome
249 612 391 649 Masone,
401 611 501 643 nichil
511 611 643 642 habenti
652 611 686 641 in
696 610 798 648 bonis,
809 610 847 642 de
857 614 1005 642 custuma
1014 611 1171 641 bonorum

118 672 258 699 suorum,
280 671 343 702 que
369 660 477 692 omnia
506 660 741 702 periclitabant,
772 663 868 701 prout
898 660 977 691 fides
1001 660 1086 691 facta
1110 660 1173 690 fuit

119 721 215 752 super
230 714 426 752 computum,
443 721 482 742 ex
498 710 752 742 consideracione
769 710 953 742 auditorum
969 710 1010 741 ad
1030 720 1171 751 presens,

118 761 196 801 xxvj
214 765 237 792 ἔ.
254 761 309 802 viij
334 760 362 791 d.
381 760 439 801 [To
464 760 641 798 Treasurer,
663 760 740 792 „4⁰17
761 761 804 799 43.
822 760 873 792 Id.
918 760 1007 798 Sum,
1030 761 1106 798 &49
1122 761 1166 791 88.

119 811 207 852 11d.]
251 811 295 842 Et
310 810 356 842 sic
372 821 460 852 eque.
1246 815 1289 838 Do.

164 910 360 951 Computum
409 910 480 941 Ade
529 909 635 941 Caunt
679 914 712 941 et
759 909 918 942 Willelmi
965 910 1173 946 Cranstoune,
1188 911 1296 952 Edyn-

122 960 309 1001 [custumars
330 959 368 1000 of
384 959 580 1000 Edinburyh,
607 960 710 997 Parth,
732 959 776 991 12
798 959 878 1001 «Γαίῃ
901 960 996 998 1464,
1014 961 1105 1001 from
1131 961 1174 992 27
1188 954 1297 996 burgh·

122 1010 202 1050 July
217 1011 312 1048 1463.

169 1059 293 1100 Charye.
341 1059 465 1090 Oustom
484 1059 522 1100 of
534 1059 600 1090 1926
622 1059 707 1090 saclas
722 1060 743 1090 6
758 1060 841 1090 saclas
855 1060 878 1091 5>
892 1063 925 1090 st.
942 1060 1016 1091 wool
1036 1060 1174 1098 &1634

122 1109 187 1139 163.
200 1109 270 1148 gd.)
284 1109 402 1146 &5³00
416 1110 438 1140 5
454 1119 531 1139 score
549 1109 615 1139 and
630 1109 650 1140 9
665 1109 809 1150 woolfells
821 1108 1009 1151 (3135183.
1023 1109 1092 1152 9d.)
1108 1111 1175 1141 and

122 1158 167 1189 13
189 1158 265 1189 lasts
290 1158 334 1189 13
357 1158 462 1189 alacres
485 1159 507 1190 5
532 1158 620 1189 hides
649 1157 744 1200 (2936
767 1160 809 1191 93.
833 1158 902 1201 Ad.)
927 1161 1068 1201 exportati
1082 1161 1174 1202 from

123 1208 216 1239 Leitlc
224 1218 236 1247 ;
260 1208 381 1239 „131807
395 1209 438 1246 43.
455 1209 506 1239 9d.

165 1258 343 1298 Diseharye.
387 1257 444 1288 Fee
470 1259 506 1295 of
525 1261 707 1296 custumws,
733 1258 810 1290 2330
835 1259 877 1290 53.
905 1259 974 1297 *fid-‚¹
998 1259 1036 1299 of
1053 1263 1174 1297 tronar,

122 1308 199 1340 Ι,4315
225 1309 267 1339 es.
292 1308 358 1349 aab]
403 1308 446 1340 Et
472 1318 528 1348 per
555 1307 750 1339 solucionem
775 1308 891 1339 factam
914 1309 1079 1350 capellano
1094 1309 1174 1340 cele-

125 1358 232 1389 branti
246 1358 282 1389 in
297 1357 420 1399 capella
443 1357 534 1389 beate
549 1357 731 1398 Margarete
753 1358 861 1398 regine
876 1358 961 1389 infra
977 1363 1116 1390 castrum
1135 1360 1174 1391 de

122 1407 321 1449 Edinburgh,
336 1407 526 1448 percipienti
547 1407 716 1438 annuatim
738 1407 847 1439 decem
869 1408 967 1440 libras
990 1408 1030 1440 de
1050 1410 1175 1451 magnis

124 1458 279 1489 custumis
296 1457 373 1488 dicti
389 1457 481 1498 burgi
503 1467 544 1488 ex
559 1456 750 1488 fundacione
772 1458 854 1498 regis
877 1458 1018 1499 antiqua,
1034 1462 1071 1490 ut
1086 1463 1176 1500 patet

123 1507 158 1538 in
174 1507 314 1548 antiquis
333 1507 455 1544 rotulis,
471 1506 599 1538 domino
615 1507 637 1538 J
639 1506 764 1537 ohanne
780 1506 894 1544 Rinde,
910 1508 1074 1548 capellano
1090 1510 1174 1550 ejus-

125 1557 198 1600 dem
214 1556 397 1598 capellanie,
408 1556 530 1587 fatente
545 1559 710 1597 receptum
726 1567 822 1597 super
838 1561 1025 1598 computum
1041 1558 1079 1589 de
1096 1559 1173 1590 duo-

125 1606 184 1638 bus
196 1606 342 1638 terminis
354 1606 438 1637 infra
449 1606 510 1637 hoc
523 1609 719 1647 computum,
731 1617 753 1637 x
764 1606 796 1637 n.
838 1605 896 1647 [To
914 1607 1047 1639 Thomas
1061 1609 1174 1650 Moffet,

125 1657 180 1688 „238
190 1667 202 1694 ;
226 1657 292 1687 and
306 1656 423 1687 Dedric
446 1656 604 1693 Gruthcir,
620 1657 718 1694 ἔξω·
742 1667 776 1687 as
785 1667 819 1697 20·
834 1658 886 1694 32,
906 1657 975 1688 both
990 1658 1026 1698 by
1042 1659 1172 1700 receipt]

125 1706 168 1737 Et
183 1706 310 1744 eisdem,
327 1705 366 1737 de
388 1706 544 1737 custumis
566 1706 666 1737 trium
688 1706 844 1737 lastarum
866 1710 989 1747 septem
1012 1717 1176 1740 saccorum

127 1759 159 1787 et
174 1756 269 1787 unius
285 1759 373 1797 petre
389 1756 462 1787 lane
484 1755 524 1787 de
547 1756 683 1797 propriis
705 1756 852 1797 gregibus
877 1757 987 1787 ovium
1003 1757 1126 1790 abbatis
1143 1763 1176 1790 et

85 1798 88 1802 ’
127 1809 304 1837 conventus
320 1805 359 1837 de
374 1805 514 1837 Melrose
530 1805 591 1836 sibi
606 1805 746 1847 graciose
762 1805 840 1837 alias
856 1816 913 1846 per
928 1806 1073 1838 dominos
1086 1818 1175 1849 reges

126 1855 166 1887 de
182 1856 336 1887 custumis
353 1855 587 1897 quinquaginta
602 1865 765 1886 saccorum
787 1855 816 1886 si
837 1859 966 1886 tantum
982 1856 1121 1888 habeant
1137 1858 1175 1889 de

127 1906 271 1946 propriis,
286 1908 323 1936 ut
338 1908 428 1946 patet
442 1906 477 1936 in
493 1905 606 1936 rotulis
622 1905 772 1946 antiquis,
788 1905 858 1935 xlix
880 1905 911 1936 n
929 1905 972 1946 vij
991 1909 1013 1936 s.
1030 1906 1064 1936 ix
1080 1906 1108 1937 d.
1126 1907 1173 1939 ob.

127 1955 170 1987 Et
185 1955 314 1992 eisdem,
329 1954 368 1986 de
384 1955 540 1986 custumis
555 1955 651 1986 unius
667 1954 748 1986 laste
763 1957 833 1986 octo
844 1965 1006 1986 saccorum
1018 1957 1050 1986 et
1059 1966 1176 1988 novem

127 2007 291 2046 petrarum
305 2003 378 2036 lane
393 2004 701 2046 quadringentarum
716 2008 749 2036 et
771 2005 887 2046 viginti
901 2004 1035 2045 pellium
1051 2004 1176 2038 lanuta-

127 2064 200 2085 rum
215 2054 254 2085 de
269 2054 405 2095 propriis
428 2054 555 2085 domine
576 2054 683 2095 regine
706 2054 758 2095 pie
780 2054 940 2090 memorie,
964 2064 1038 2085 cum
1061 2055 1178 2095 quibus

129 2106 349 2144 computantes
373 2103 519 2144 superius
546 2106 726 2140 onerantur,
749 2114 790 2134 ex
814 2113 851 2134 eo
880 2103 966 2143 quod
993 2103 1179 2144 hujusmodi

129 2153 212 2184 bona
238 2153 436 2185 devenerunt
462 2152 502 2184 ad
524 2163 601 2184 usus
626 2153 717 2194 regis,
741 2152 829 2193 xxvij
856 2152 888 2184 fi.
912 2163 933 2183 v
960 2157 983 2184 s.
1007 2153 1050 2193 vij
1075 2154 1104 2185 d.
1129 2156 1178 2186 οῖ).

131 2201 189 2244 [To
203 2202 275 2234 said
296 2202 425 2234 Dederic
442 2202 586 2241 Gannar,
594 2203 645 2244 see
660 2203 717 2244 for
732 2202 903 2234 Mem-cimas
918 2206 996 2240 next,
1011 2204 1089 2245 25⁰5]
1136 2205 1180 2237 Et
