1551 2462
86 297 174 326 1468.
395 293 557 326 REGUM
581 293 828 325 SOOTORUM.
1073 299 1133 327 523

82 386 260 418 lucracione
277 386 343 418 feni
365 386 449 427 prati
472 386 511 417 de
534 387 622 427 Logy
646 386 685 417 de
709 396 793 417 anno
814 386 910 427 hujus
937 388 1078 428 computi
1102 393 1135 419 et
1149 415 1195 437 Res
1214 415 1314 437 ondebit

83 437 143 468 sub
166 436 276 467 eodem
298 435 448 476 periculo,
471 436 506 466 xl
521 440 545 467 s.
592 435 650 476 [To
675 436 801 473 Guthre,
828 436 1036 477 Oomptroller,
1060 439 1136 468 2392
1149 422 1249 467 eutiire.

83 486 146 517 193.
163 485 228 526 fich]
273 485 316 516 Et
331 485 443 522 eidem,
458 495 515 526 per
531 485 726 516 solucionem
742 486 861 516 factam
877 486 962 517 dicto
985 487 1135 528 magistro

84 535 191 567 David
206 545 263 576 per
278 534 500 566 vendicionem
515 535 614 565 trium
630 534 810 566 celdrarum
831 536 1031 573 victualium,
1047 537 1135 567 vide-

66 585 159 619 „licet
181 584 278 615 brasii
301 587 333 615 et
360 584 461 615 farine
485 584 658 621 avenatice‚
684 594 739 625 per
765 584 889 616 dictum
918 586 1135 623 rotulatorem,

83 635 152 676 ipso
182 634 303 665 fatente
327 634 550 665 vendicionem
574 637 606 665 et
632 637 796 675 receptum
821 645 916 676 super
939 639 1136 676 computum,

85 694 106 715 x
128 683 169 721 fi„
191 694 249 724 pro
271 683 388 724 quibus
412 684 514 714 eciam
535 683 747 724 respondebit.
794 684 837 715 Et
859 695 916 725 per
938 685 1136 717 solucionem
1225 693 1270 715 Do.

86 732 203 766 factam
225 732 296 763 Ade
311 731 435 763 Wallas
458 732 497 763 de
522 732 632 773 Crago,
655 736 878 773 computorum
902 734 1077 769 rotulatori‚
1096 734 1136 765 ad

85 781 203 813 similes
226 792 380 823 expensas
410 782 572 818 domicilii,
605 782 674 823 ipso
705 783 827 815 fatente
850 787 1015 824 receptum
1042 794 1137 825 super
1150 785 1315 836 §Jffignoeflebit

86 834 279 872 computum,
295 842 339 862 xx
354 831 385 862 ri.
402 832 448 872 iiij
466 836 498 869 s„
515 842 571 873 pro
587 832 705 873 quibus
726 833 942 874 respondebit.
987 834 1030 864 Et
1052 844 1137 865 com·
1151 844 1276 868 rotulam.

32 878 44 910 ζ
86 882 221 922 putanti,
236 892 292 922 pro
308 882 400 913 feodo
416 892 473 913 suo
489 882 715 913 camerariatus
732 883 867 923 predicti
890 883 930 914 de
952 893 1037 914 anno
1053 894 1138 915 com-

87 931 165 973 puti,
180 931 211 972 vj
228 931 260 962 fi.
277 931 333 972 xiij
351 936 375 963 s.
391 932 438 972 iiij
455 931 483 962 d.
530 932 573 962 Et
593 932 706 969 eidem,
722 942 779 972 per
801 932 995 964 solucionem
1020 933 1138 964 factam

16 1020 27 1024 ν
88 981 171 1012 dicto
191 984 413 1022 computorum
435 981 603 1012 rotulatori
626 981 661 1012 in
684 981 785 1012 feodis
809 981 941 1013 Patricii
964 982 1082 1013 Erskin
1106 987 1138 1014 et

27 1046 30 1047 ⁷
88 1031 206 1062 Thome
235 1031 396 1062 Talliefeir
426 1031 465 1062 de
495 1032 634 1062 termino
665 1031 886 1063 Pentichostes
917 1032 1042 1070 ultimo,
1068 1033 1138 1073 ipso

27 1087 35 1090 ⁴
88 1080 207 1112 fatente
223 1081 411 1112 mandatum
428 1091 524 1121 super
546 1084 743 1122 computum,
761 1082 820 1112 sub
841 1081 984 1122 periculo
1008 1092 1137 1123 compu-

35 1150 38 1151 γ
88 1130 194 1168 tantis,
215 1130 262 1171 iiij
291 1130 333 1167 112,
359 1141 417 1172 pro
445 1130 561 1171 quibus
588 1131 799 1171 respondebit.
847 1131 906 1172 [To
929 1125 1001 1163 said
1031 1132 1137 1172 Oomp—
1227 1137 1272 1159 Do.

89 1180 200 1216 wollar,
215 1180 290 1211 ‚2315
311 1180 375 1211 163,
401 1181 450 1212 (fd.
503 1180 591 1218 Sum,
615 1181 713 1212 ss276
736 1181 778 1211 Is.
797 1181 846 1212 6d.
901 1181 1139 1222 Overexpended,

90 1229 197 1270 aelst}
218 1239 276 1270 pro
299 1230 416 1270 quibus
441 1229 667 1261 allocabuntur
694 1230 755 1261 sibi
780 1230 815 1260 in
842 1230 942 1261 firmis
968 1241 1139 1271 granorum

3 1282 21 1323 ᾗ
36 1309 44 1314 ,
89 1279 363 1320 infrascriptorum
373 1282 437 1311 tres
454 1280 558 1311 celdre
575 1279 773 1311 victualium.
818 1280 861 1311 Et
877 1280 922 1311 sic
939 1290 1019 1321 eque
1035 1280 1139 1321 quoad

15 1367 18 1369 Α
34 1333 38 1336 ”
56 1372 58 1375 y
90 1329 265 1370 pecuniam.
1154 1336 1229 1365 Eque.

133 1379 279 1419 Expense
305 1389 476 1420 granorum
502 1379 800 1420 suprascriptorum.
859 1379 900 1410 In
930 1379 1051 1420 primis,
1074 1379 1141 1410 fru—
1155 1386 1309 1416 Frumen-

91 1428 198 1459 menti.
243 1428 390 1459 Allocate
412 1429 613 1469 computanti
635 1440 692 1470 per
710 1429 937 1461 liberacionem
960 1429 1078 1460 factam
1101 1429 1140 1460 ad
1155 1432 1233 1459 tum.

93 1488 246 1519 expensas
269 1478 424 1510 domicilii
439 1478 561 1510 domini
577 1479 659 1520 regis
682 1490 701 1510 a
716 1479 877 1510 tricesimo
893 1479 944 1509 die
966 1479 988 1509 J
990 1478 1050 1509 ulii
1065 1479 1142 1509 anni

93 1527 280 1568 sexagesimi
309 1527 438 1568 septimi
461 1538 562 1568 usque
585 1528 621 1558 in
651 1528 840 1559 vicesimum
870 1538 992 1558 nonum
1023 1529 1142 1559 mensis

93 1577 214 1618 Aprilis
229 1577 306 1608 anni
329 1577 518 1618 sexagesimi
541 1577 655 1614 octavi,
670 1580 708 1608 ut
722 1580 812 1618 patet
834 1577 869 1607 in
891 1577 982 1608 libris
998 1578 1141 1618 ejusdem

94 1626 329 1667 particulariter
358 1626 551 1658 examinatis
582 1637 678 1668 super
708 1629 904 1667 computum,
935 1637 957 1657 v
986 1627 1089 1658 celdre
1121 1637 1141 1657 x

30 1712 33 1715 ‚
93 1675 183 1707 bolle.

126 1725 291 1766 Expense.
348 1726 388 1756 In
414 1724 534 1766 primis,
560 1725 694 1756 allocate
720 1725 921 1766 computanti
950 1735 1007 1766 per
1030 1725 1142 1757 vendi·
1156 1731 1294 1763 ordeum
1312 1734 1345 1762 ee

96 1773 218 1805 cionem
240 1774 376 1805 duarum
399 1774 578 1806 eeldrarum
601 1774 699 1805 brasii
722 1777 755 1805 et
777 1774 874 1805 unius
897 1774 1000 1805 celdre
1024 1775 1141 1806 farrine
1155 1775 1304 1806 brasium.

38 1834 42 1844 =·
87 1823 257 1871 §ayenatice
273 1834 347 1855 cum
370 1823 487 1864 quibus
503 1823 628 1854 Guthre
644 1826 802 1860 oneratur,
817 1827 855 1853 ut
877 1826 967 1863 patet
983 1823 1016 1854 in
1031 1834 1142 1864 supra-

22 1878 25 1887 ‘
50 1871 60 1875 ’
96 1872 212 1913 scripto
235 1876 394 1913 computo,
422 1873 443 1913 ij
468 1872 575 1904 celdre
598 1872 704 1903 brasii.
749 1872 792 1902 Et
815 1872 927 1909 eidem,
950 1883 1006 1913 per
1028 1873 1142 1904 libera-

97 1920 218 1954 cionem
229 1922 351 1962 factam
373 1921 413 1953 ad
437 1922 538 1953 dictas
554 1932 710 1962 expensas
734 1931 752 1952 a
775 1921 860 1952 dicto
884 1921 1044 1952 tricesimo
1059 1921 1142 1953 Julii

95 1979 195 2011 usque
220 1971 372 2003 ultimum
403 1971 485 2003 Maii
515 1972 599 2002 infra
628 1971 688 2002 hoc
718 1974 914 2011 computum,
937 1973 974 2001 ut
997 1974 1086 2011 patet
1108 1972 1143 2002 in

97 2019 214 2051 eisdem
235 2020 326 2052 libris
349 2021 490 2061 antiquis
516 2024 548 2052 et
573 2020 665 2051 novis
692 2019 927 2060 particulariter
951 2020 1142 2051 examinatis

98 2077 191 2109 super
206 2073 401 2110 computum,
416 2070 473 2101 xix
489 2070 592 2101 celdre
604 2070 636 2110 vj
654 2069 738 2100 bolle
753 2070 775 2109 ij
793 2069 906 2100 ferlote
922 2069 1025 2100 brasii.

138 2115 285 2158 Expense
301 2118 418 2150 farrine
440 2118 612 2149 avenatice.
658 2118 700 2149 In
721 2118 843 2158 primis,
860 2117 995 2148 allocata
1014 2128 1144 2158 compu-

98 2166 180 2197 tanti
194 2176 250 2207 per
264 2167 485 2199 vendicionem
502 2168 600 2198 trium
623 2167 801 2198 celdrarum
817 2167 1064 2208 prescriptarum
1088 2177 1144 2208 per

99 2213 218 2246 dictum
234 2216 440 2248 rotulatorem
457 2216 591 2253 Guthre,
604 2216 616 2256 j
635 2216 740 2247 celdra
756 2216 881 2248 farrine.
