1551 2462
100 552 265 582 Respondebit

101 582 196 605 Boncle.

101 712 265 741 Respondebit

102 742 232 771 Kingorne.

103 1140 267 1170 Respondebit

100 1170 223 1199 Kingorne
234 1177 277 1199 pro

102 1201 186 1222 martis
198 1202 222 1223 et
232 1207 276 1229 pro

102 1230 210 1258 pecunia.

102 1500 267 1529 Respondebit

103 1530 233 1558 Kingorne.

317 248 376 277 168
626 243 791 275 ROTULI
816 242 1052 275 SOACCARII
1275 245 1365 275 1463.

314 341 429 370 stouue
452 337 493 369 ad
516 337 635 369 dictam
658 336 821 374 fabricam,
838 339 870 368 et,
893 336 932 368 de
955 336 1073 377 quibus
1096 335 1182 367 idem
1202 335 1367 367 Johannes

314 387 453 419 reddidit
479 391 671 428 compotum,
687 387 813 427 lxxxvij
830 386 862 417 fi.
879 387 924 427 vij
953 390 976 417 S.
994 386 1025 427 vj
1043 386 1073 418 d.
1118 386 1161 416 Et
1176 385 1289 423 eidem,
1311 395 1369 426 per

316 437 511 469 solucionem
523 437 641 468 factam
657 436 814 468 Edwardo
830 436 869 467 de
881 435 1001 467 Boncle
1019 436 1058 467 ad
1071 435 1191 467 dictam
1206 435 1368 472 fabricam,

317 489 352 518 ut
383 490 472 528 patet
501 496 558 527 per
587 486 707 517 librum
732 485 810 517 dicti
840 485 991 516 Edwardi
1022 495 1080 516 sua
1110 485 1250 526 propria,
1269 494 1370 516 manu

317 536 480 576 seriptum,
507 538 670 566 ostensum
697 545 792 575 super
818 537 1011 575 compotum,
1038 533 1073 564 xl
1099 533 1141 570 fi„
1167 544 1224 574 pro
1252 533 1389 574 quibus,

317 585 403 616 idem
433 584 645 625 respondebit.
691 584 734 615 Et
771 583 884 620 eidem,
922 593 978 624 per
1015 583 1213 614 solucionem
1250 582 1370 614 factam

318 634 446 666 domino
459 633 600 664 Henrico
613 633 651 664 de
663 633 839 674 Kingorne,
849 632 1023 664 senescallo
1036 632 1151 674 regine,
1164 632 1204 664 ad
1214 641 1370 673 expensas

318 683 470 724 ejusdem,
506 683 576 724 ipso
615 683 737 714 fatente
774 685 939 723 receptum
973 692 1069 723 super
1110 685 1302 723 compotum,
1338 685 1371 713 et

317 743 374 774 pro
390 733 506 773 quibus
522 732 734 773 respondebit,
747 732 838 772 xxiiij
854 732 887 763 fi.
904 732 961 773 xiij
978 736 999 763 S.
1017 732 1039 772 ij
1057 731 1085 763 d.
1131 732 1174 763 En
1189 731 1301 768 eidem,
1313 741 1370 772 pro

316 782 723 823 reparacione·molendini
747 782 787 813 de
811 782 844 812 N
846 792 929 819 evar,
953 792 994 813 ex
1018 781 1177 819 mandato,
1198 781 1232 812 xl
1257 785 1280 813 S.
1326 781 1369 812 Et

317 832 429 869 eidem,
459 842 516 873 pro
540 831 571 863 le
594 831 679 863 inlac
704 831 894 862 victualium
917 831 1120 863 venditorum
1151 842 1225 862 cum
1252 831 1369 872 quibus

317 884 502 922 compotans
527 880 674 921 superius
701 884 860 918 oneratur,
876 890 943 911 xxv
967 884 990 913 S.
1036 880 1078 911 Et
1102 880 1214 918 eidem,
1230 881 1264 911 in
1289 880 1367 921 xviij

317 931 428 962 martis
445 940 519 961 cum
549 930 666 967 corriis,
697 930 814 970 emptis
845 940 901 971 per
932 930 1070 961 eundem
1096 934 1129 961 eb
1158 930 1301 961 liberatis
1329 931 1369 961 ad

318 990 473 1021 expensas
489 979 617 1011 domine
633 979 750 1020 regine,
765 989 902 1020 quarum
916 982 1040 1010 restant
1061 982 1127 1011 ‘cres
1147 980 1183 1010 in
1197 979 1370 1011 lardinaria

319 1029 357 1061 de
381 1029 623 1070 Ravynniscrag
645 1032 678 1060 et
701 1028 755 1059 alii
781 1028 967 1070 quindecim
990 1029 1138 1060 locantur
1159 1029 1194 1060 in
1209 1029 1368 1071 herbagio,

318 1078 469 1110 videlicet
485 1081 622 1119 quaeuor
646 1088 720 1109 cunr
747 1078 907 1110 Herbarto
932 1078 970 1109 de
996 1078 1143 1110 Moravia
1162 1078 1196 1109 in
1221 1078 1251 1110 le
1267 1078 1370 1110 Pullis

320 1131 352 1160 et
367 1139 424 1160 sex
439 1128 474 1159 in
490 1131 634 1160 armento
650 1128 779 1159 domine
802 1128 910 1169 regine
925 1128 960 1159 in
983 1128 1191 1167 Lossintrule,
1206 1131 1239 1160 eb
1254 1128 1371 1170 reliqui

320 1178 462 1219 quinque
484 1177 632 1209 locanizur
654 1187 710 1219 per
733 1177 946 1209 senescallum
971 1177 1146 1218 Kingorne,
1170 1187 1227 1218 pro
1253 1178 1371 1219 quibus

318 1277 361 1308 Et
376 1277 487 1314 eidem,
504 1287 561 1317 pro
585 1277 733 1308 secundis
755 1277 888 1308 decimis
912 1276 1028 1308 debitis
1050 1276 1148 1318 priori
1163 1277 1201 1308 de
1222 1277 1371 1309 Rostinet

319 1326 403 1358 dele
419 1326 528 1357 Halch
543 1326 622 1357 alias
645 1327 679 1357 in
702 1327 850 1358 manibus
875 1326 1001 1357 domine
1025 1327 1140 1367 regine,
1157 1337 1221 1358 non
1242 1327 1370 1368 scriptis

318 1376 353 1407 in
368 1375 493 1413 renhali,
510 1376 566 1416 xiij
586 1381 608 1407 ἕ.
625 1376 671 1416 iiij
690 1375 718 1406 d.
764 1376 807 1407 Et
831 1375 942 1411 eidem,
959 1385 1017 1416 pro
1035 1376 1128 1407 feodo
1151 1386 1217 1413 suo,
1233 1386 1274 1408 ex
1296 1386 1371 1408 con-

318 1425 512 1457 sideracione
539 1425 730 1462 auditorum,
759 1424 772 1455 1
802 1429 826 1456 S.
871 1424 913 1455 Et
943 1434 999 1465 per
1030 1424 1226 1456 solucionem
1250 1426 1370 1457 factam

319 1474 493 1506 senescallo
523 1474 690 1514 Kingorne
721 1473 760 1504 ad
800 1483 955 1514 expensas
995 1473 1123 1505 domine
1153 1475 1269 1516 regine,
1299 1475 1369 1516 ipso

319 1524 441 1556 fatenbe
464 1534 559 1564 super
581 1526 774 1564 compobum,
791 1526 822 1554 et
839 1533 894 1564 pro
918 1523 1035 1564 quibus
1056 1524 1269 1565 respondebit,
1285 1525 1319 1566 iij
1336 1524 1367 1557 fi.

318 1574 374 1614 viij
392 1578 414 1605 S.
432 1573 453 1614 ij
470 1573 499 1604 d.
547 1573 678 1604 Summa
694 1583 914 1613 expensarum,
931 1572 1046 1614 ij⁰lxvij
1064 1573 1095 1604 fi.
1113 1574 1179 1614 xvij
1197 1578 1220 1606 S.
1266 1574 1308 1606 Et
1323 1575 1369 1606 sic

318 1626 440 1655 restant
462 1624 497 1655 ix
518 1623 550 1654 li.
575 1623 629 1663 xvj
649 1627 671 1654 S.
689 1633 710 1654 x
726 1622 754 1653 d.
801 1623 851 1654 De
874 1623 1001 1664 quibus,
1017 1623 1150 1655 allocate
1173 1625 1370 1665 compotanti

318 1684 376 1715 pro
391 1673 538 1704 secundis
551 1672 682 1704 decimis
693 1673 808 1704 debitis
821 1672 919 1713 priori
935 1672 974 1704 de
986 1673 1135 1704 Rostinet
1147 1673 1185 1705 de
1197 1674 1369 1715 gressumis

319 1722 453 1755 dominii
468 1723 507 1754 (16
523 1722 669 1759 Brechin,
685 1722 729 1762 vij
747 1721 778 1754 112
795 1722 852 1754 xix
867 1726 891 1754 S.
908 1723 963 1763 viij
981 1721 1009 1754 d.
1026 1723 1075 1755 ob.
1120 1723 1163 1754 Et
1185 1723 1231 1755 sic
1246 1726 1369 1755 restant

282 1806 286 1808 ,
319 1773 431 1813 xxxvij
449 1777 472 1803 S.
485 1772 498 1814 j
516 1771 545 1804 d„
562 1772 609 1804 ob.

105 1875 297 1907 Stratherne.

365 1872 557 1913 Compotum
569 1871 591 1903 J
593 1871 727 1902 ohannis
739 1870 777 1902 de
789 1871 945 1909 Moravia,
953 1872 1117 1903 camerarii
1123 1872 1161 1904 de
1174 1872 1369 1911 Stratherne,

321 1922 530 1963 [Eclz‘nburqlh
552 1922 595 1953 §29
625 1921 704 1962 chly
730 1921 825 1959 1463,
844 1921 933 1961 from
965 1922 986 1952 5
1011 1921 1172 1962 February
1201 1923 1310 1961 1461;
1347 1924 1369 1954 3

321 1971 435 2012 terma]

365 2020 405 2050 In
435 2020 556 2061 primis,
586 2022 772 2060 compotans
803 2022 913 2050 onerat
936 2029 968 2050 se
1000 2019 1039 2051 de
1069 2020 1113 2061 xij
1138 2020 1169 2051 ri.
1193 2021 1249 2062 viij
1275 2021 1369 2053 bollis

321 2069 418 2101 brasii
443 2069 482 2100 de
505 2069 605 2100 firmis
629 2072 784 2100 terrarum
810 2068 849 2100 de
872 2069 1179 2110 Drumquharacane
1203 2070 1241 2102 de
1266 2071 1369 2102 tribus

322 2119 466 2150 terminis
482 2118 578 2159 hujus
595 2119 740 2160 compoti.
786 2118 827 2149 Et
844 2118 882 2150 de
898 2117 933 2149 xl
949 2122 971 2151 S.
989 2119 1028 2150 de
1044 2119 1142 2151 firmis
1159 2124 1314 2151 terrarum
1331 2121 1370 2152 de

323 2168 493 2200 Blacfu‘rde
516 2168 554 2200 de
572 2168 665 2200 dictis
689 2168 791 2200 tribus
815 2168 968 2200 terminis.
1014 2169 1056 2200 Et
1073 2169 1111 2201 de
1127 2170 1171 2211 vij
1188 2169 1219 2201 ri.
1237 2181 1258 2201 x
1274 2174 1297 2202 S.
1313 2180 1370 2211 per

1512 14 1519 29 1
