1551 2462
1348 0 1551 243 „3

399 292 459 321 416
703 290 868 322 ROTUL1
892 290 1129 323 SCACCARII
1361 293 1453 341 1466.

396 385 510 414 cantur
526 382 701 414 husbandis
726 384 869 424 quinque
893 383 996 420 solidi,
1020 394 1064 414 xx
1088 388 1110 414 5.
1157 383 1199 414 Et
1221 393 1278 424 pro
1301 383 1348 424 iiij
1379 393 1454 424 ryn-

396 436 550 464 mutoune
568 433 651 464 dicte
669 434 783 465 foreste
807 434 845 465 de
861 433 955 464 dictis
980 433 1134 470 terminis,
1158 433 1204 474 iiij
1229 437 1252 464 5.
1298 434 1341 464 Et
1364 433 1448 464 dieto

397 483 607 523 computanti,
638 493 694 524 pro
725 483 838 524 viginti
868 483 971 514 tribus
995 483 1107 514 martis
1138 483 1159 524 ij
1193 483 1316 524 quartis
1347 487 1449 514 marte

396 532 491 563 dictis
537 533 710 573 rynmartis
755 533 889 564 dominii
927 533 965 563 de
1006 533 1101 573 Petty
1139 536 1172 563 et
1210 533 1373 574 Brachlyn
1411 533 1450 564 de

397 592 481 612 anno
526 583 670 623 computi
711 586 744 613 et
788 593 871 613 anno
917 582 1107 623 precedente
1153 582 1213 613 hoc
1253 586 1450 623 computum,

395 641 452 672 pro
469 642 605 672 quarum
621 632 765 673 qualibet
780 631 959 663 allocantur
974 635 1011 662 ut
1031 642 1135 672 supra,
1151 642 1172 662 v
1187 631 1219 662 fi.
1237 632 1315 672 xviij
1333 636 1356 663 5.
1373 632 1404 673 vj
1418 631 1448 664 d.

395 682 438 712 Et
454 682 565 719 eidem,
578 692 635 722 pro
650 682 695 721 iiij
714 682 826 713 martis
842 682 936 712 dictis
952 682 1125 722 rynmartis
1136 681 1174 712 de
1192 681 1291 712 CouIe
1306 685 1339 712 et
1355 681 1450 713 Oneil

395 731 435 762 de
451 731 570 762 eisdem
587 732 687 768 annis,
704 741 760 771 pro
780 731 897 772 quibus
917 731 1095 762 ancantur
1110 735 1147 761 ut
1163 741 1258 771 supra
1274 730 1450 762 husbandis

396 781 548 821 ejusdem,
561 791 605 811 xx
621 785 643 812 5.
690 781 732 811 Et
745 781 857 818 eidem,
869 792 925 822 per
938 780 1132 813 solucionem
1144 781 1262 812 factam
1274 781 1453 813 husbandis

395 831 566 862 comitatus
591 831 629 862 de
652 832 742 862 Marr
775 841 832 872 pro
863 831 1029 872 sexaginta
1058 841 1174 862 novem
1206 831 1317 862 martis
1347 831 1450 862 tribus

397 881 519 921 quartis
543 884 644 912 marte
673 881 711 912 de
736 891 819 911 anno
845 881 987 921 computi
1013 884 1046 912 et
1072 891 1156 911 anno
1179 880 1368 921 precedente
1393 881 1452 912 hoc

397 933 592 970 computum,
609 940 666 970 pro
683 940 819 970 quarum
835 929 979 970 qualibet
994 930 1163 961 solvuntur
1176 930 1295 961 eisdem
1308 931 1450 971 quinque

396 979 490 1010 solidi
514 979 553 1010 de
581 979 647 1011 suis
673 980 782 1016 firmis,
797 979 864 1020 xvij
890 979 921 1010 fi.
939 979 995 1020 viij
1024 984 1046 1010 5.
1064 980 1098 1010 ix
1121 979 1151 1011 d.
1197 980 1239 1010 Et
1266 980 1378 1018 eidem,
1393 991 1450 1021 pro

397 1029 441 1069 xij
466 1030 640 1070 rynmartis
664 1029 835 1060 comitatus
857 1028 895 1060 de
917 1028 1006 1060 Marr
1029 1029 1068 1060 de
1091 1028 1185 1060 dictis
1209 1029 1332 1060 duobus
1349 1029 1451 1066 annis,

396 1078 539 1110 allocatis
571 1082 607 1110 ut
637 1089 742 1120 supra,
773 1079 806 1119 iij
838 1078 870 1109 Π.
918 1079 1050 1110 Summa
1079 1078 1195 1109 harum
1225 1089 1448 1119 expensarum,

395 1127 511 1169 vjclxix
527 1128 559 1159 fi.
576 1129 631 1169 viij
658 1133 680 1160 5.
694 1129 706 1169 j
732 1128 760 1159 d.
807 1129 849 1159 Et
872 1128 918 1159 sic
940 1131 1062 1159 restant
1082 1127 1202 1169 jmj⁰lxx
1217 1128 1248 1159 li.
1267 1129 1324 1169 viij
1342 1133 1365 1160 5.
1382 1139 1404 1159 x
1420 1129 1449 1160 d.

395 1178 446 1209 De
463 1179 588 1219 quibus,
604 1178 745 1219 pendent
762 1189 857 1219 super
872 1181 1113 1219 computantem
1129 1177 1168 1209 de
1184 1178 1283 1209 firmis
1295 1181 1449 1209 terrarum

396 1227 435 1259 de
453 1228 657 1268 Soynaharde
674 1228 708 1259 in
725 1228 865 1259 dominio
882 1227 920 1259 de
938 1227 1139 1265 Strathdone,
1152 1231 1377 1269 occupatarum
1393 1238 1450 1269 per

396 1282 638 1318 computantem
669 1288 707 1309 ex
739 1277 926 1309 tosserancia
955 1277 1078 1308 domini
1108 1277 1199 1318 regis,
1230 1281 1272 1308 ut
1297 1281 1385 1318 patet
1415 1278 1450 1308 in

395 1327 508 1358 rotulis
538 1328 791 1368 precedentibus,
821 1327 860 1358 de
891 1336 976 1357 anno
997 1327 1140 1367 computi
1163 1330 1195 1357 et
1223 1327 1282 1358 sub
1309 1327 1449 1367 periculo

396 1377 621 1418 computantis,
637 1377 693 1418 viij
711 1377 742 1407 l'i.
788 1377 830 1407 Et
847 1376 988 1417 pendent
1011 1375 1160 1407 similiter
1183 1375 1221 1406 de
1237 1376 1336 1407 firmis
1352 1380 1449 1407 terra-

394 1436 465 1457 rum
483 1427 521 1458 de
537 1426 791 1463 XVestercothris,
808 1426 842 1456 in
859 1424 1007 1456 manibus
1025 1425 1160 1456 Walteri
1178 1425 1353 1463 Pantoune,
1369 1436 1449 1466 quas

394 1480 529 1516 occupat
545 1476 672 1516 injuste,
687 1476 763 1506 licet
780 1475 945 1506 introierat
959 1475 993 1504 in
1011 1474 1128 1505 eisdem
1151 1474 1190 1505 de
1206 1485 1290 1505 anno
1306 1475 1449 1516 computi

394 1528 426 1556 et
441 1525 545 1556 tribus
561 1525 706 1555 terminis
723 1524 966 1566 precedentibus
990 1524 1050 1554 hoc
1066 1528 1263 1564 computum,
1279 1524 1322 1564 xij
1340 1524 1371 1554 fi.
1390 1535 1410 1555 x
1421 1528 1444 1555 5.

394 1574 437 1605 Et
453 1574 593 1615 pendent
616 1574 764 1604 similiter
779 1583 874 1614 super
897 1573 1046 1603 comitem
1063 1573 1194 1603 Atholie
1210 1573 1249 1604 de
1265 1573 1364 1604 firmis
1385 1577 1448 1604 ter-

393 1634 501 1654 rarum
525 1623 563 1654 de
587 1622 828 1654 Kinninmonth
855 1626 887 1653 et
910 1622 1104 1659 Bouchrum,
1126 1626 1320 1654 asserentem
1347 1623 1448 1654 dictas

394 1676 494 1704 terras
511 1672 571 1704 sibi
588 1672 656 1703 dari
672 1672 704 1702 in
721 1671 898 1712 plenariam
915 1671 1189 1702 contentaeionem
1206 1675 1335 1703 centum
1351 1672 1448 1704 libra-

393 1725 500 1753 tarum
526 1725 611 1753 terre
626 1722 660 1752 in
676 1721 817 1752 dominio
844 1721 883 1752 de
908 1720 1064 1762 Balvany,
1081 1721 1120 1752 de
1143 1731 1226 1751 anno
1250 1722 1393 1762 computi
1416 1725 1448 1753 et

394 1772 497 1803 tribus
513 1771 658 1803 terminis
682 1771 926 1812 precedentibus
950 1770 1010 1801 hoc
1034 1774 1230 1811 computum,
1246 1781 1312 1801 xxv
1327 1771 1360 1803 fi.
1404 1771 1448 1802 Et

393 1821 536 1862 pendent
552 1821 698 1852 similiter
722 1831 817 1861 super
840 1821 988 1851 comitem
1015 1820 1053 1851 de
1074 1820 1200 1852 Huntie
1216 1820 1255 1851 de
1271 1821 1369 1852 firmis
1385 1824 1448 1852 ter·

394 1881 502 1902 rarum
533 1871 572 1902 de
604 1870 738 1907 Schefin.
764 1881 800 1901 eo
827 1870 913 1911 quod
944 1870 1048 1901 dictus
1078 1880 1182 1901 comes
1210 1870 1321 1901 asserit
1346 1871 1447 1902 dictas

395 1923 494 1951 terras
511 1930 577 1951 esse
594 1920 633 1951 de
650 1920 790 1951 dominio
808 1920 846 1950 de
863 1919 1058 1961 Baidenagh,
1073 1920 1150 1951 licet
1169 1920 1235 1951 sint
1250 1920 1289 1951 de
1306 1920 1446 1952 dominio

395 1969 434 2000 de
451 1970 645 2006 Stratherne,
662 1973 698 2000 ut
721 1973 810 2010 patet
832 1969 866 2000 in
889 1969 1013 2007 rentali,
1031 1970 1070 2000 de
1093 1969 1178 2001 dicto
1195 1980 1279 2000 anno
1295 1973 1328 2000 et
1343 1971 1446 2002 tribus

394 2019 540 2050 terminis
557 2019 799 2060 precedentibus
822 2018 882 2049 hoc
905 2022 1101 2059 computum,
1117 2019 1171 2059 xvj
1189 2018 1220 2049 fi.
1237 2019 1294 2059 xiij
1313 2023 1335 2050 5.
1353 2019 1398 2060 iiij
1416 2019 1445 2052 d.

394 2068 437 2099 Et
459 2069 601 2109 pendent
631 2069 779 2100 similiter
802 2068 841 2099 de
864 2068 965 2099 firmis
989 2072 1146 2099 terrarum
1175 2068 1213 2099 de
1237 2069 1446 2102 Strathnarne

393 2119 610 2159 spectancium
628 2118 788 2159 quondam
805 2118 913 2149 comiti
925 2118 1123 2154 Craufurdie,
1136 2128 1175 2148 ex
1189 2128 1225 2148 eo
1238 2118 1323 2158 quod
1333 2119 1445 2150 asseri-
1483 2129 1487 2132 ’

387 2170 447 2197 stur
463 2167 570 2198 David
593 2168 741 2198 comitem
766 2167 956 2199 Craufurdie
979 2167 1187 2208 superstitem
1210 2168 1447 2208 recuperavisse

393 2216 544 2248 saisinam
560 2217 717 2248 dictarum
731 2221 886 2249 terrarum
900 2220 974 2248 ante
992 2217 1159 2248 introitum
1172 2218 1446 2259 computantiSLde

1536 398 1551 450 ζᾶ

1535 259 1551 326 ἐ
