1551 2462
402 268 462 297 356
714 265 877 297 ROTULI
902 264 1137 296 SCACCARII
1365 267 1453 295 1465.

400 358 511 390 martis
539 358 632 390 dictis
659 358 833 399 rynmartis
863 357 930 399 regi
961 357 1077 389 debitis
1108 357 1147 388 de
1178 356 1314 388 termino
1344 356 1455 388 Sancti

401 408 537 439 Martini
567 408 652 438 infra
682 408 741 439 hoc
781 411 968 449 computum
1005 407 1090 438 infra.
1121 407 1380 438 vicecomitatum
1415 406 1454 437 de

401 458 506 499 Elgin,
527 468 584 498 pro
601 468 736 498 quarum
753 458 898 499 qualibet
920 458 1100 489 allocantur
1120 456 1297 488 husbandis
1312 456 1456 497 quinque

402 507 497 539 solidi
523 508 558 538 in
579 507 645 538 suis
669 508 777 545 firmis,
808 507 842 538 xl
863 512 885 539 s.
932 508 974 538 Et
992 517 1048 548 pro
1065 510 1135 537 octo
1158 506 1345 537 mutonibus
1361 506 1455 537 dictis

402 559 596 598 rynmutone
624 557 741 588 debitis
772 557 921 588 similiter
951 557 990 587 de
1021 556 1107 587 dicto
1137 552 1372 592 vicecomitatu,
1397 566 1454 596 pro

402 617 538 648 quorum
569 606 715 647 quolibet
745 607 924 638 allocantur
960 605 1136 637 husbandis
1175 605 1210 635 in
1247 605 1312 636 suis
1354 605 1455 636 firmis

402 656 570 687 duodecim
608 656 740 693 denarii,
771 656 809 687 de
848 656 932 687 dicto
971 655 1116 692 termino,
1155 655 1210 695 viij
1243 659 1266 686 ἓ.
1326 655 1369 685 Et
1399 665 1455 695 pro

402 706 446 746 vij
478 706 651 747 rynmartis
682 706 924 737 vicecomitatus
955 705 994 736 de
1025 705 1120 735 Fores
1151 704 1268 735 debitis
1298 704 1455 741 similiter,

402 755 441 786 de
474 755 585 786 eodem
614 755 761 793 termino,
797 765 886 785 xxxv
912 759 935 786 ἕ.
995 754 1037 784 Et
1069 764 1125 794 pro
1162 753 1206 793 vij
1238 754 1479 793 rynmutoune‘

402 805 480 835 dicti
519 805 760 835 vicecomitatus
795 804 911 835 debitis
947 803 1095 835 similiter
1125 803 1163 834 de
1194 803 1279 834 dicto
1310 803 1455 839 termino,

405 855 447 895 vij
479 858 501 885 s.
548 855 591 884 Et
629 854 793 895 capellano
832 854 928 885 castri
969 853 1008 884 de
1045 852 1169 884 Awach
1205 855 1237 883 et
1270 852 1456 895 Eddirdulc‚

403 903 593 945 percipienti
621 904 788 934 annuatim
816 904 960 944 quinque
983 903 1090 940 libras,
1113 902 1152 933 de
1178 902 1271 933 dictis
1301 902 1456 938 terminis,

404 954 447 994 vij
465 953 495 984 n.
514 964 535 984 x
551 957 574 984 s.
620 953 663 983 Et
679 953 844 993 capellano
868 953 1041 984 celebranti
1058 952 1092 982 in
1108 951 1241 983 ecclesia
1256 951 1294 982 de
1310 951 1401 991 Tayn
1417 951 1456 982 de

402 1013 485 1034 novo
516 1002 650 1033 fundato
678 1012 734 1043 per
766 1002 933 1033 dominum
958 1012 1065 1042 regem
1090 1001 1250 1032 Jacobum
1277 1000 1454 1032 secundum

403 1054 484 1084 bone
511 1052 663 1083 memorIe
691 1052 729 1082 de
755 1052 848 1083 terris
873 1052 913 1083 de
937 1051 1108 1082 Dunscath
1134 1061 1208 1081 cum
1231 1050 1385 1091 passagio,
1416 1050 1455 1081 de

404 1103 497 1133 dictis
518 1102 673 1138 terminis,
697 1101 887 1142 percipienti
910 1100 1078 1132 annuatim
1102 1101 1212 1131 decem
1235 1110 1366 1136 marcas,
1383 1110 1405 1130 x
1421 1099 1453 1131 Π.

404 1153 446 1183 Et
462 1152 558 1193 priori
574 1152 613 1183 de
629 1151 798 1188 Belloloco‚
815 1151 853 1182 de
870 1161 977 1182 annuo
989 1151 1118 1182 redditu
1142 1150 1204 1181 sibi
1220 1150 1327 1181 debito
1344 1154 1376 1181 et
1392 1160 1456 1181 una

404 1203 486 1234 libra
501 1202 620 1242 piperis
637 1201 745 1232 debita
762 1201 800 1232 ad
818 1201 937 1232 festum
963 1201 1072 1232 Sancti
1092 1200 1228 1232 Martini
1250 1200 1288 1231 de
1309 1200 1401 1231 terris
1418 1199 1457 1230 de

404 1252 525 1283 Awach
543 1255 574 1282 et
585 1251 769 1288 Eddirdule,
786 1251 824 1281 de
837 1251 982 1282 terminis
999 1251 1151 1291 computi,
1168 1250 1198 1291 vj
1221 1250 1252 1281 n„
1269 1250 1303 1290 iij
1323 1254 1345 1281 ἔ.
1363 1249 1409 1290 iiij
1426 1249 1456 1281 d.

405 1302 447 1332 Et
468 1300 629 1332 Celestino
661 1301 699 1332 de
724 1300 853 1337 Insulis,
869 1311 909 1332 ex
932 1300 1133 1331 concessione
1157 1300 1278 1331 domini
1301 1300 1382 1341 regis
1405 1299 1458 1340 pie

405 1351 556 1382 memorie
568 1350 606 1381 de
622 1351 714 1381 terris
731 1350 769 1381 de
785 1350 960 1381 Edtlirdule
973 1361 1029 1391 pro
1042 1350 1186 1381 custodia
1199 1349 1292 1381 castri
1306 1350 1457 1390 ejusdem,

406 1401 444 1432 de
455 1401 548 1431 dictis
558 1400 712 1437 terminis,
724 1400 757 1430 xl
767 1400 799 1432 n.
827 1400 869 1430 Et
879 1400 990 1437 eidem,
1001 1410 1057 1440 per
1067 1399 1284 1431 decidenciam
1294 1400 1458 1430 firmarum

406 1450 445 1480 de
469 1450 596 1487 Suthee,
613 1449 789 1485 Culbokke,
812 1449 1095 1487 Drumdarefurde,
1118 1450 1257 1490 Drynee,
1280 1452 1312 1480 et
1335 1449 1458 1480 brasine

414 1499 453 1530 de
478 1499 636 1535 Petfoure‚
656 1498 689 1528 in
717 1498 847 1529 baronia
865 1499 904 1529 de
927 1498 1141 1536 Ardmanoch,
1156 1509 1195 1530 ex
1220 1509 1255 1529 eo
1272 1498 1357 1539 quod
1380 1498 1458 1529 certi

415 1548 559 1579 homines
584 1547 709 1578 comitis
736 1547 846 1578 Rossie
873 1547 913 1578 ad
943 1551 1070 1588 tempus
1100 1547 1326 1578 inhabitabant
1356 1547 1457 1578 dictas

405 1603 504 1629 terras
521 1600 553 1628 et
573 1600 682 1637 postea
698 1596 897 1637 reliquerunt
920 1607 972 1627 eas
996 1607 1121 1633 vacuas,
1138 1597 1176 1628 de
1198 1597 1321 1628 duobus
1343 1597 1454 1637 primis

407 1647 553 1678 terminis
569 1646 665 1686 hujus
682 1646 833 1686 computi,
857 1646 891 1686 iij
909 1646 940 1676 H.
967 1646 1035 1686 xiiij
1061 1650 1083 1676 ἒ.
1108 1646 1153 1686 iiij
1178 1645 1207 1677 d.
1254 1646 1297 1676 Et
1312 1656 1400 1677 maro
1417 1646 1456 1677 de

406 1696 622 1732 Ardmanoch,
648 1696 682 1726 in
707 1695 798 1726 feodo
825 1706 881 1726 suo
913 1695 951 1726 de
978 1695 1069 1726 firma
1094 1695 1192 1726 crofte
1219 1705 1276 1726 sue
1300 1695 1339 1726 de
1363 1695 1456 1726 dictis

407 1746 561 1782 terminis,
577 1745 611 1786 iij
629 1749 652 1777 ἒ.
698 1745 740 1775 Et
756 1745 869 1782 eidem,
885 1745 923 1776 de
940 1745 1031 1775 firma
1047 1744 1146 1775 crofte
1162 1744 1306 1784 ejusdem
1322 1745 1403 1775 mari
1418 1745 1457 1776 de

408 1795 527 1827 eisdem
543 1794 698 1832 terminis,
713 1795 747 1835 iij
773 1799 795 1826 ἔ.
841 1795 883 1825 Et
906 1794 1085 1825 cursoribus
1109 1794 1147 1825 de
1170 1793 1458 1835 Ardn1an0011‚pr0

409 1844 509 1875 feodis
525 1844 590 1875 suis
607 1844 646 1874 de
669 1843 769 1874 firmis
786 1843 958 1874 croftarum
982 1853 1110 1874 suarum
1135 1842 1174 1874 de
1190 1842 1284 1873 dictis
1305 1843 1458 1880 terminis,

411 1905 431 1925 x
447 1898 471 1925 s.
517 1894 559 1924 Et
575 1892 752 1924 husbandis
769 1893 807 1924 de
822 1893 1037 1930 Ardmanoch,
1053 1903 1110 1933 pro
1126 1892 1294 1923 tresdecim
1310 1892 1420 1923 martis
1437 1893 1459 1933 ij

408 1943 530 1984 quartis
543 1942 636 1973 dictis
649 1942 820 1983 rynmartis
837 1942 876 1973 de
891 1942 1021 1973 baronia
1033 1942 1072 1973 de
1089 1941 1302 1979 Ardmanaeh,
1314 1942 1458 1982 precium

408 1992 497 2032 pecie
513 1991 658 2032 quinque
674 1991 768 2022 solidi
785 1991 904 2022 eisdem
921 1991 1087 2028 allocandi‚
1103 1991 1137 2032 iij
1154 1990 1185 2022 fi.
1203 1991 1246 2032 vij
1264 1995 1287 2022 ἓ.
1299 1994 1329 2030 vj
1341 1991 1369 2023 d.
1415 1991 1458 2022 Et

410 2042 520 2078 eidem,
544 2051 600 2082 pro
617 2041 673 2082 xiij
699 2041 885 2071 mutonibus
909 2041 930 2082 ij
956 2044 1121 2082 quarterez
1145 2040 1238 2072 dictis
1261 2044 1457 2082 rynmotoun

408 2091 491 2122 dicte
516 2091 653 2127 baronie,
673 2089 820 2121 similiter
842 2090 1018 2121 husbandis
1038 2100 1094 2130 pro
1118 2090 1263 2131 quolibet
1287 2090 1455 2121 duodecim

408 2139 530 2171 denarii
551 2139 718 2176 assoeandi,
742 2139 798 2179 xiij
822 2143 844 2170 ἔ.
868 2139 899 2179 vj
924 2139 952 2170 d.
998 2140 1041 2170 Et
1065 2139 1184 2170 eisdem
1207 2139 1383 2171 husbandis
1399 2150 1456 2180 pro

409 2200 523 2221 novem
541 2189 653 2221 celdris
669 2192 739 2220 octo
755 2188 849 2220 bouis
866 2189 962 2220 brasii
979 2192 1011 2220 et
1027 2189 1143 2220 farrine
1160 2189 1198 2220 de
1214 2188 1299 2220 dicto
1316 2188 1456 2220 dominio
