1551 2462
106 280 195 310 1460.
415 276 576 308 REGUM
601 275 846 306 SCOTORUM.
1115 277 1152 305 15

25 384 39 398 -“
104 371 307 413 sexagesimo,
332 370 370 402 de
401 369 549 402 omnibus
579 368 714 410 receptis
737 368 804 400 suis
834 372 866 399 et
890 368 1038 409 expensis
1061 378 1079 399 a
1102 368 1154 398 die

105 421 357 462 vicesimoprimo
389 420 506 451 mensis
529 419 671 460 Augusti
701 419 779 450 anni
801 419 968 460 prescripti
994 428 1096 459 usque
1119 418 1154 449 in

106 471 191 502 diem
206 470 301 512 hujus
317 470 465 511 compoti,
481 473 513 501 et
529 470 573 501 sic
591 470 629 500 de
645 479 710 500 uno
734 469 871 500 termino
886 469 972 500 infra
994 469 1054 500 hoc
1070 479 1155 500 com-

106 525 226 563 potum.

151 570 240 602 Idem
263 573 373 602 onerat
395 580 428 601 se
444 569 477 600 in
494 569 605 611 primis
621 569 660 601 de
676 568 804 610 iij⁰xxiij
820 569 852 600 11.
870 569 938 610 xiiij
958 573 981 600 s.
1006 569 1037 609 xj
1055 568 1083 599 d.
1101 577 1158 609 per

45 649 50 654 .
109 620 263 662 arreragia
285 620 393 651 ultimi
415 619 555 660 compoti
578 619 637 656 sui,
661 623 697 650 ut
723 622 813 660 patet
835 619 870 650 in
893 619 974 660 pede
1004 619 1156 660 ejusdem.

109 719 165 761 xiij
197 723 219 750 ἔ.
250 719 295 760 iiij
328 719 366 757 (1.,
397 730 453 760 per
482 720 622 761 integras
652 719 756 750 firmas
788 719 827 750 de
851 718 962 750 Coulle
986 722 1018 749 et
1040 718 1158 759 Oneyll

109 770 148 801 de
178 770 312 801 termino
336 769 445 801 Sancti
469 769 604 800 Martini
626 769 710 800 infra
733 768 793 800 hoc
816 772 1007 809 compotum.
1054 768 1097 799 Et
1120 768 1158 799 de

41 860 49 865 Ι
78 830 83 833 ’
109 829 130 850 v
141 819 182 858 n„
197 830 253 860 per
263 819 400 860 integras
417 819 523 850 firmas
539 822 694 850 terrarum
711 818 750 850 de
762 818 985 860 Abbiryheldy
998 819 1036 850 de
1049 819 1159 850 eodem

56 881 59 883 ’
78 890 82 892 -
110 869 252 901 termino.
297 870 340 901 Et
356 870 394 901 de
410 880 431 900 x
447 869 489 906 11,
505 869 543 900 (16
560 869 701 900 dominio
717 869 756 900 de
779 868 963 909 Abirnethy
986 868 1025 900 de
1049 869 1161 899 eodem

111 919 254 957 termino,
280 920 335 951 sed
362 930 448 951 nunc
478 920 601 951 dictum
626 919 804 950 dominium
827 919 993 950 assedatur
1023 919 1162 950 Roberto

112 970 248 1002 Stewart
264 980 319 1011 pro
336 970 546 1010 quadraginta
561 969 651 1000 libris
667 970 701 1000 in
718 979 809 1000 anno.
855 969 898 999 Et
914 969 952 1000 de
969 969 1035 1009 xxij
1050 969 1081 1000 fi.
1096 980 1116 1000 x
1129 973 1164 1007 s„

112 1029 169 1062 per
197 1020 336 1061 integras
359 1020 465 1050 firmas
489 1019 633 1060 thanagii
655 1019 694 1050 de
721 1019 851 1060 Kyntor
874 1029 935 1060 que
959 1023 1007 1051 est
1033 1020 1069 1051 de
1092 1030 1163 1060 pro-

113 1070 248 1110 prietate
272 1069 394 1100 (101111111
408 1069 498 1109 regis,
515 1069 554 1100 de
578 1069 688 1100 eodem
712 1069 858 1100 termino.
905 1069 1038 1100 Summa
1067 1069 1164 1110 hujus

114 1118 229 1155 oneris,
246 1118 280 1158 lij
297 1117 329 1149 11.
346 1118 380 1158 iij
399 1122 422 1149 Ξ.
438 1118 485 1158 iiij
503 1117 534 1148 d.

159 1168 253 1204 Item,
275 1167 361 1198 idem
384 1172 495 1197 onerat
518 1176 550 1197 se
575 1166 613 1197 de
632 1166 735 1207 lxxvij
752 1166 784 1197 11.
800 1167 844 1208 vij
862 1171 884 1198 s.
901 1167 957 1208 viij
975 1167 1004 1198 d.
1029 1168 1086 1204 ob„
1110 1177 1166 1208 per

116 1217 254 1258 integras
271 1216 377 1247 firmas
393 1216 563 1247 comitatus
579 1216 724 1247 Moravie
740 1215 823 1247 infra
846 1216 1106 1247 vicecomitatum
1128 1217 1167 1248 de

117 1266 231 1307 Elgyn,
247 1269 352 1307 preter
366 1276 472 1307 grana,
489 1265 527 1297 de
549 1265 686 1297 termino
711 1265 820 1297 Sancti
843 1266 979 1297 Martini
1001 1266 1084 1297 infra
1107 1266 1168 1297 hoe

118 1319 308 1357 compotum.
354 1316 399 1346 Et
414 1315 451 1346 de
468 1326 534 1346 xxx
550 1315 592 1352 hl,
608 1325 664 1356 per
678 1316 816 1357 integras
840 1316 948 1347 firmas
972 1316 1106 1347 dominii
1129 1317 1168 1347 de

119 1365 351 1406 Glenquharny
377 1365 461 1396 infra
485 1365 606 1396 dictum
629 1366 888 1396 vicecomitatum
919 1366 958 1397 de
985 1366 1099 1408 Elgyn,
1130 1367 1169 1398 de

119 1416 229 1447 eodem
259 1415 402 1446 termino.
449 1416 490 1446 Et
517 1415 555 1446 de
585 1415 631 1446 lix
654 1415 686 1446 11.
710 1425 732 1446 v
754 1419 787 1452 s„
812 1426 868 1455 per
891 1415 1031 1457 integras
1065 1417 1169 1448 firmas

6 1459 7 1494 }
43 1470 59 1506 j·-
120 1465 198 1497 dicti
213 1465 383 1497 comitatus
400 1465 544 1496 Moravie
567 1465 651 1496 infra
674 1465 934 1496 vicecomitatum
957 1466 996 1497 de
1019 1467 1114 1498 Fores
1131 1467 1170 1498 de

8 1565 10 1577 ¹
36 1560 42 1595 ᾗ
78 1608 80 1610 v
122 1564 259 1605 integras
289 1565 395 1595 firmas
418 1564 547 1595 baronie
570 1564 610 1595 (16
633 1564 716 1604 Pety
743 1567 775 1595 et
804 1564 969 1605 Brachlyn
993 1565 1032 1596 de
1059 1566 1171 1597 eodem

123 1614 265 1646 termino.
311 1614 354 1645 Et
383 1614 422 1645 de
453 1625 542 1645 xxxv
572 1614 604 1645 11.
632 1614 710 1654 xviij
741 1618 764 1646 s.
796 1615 842 1655 iiij
874 1614 913 1651 (1.,
944 1625 1001 1655 per
1030 1615 1171 1657 integras

58 1670 62 1674 ·
124 1664 229 1695 firmas
252 1663 380 1695 baronie
396 1663 435 1694 de
458 1663 562 1695 Leffar
585 1674 682 1704 prope
707 1663 865 1704 Invernys
890 1664 969 1695 dicti
992 1665 1173 1703 comitatus,

124 1717 156 1745 et
185 1713 313 1745 baronie
345 1713 383 1745 de
421 1714 575 1744 Bonnoch
607 1717 639 1744 et
677 1713 954 1754 Bonnochquhare
986 1714 1024 1745 de
1062 1715 1173 1746 eodem

125 1763 268 1795 termino.
314 1763 355 1794 Et
379 1763 417 1794 de
433 1763 509 1804 xxvj
527 1763 560 1795 fi.
577 1763 632 1804 xiij
651 1767 673 1794 s.
698 1763 744 1803 iiij
763 1762 801 1800 (1.,
824 1773 881 1804 per
903 1763 1043 1804 integras
1066 1765 1174 1796 firmas

127 1812 257 1844 dominii
275 1813 314 1844 de
331 1812 497 1844 Strathern
512 1823 569 1853 per
591 1813 676 1843 idem
700 1816 836 1853 tempus.
881 1813 924 1843 Et
947 1813 986 1844 de
1009 1814 1122 1845 lxxxix
1141 1815 1173 1846 11.

127 1861 194 1903 xiiij
212 1865 234 1893 ἓ.
252 1862 282 1902 vj
300 1861 339 1899 d.,
355 1872 411 1902 per
426 1862 565 1902 integras
589 1862 695 1892 firmas
719 1862 921 1893 baroniarum
945 1862 984 1893 de
1007 1863 1120 1894 Avach
1144 1868 1177 1895 et

127 1911 305 1952 Eddyrduu
321 1922 382 1952 que
399 1912 550 1942 dicuntur
572 1911 810 1948 Ardmannach,
830 1912 868 1942 de
892 1912 1006 1944 eodem
1030 1914 1176 1946 termino.

127 1961 170 1992 Et
183 1961 222 1992 de
238 1971 303 1992 xxx
318 1961 350 1991 11.
375 1961 405 2002 vj
424 1965 447 1992 s.
471 1961 525 2001 viij
545 1961 584 1999 (1.,
606 1971 663 2002 per
685 1961 825 2002 integras
850 1962 956 1993 firmas
979 1963 1114 1994 dominii
1137 1964 1176 1995 (16

129 2010 346 2048 Strathnarne,
371 2010 406 2041 in
432 2011 539 2041 warda
569 2011 737 2042 existentis
760 2021 817 2052 per
846 2015 984 2043 mortem
1013 2013 1176 2053 quondam

126 2109 171 2150 iiij
197 2113 218 2141 s.
243 2109 288 2150 iiij
312 2109 352 2147 (1.,
375 2109 413 2141 de
440 2109 547 2140 warda
576 2113 732 2141 terrarum
763 2111 981 2151 speotancium
1012 2112 1175 2152 quondam

9 2186 21 2199 ,
55 2160 75 2197 'j
128 2161 269 2192 Johanni
285 2161 323 2192 de
340 2161 522 2192 Drumbrek
539 2161 576 2192 de
593 2161 678 2193 dicto
695 2162 830 2193 termino
855 2162 962 2193 Sancti
985 2163 1121 2194 Martini
1141 2164 1176 2195 iu

128 2211 190 2244 hoc
206 2216 397 2254 compotum.
444 2213 576 2245 Summa
592 2213 689 2254 hujus
706 2223 782 2245 oner
796 2213 836 2251 is,
852 2212 1042 2255 iij⁰lxxxxiij
1054 2214 1086 2246 11.
1105 2215 1162 2256 xiij

54 2238 62 2278 ἶ
129 2261 151 2302 ij
168 2261 196 2292 d.
214 2262 261 2293 0²5.
