1551 2462
123 264 212 296 1464.
432 263 593 295 REGUM
617 262 864 295 SOOTORUM.
1108 265 1170 296 285

119 361 152 389 et
181 357 391 389 straminibus
418 357 534 398 emptis
565 357 605 388 ab
643 356 754 388 eodem
785 356 825 388 ad
854 356 903 388 lez
934 357 1101 389 Estbernis
1133 358 1171 389 de

119 407 270 438 mandato
300 407 379 438 dicti
408 406 607 444 thesaurarii,
637 407 706 448 ipso
737 407 859 439 fatente
889 411 1054 448 receptum
1077 418 1172 450 super
1186 404 1352 433 Respondebit

1186 434 1287 462 Guthre,
1300 434 1351 458 the-

119 459 316 498 computum,
338 456 441 497 xxxiij
465 456 497 488 fi.
521 466 565 487 xv
580 461 614 494 s„
635 467 692 498 pro
723 457 841 497 quibus
871 457 1083 498 respondebit.
1129 458 1171 488 Et
1186 465 1314 487 samarius.

120 506 242 537 eisdem
266 505 310 548 [to
335 506 510 543 Treasurer,
526 506 624 537 ,8368
646 506 688 536 Is.
713 506 778 547 8d.]
824 506 866 538 Et
889 506 992 538 eidem
1015 506 1095 544 Ade,
1116 517 1173 548 per

117 555 313 587 solucionem
328 555 445 587 factam
461 555 599 587 Patricio
622 555 750 588 domino
766 555 861 587 Halis
877 567 934 597 pro
949 556 1103 597 pensione
1115 567 1173 587 sua

117 604 180 636 sibi
195 605 302 636 debita
324 615 381 646 pro
397 604 541 636 custodia
563 605 660 636 castri
683 605 721 637 de
745 605 943 647 Edinburgh,
959 606 998 637 de
1021 606 1172 637 mandato

119 654 197 686 dicti
218 655 417 693 thesaurarii,
432 654 501 695 ipso
524 655 646 686 fatente
669 658 834 696 receptum
857 666 953 697 super
975 659 1172 697 computum,

118 715 185 736 xxx
200 705 241 743 fi„
256 715 313 746 pro
329 704 445 746 quibus
465 704 678 745 respondebit.
733 705 775 736 Et
798 705 927 742 eisdem,
941 715 999 746 pro
1022 706 1171 746 expensis

119 754 216 786 factis
226 765 322 795 super
337 755 359 786 J
361 754 520 785 ohannem
537 754 575 786 de
591 754 733 795 Douglas
749 754 784 785 in
807 758 910 786 castro
926 755 965 786 de
981 755 1171 797 Edinburgh

117 815 174 846 per
182 805 350 836 duodecim
363 804 430 836 dies
442 804 525 836 datis
536 815 592 836 sex
604 805 747 845 personis
759 804 1014 836 custodientibus
1024 805 1171 843 eundem,

117 854 262 895 quolibet
284 854 336 885 die
358 864 415 886 sex
438 854 564 892 solidos,
588 854 627 886 de
650 855 802 886 mandato
825 854 947 886 domini
970 855 1052 896 regis
1075 858 1108 887 et
1131 866 1171 887 ex

117 904 372 936 consideracione
403 904 593 941 auditorum,
624 904 658 945 iij
690 904 721 935 fi.
754 905 798 945 xij
830 909 853 936 s.
898 905 941 936 Et
964 905 1092 942 eisdem,
1115 916 1172 946 per

119 954 314 985 solucionem
338 954 458 985 factam
489 954 628 985 Roberto
655 954 802 985 Blakatir
824 964 881 995 pro
905 955 999 986 certis
1022 955 1171 995 expensis

119 1003 213 1035 factis
230 1014 286 1044 per
301 1003 409 1044 ipsum
425 1005 567 1044 tempore
581 1013 643 1044 quo
653 1014 709 1035 rex
725 1004 809 1044 cepit
822 1006 962 1035 castrum
975 1004 1119 1042 Berwioi,
1129 1005 1168 1036 de

119 1053 270 1084 mandato
301 1053 445 1094 ejusdem
474 1053 650 1084 hteratorio
681 1054 741 1084 sub
771 1054 895 1094 signeto
926 1056 1052 1085 ostenso
1075 1064 1171 1095 super

118 1106 305 1144 computum
320 1103 380 1134 sub
395 1102 537 1143 periculo
553 1103 822 1143 computancium,
834 1103 868 1133 ix
883 1102 915 1134 fi.
961 1103 1003 1133 Et
1015 1113 1071 1144 per
1086 1103 1170 1134 solu-

119 1153 243 1184 cionem
275 1152 392 1183 faotam
415 1153 554 1184 Roberto
585 1152 701 1183 Heriot
723 1163 780 1193 pro
804 1152 896 1183 feodo
920 1163 976 1183 suo
1000 1153 1062 1184 sibi
1092 1153 1170 1184 alias

118 1202 226 1234 debito
242 1202 281 1233 de
296 1202 447 1233 mandato
471 1202 550 1233 dicti
565 1201 687 1233 domini
702 1202 793 1243 regis,
808 1205 846 1232 ut
861 1205 950 1242 patet
972 1212 1029 1243 per
1044 1202 1171 1233 easdem

118 1253 228 1284 literas
240 1255 382 1283 ostensas
395 1262 490 1293 super
501 1255 695 1292 computum,
706 1262 726 1282 v
738 1251 769 1282 fi.
810 1251 868 1292 [Το
882 1252 1058 1289 Treasurer,
1074 1252 1170 1290 3141

119 1303 185 1334 11s.
232 1302 275 1333 To
287 1302 357 1343 d0.]‚
374 1302 414 1333 ad
430 1311 585 1342 expensas
601 1300 755 1332 domicilii
771 1301 892 1332 domini
910 1301 989 1342 regis
1006 1304 1171 1333 contentas

119 1352 154 1383 in
177 1352 269 1383 libris
293 1351 437 1392 ejusdem
463 1351 626 1388 domicilii,
648 1351 718 1391 ipso
737 1350 866 1382 -fatente
889 1354 1053 1392 receptum
1075 1361 1172 1392 super

120 1405 316 1443 computum,
341 1401 444 1441 lxxvij
461 1400 493 1432 fi.
521 1411 542 1432 x
559 1405 581 1431 s.
612 1400 647 1431 ix
662 1400 700 1438 d„
725 1410 781 1441 pro
812 1400 928 1441 quibus
959 1401 1171 1441 respondebit.

121 1452 164 1483 Et
193 1451 321 1488 eisdem,
347 1461 405 1491 per
427 1450 652 1481 liberacionem
669 1449 786 1480 factam
809 1449 923 1481 clerico
945 1450 1116 1490 garderobe
1140 1453 1172 1482 et

121 1501 192 1533 aliis
215 1501 254 1532 de
285 1500 436 1532 mandato
460 1499 538 1531 dicti
560 1499 751 1530 thesaurarii
774 1499 814 1530 ad
836 1499 1027 1530 indumenta
1049 1499 1172 1531 domini

120 1550 201 1591 regis
226 1553 258 1581 et
280 1549 314 1580 in
341 1549 412 1581 aliis
442 1549 636 1586 necessariis,
658 1549 728 1589 ipso
753 1548 873 1580 fatente
896 1552 1061 1590 receptum
1076 1560 1172 1591 super

120 1603 314 1641 computum,
330 1599 376 1640 lxj
393 1599 425 1630 11¹.
449 1599 507 1636 ob„
523 1609 580 1640 pro
604 1598 721 1639 quibus
744 1598 956 1639 respondebit.
1001 1599 1044 1630 Et
1067 1599 1171 1630 eidem

120 1650 200 1688 Ade,
210 1660 266 1691 per
281 1649 477 1681 solucionem
492 1649 611 1680 factam
624 1648 662 1680 de
673 1648 824 1679 mandato
841 1648 919 1679 dicti
931 1648 1122 1680 thesaurarii
1136 1649 1171 1680 in

120 1699 376 1741 reparaciom'bus
401 1699 529 1730 domine
555 1699 668 1736 Marie,
695 1698 810 1729 sororis
835 1698 958 1729 domini
987 1699 1079 1740 regis,
1101 1699 1172 1740 ipso

121 1749 243 1780 fatente
264 1752 429 1790 receptum
452 1759 547 1790 super
569 1751 766 1789 computum,
789 1748 846 1779 xix
860 1748 893 1779 fi.
918 1749 950 1789 xj
967 1752 990 1779 s.
1014 1759 1036 1779 x
1052 1748 1091 1786 d„
1107 1759 1164 1790 pro

122 1799 239 1840 quibus
260 1798 472 1840 respondebit.
518 1798 561 1829 Et
584 1798 713 1834 eisdem,
725 1808 781 1839 per
803 1797 1030 1829 liberacionem
1052 1798 1172 1829 factam

122 1848 207 1879 dicto
229 1847 426 1879 thesaurario
448 1848 483 1879 in
506 1847 598 1885 ferro,
623 1847 751 1886 tabulis,
778 1858 884 1888 panno
908 1847 1001 1885 lineo,
1028 1847 1171 1880 liberatis

122 1908 179 1939 per
193 1901 415 1939 computantes
431 1898 472 1929 ad
487 1898 707 1938 reparaciones
730 1901 906 1929 castrorum
927 1897 966 1928 de
982 1897 1172 1939 Edinburgh

1246 513 1290 536 Do.

1245 713 1289 737 Do.

1244 1412 1288 1435 Do.

1243 1608 1290 1631 Do.

1245 1807 1290 1831 Do.

122 1950 154 1978 et
169 1947 300 1985 Berwic,
315 1948 384 1988 ipso
400 1948 523 1979 fatente
539 1950 703 1989 receptum
719 1958 814 1988 super
830 1950 1026 1988 computum,
1042 1948 1121 1988 xxiij
1138 1948 1170 1980 fi.
1186 1950 1350 1980 Respondebit

1185 1980 1348 2004 thesaurarius

124 2007 167 2028 xv
182 2007 204 2029 s.
221 1997 254 2038 iij
272 1997 301 2029 d.
317 1998 375 2035 ob„
390 2008 447 2038 pro
463 1997 580 2038 quibus
590 1997 804 2038 respondebit.
848 1997 890 2027 Et
906 1996 1009 2027 eidem
1026 1996 1104 2034 Ade,
1117 2007 1173 2038 per
1186 2010 1287 2034 Guthre.

123 2046 318 2078 solucionem
333 2047 451 2078 factam
463 2047 549 2078 dicto
561 2046 757 2078 thesaurario
770 2046 804 2077 in
816 2045 959 2087 pecunia,
972 2046 1041 2086 ipso
1051 2046 1173 2079 fatente

123 2099 286 2137 receptum
302 2106 397 2137 super
419 2099 614 2138 computum,
638 2096 694 2137 xiij
711 2096 743 2127 li.
761 2106 781 2126 v
797 2100 819 2127 s.
839 2096 895 2136 viij
913 2095 952 2133 d„
974 2106 1032 2136 pro
1055 2096 1172 2137 quibus

123 2145 333 2186 respondebit.
379 2146 422 2177 Et
438 2145 542 2177 eidem
557 2145 636 2183 Ade,
653 2156 710 2186 per
725 2145 921 2176 solucionem
945 2145 1063 2176 factam
1086 2145 1172 2178 dicto

124 2194 320 2227 thesaurario
335 2195 369 2227 in
385 2195 551 2237 speciebus
567 2198 599 2228 et
615 2195 768 2227 chandria
790 2195 950 2228 contentis
972 2194 1008 2226 in
1031 2195 1172 2237 antiquis

1244 2159 1290 2183 Do.
