1551 2462
151 549 317 579 Respondebit

150 580 314 602 thesaurarius

152 609 253 633 Guthre.

180 765 226 788 Do.

151 900 317 932 Bothken—

148 954 234 982 nare,
245 944 355 975 Fores·

149 990 226 1019 tare.

368 264 382 292 1
390 264 428 292 20
671 260 836 293 ROTULI
860 261 1096 293 SOACCARII
1329 262 1420 290 1462.

365 358 388 385 s.
434 353 477 385 Et
500 354 612 391 eidem,
628 364 685 396 per
708 353 904 386 solucionem
928 355 1047 385 factam
1070 364 1128 395 pro
1151 353 1246 385 certis
1274 352 1423 394 expensis

365 404 491 441 debitis,
507 407 650 445 tempore
667 414 730 445 quo
746 405 898 445 magister
913 403 1098 435 Willelmus
1115 403 1209 434 Blare
1225 402 1423 434 ministravit

365 454 399 484 in
410 454 512 485 officio
530 453 766 491 senescallatus,
780 454 874 485 certis
891 454 1034 494 personis
1050 454 1084 484 in
1096 453 1260 494 Strivelyn
1277 455 1309 484 et
1324 452 1423 483 Edin-

366 503 477 544 burgh,
501 503 539 534 de
570 503 721 534 mandato
751 503 897 544 magistri
924 503 1034 534 David
1061 502 1195 540 Guthre‚
1225 501 1424 539 thesaurarii,

367 554 434 595 ipso
451 553 574 584 fatente
589 552 779 583 mandatum
795 562 891 593 super
914 556 1109 593 compotum,
1122 552 1157 583 lx
1172 552 1204 583 fi.
1222 552 1287 593 xvij
1305 551 1344 588 d„
1367 561 1424 592 pro

367 603 483 644 quibus
513 601 727 642 respondebit.
771 602 815 632 Et
845 602 958 639 eidem,
980 612 1038 643 pro
1069 602 1164 633 certis
1194 601 1280 633 vasis
1309 600 1424 642 ligneis

365 652 509 683 liberatis
533 651 708 683 senescallo
739 651 904 683 Forestare
935 662 975 682 ex
1005 654 1095 692 parte
1125 650 1324 688 thesaurarii,
1354 650 1424 691 ipso

366 702 488 733 fatente
517 704 682 741 receptum
712 711 808 741 super
835 704 1028 741 compotum,
1055 701 1134 731 xxix
1164 705 1197 738 s„
1220 710 1277 742 pro
1306 700 1423 740 quibus

366 751 467 782 eciam
477 750 681 791 respondebit
698 750 784 781 idem
795 750 1021 781 thesaurarius.
1057 749 1190 782 Summa
1202 760 1423 791 expensarum,

363 799 469 841 j⁰xlvij
487 800 518 832 11,
535 811 557 831 v
573 804 595 831 s.
613 800 668 840 viij
686 799 714 831 d.
761 800 804 831 Et
819 799 864 831 sic
879 803 1002 831 restant
1018 799 1061 840 vij
1079 799 1111 831 n.
1128 800 1172 840 vij
1190 803 1214 831 s.
1230 799 1276 840 iiij
1295 799 1324 830 d.

412 900 604 940 Compotum
619 898 763 939 magistri
786 898 918 930 Roberti
941 899 967 929 F
968 901 1115 936 orestare,
1131 899 1302 940 receptoris
1318 898 1423 929 firma-

367 960 440 980 rum
452 952 484 981 et
499 959 670 990 granorum
686 947 808 979 domini
824 948 925 979 nostri
947 948 1029 988 regis
1046 947 1084 979 de
1107 947 1201 979 dictis
1218 948 1367 979 dominiis
1383 948 1423 980 de

368 999 578 1031 Bothkennar
594 1001 625 1029 et
645 997 800 1028 Aularum
823 997 863 1028 de
886 997 975 1035 Erth,
991 1008 1116 1029 necnon
1139 998 1179 1029 de
1195 998 1379 1030 Corntoune
1391 1000 1423 1029 et

367 1048 573 1080 Drummond
596 1051 628 1078 et
660 1047 800 1084 Duchra,
825 1047 1034 1087 [Edinbzc7·9h‚
1059 1049 1079 1078 6
1105 1048 1230 1088 Auqust
1253 1047 1364 1088 1462]
1389 1048 1423 1078 in

364 1098 510 1139 pecuniis
526 1097 565 1128 de
583 1096 722 1128 termino
741 1096 969 1128 Penthecostes
993 1096 1108 1127 ultimo
1135 1100 1167 1128 et
1188 1107 1360 1139 granorum
1383 1097 1423 1128 de

367 1158 484 1189 croppo
500 1147 578 1178 anni
593 1146 727 1177 Domini
742 1150 800 1177 etc.
817 1146 1110 1187 sexagesimiprimi.

410 1198 502 1229 Idem
518 1200 628 1228 onerat
644 1206 677 1226 se
690 1196 724 1226 in
737 1195 848 1236 primis
863 1195 901 1226 de
918 1206 1005 1226 xxxv
1021 1195 1053 1227 11.
1072 1196 1109 1227 de
1125 1196 1225 1227 firmis
1241 1196 1371 1227 baronie
1384 1196 1422 1227 de

366 1247 577 1278 Bothkennar
593 1245 631 1276 de
647 1245 785 1276 termino
809 1245 1037 1276 Penthecostes
1056 1245 1180 1282 ultimo,
1196 1250 1302 1286 preter
1315 1256 1421 1286 grana.

366 1297 459 1334 Item,
472 1297 557 1327 idem
573 1298 684 1326 onerat
700 1305 732 1326 se
746 1294 784 1325 de
797 1294 863 1335 xvij
877 1294 923 1325 ni
935 1294 956 1334 ij
972 1299 995 1325 s.
1007 1295 1037 1335 vj
1052 1295 1081 1326 d.
1094 1305 1150 1335 per
1162 1295 1302 1336 integras
1314 1295 1422 1327 firmas

365 1346 525 1377 Aularum
542 1345 580 1376 (18
598 1344 678 1375 Erth
694 1344 732 1375 de
749 1344 834 1374 dicto
849 1344 995 1374 termino.
1041 1344 1084 1375 Et
1099 1344 1138 1375 de
1158 1355 1202 1375 xx
1217 1344 1249 1375 fi.
1266 1344 1304 1375 de
1321 1345 1421 1376 firmis

365 1399 524 1426 terrarum
548 1394 585 1425 de
610 1393 814 1424 Drummond
838 1393 876 1423 de
900 1392 1010 1423 eodem
1033 1393 1178 1424 termino.
1224 1394 1267 1424 Et
1290 1393 1328 1424 de
1352 1404 1373 1424 v
1388 1393 1420 1425 li.

366 1445 405 1476 de
420 1444 521 1475 firmis
538 1443 576 1474 de
593 1442 725 1473 Duchra
746 1451 802 1482 per
825 1442 910 1473 idem
933 1445 1068 1482 tempus.
1114 1443 1157 1473 Et
1179 1442 1218 1474 de
1235 1453 1301 1473 xxx
1315 1442 1349 1475 fi.
1365 1453 1422 1484 per

365 1493 588 1525 vendicionem
611 1495 734 1532 septem
757 1490 935 1522 celdrarum
959 1495 992 1522 et
1021 1495 1091 1523 octo
1118 1491 1276 1522 bollarum
1304 1492 1422 1524 farrine

367 1543 530 1575 avenatice
547 1542 585 1572 de
601 1541 701 1572 firmis
728 1540 767 1571 de
791 1539 1000 1571 Bothkennar
1023 1541 1062 1572 de
1085 1551 1201 1582 croppo
1225 1541 1320 1583 hujus
1337 1552 1420 1574 com-

366 1593 443 1634 poti.
489 1592 621 1622 Summa
644 1590 741 1630 hujus
765 1590 878 1627 oneris,
894 1600 957 1630 que
976 1594 1024 1621 est
1046 1590 1164 1628 totalis,
1184 1590 1255 1632 j‘vij
1280 1591 1313 1624 li.
1336 1591 1370 1633 iij
1397 1596 1420 1623 s.

366 1643 398 1683 vj
416 1642 445 1672 d.

411 1692 559 1732 Expense
587 1689 736 1729 ejusdem.
783 1689 823 1719 In
851 1689 972 1729 primis,
988 1688 1122 1721 alloeate
1145 1690 1342 1731 compotanti
1364 1700 1422 1732 per

368 1740 562 1772 solucionem
579 1739 696 1769 factam
720 1738 841 1769 «Iacobo
865 1737 1003 1769 Stewart
1025 1738 1064 1769 de
1080 1738 1179 1770 firmis
1202 1743 1359 1770 terrarum
1382 1740 1421 1771 de

367 1789 572 1822 Drummond
595 1798 634 1819 ex
658 1788 859 1818 concessione
883 1787 1005 1818 domini
1027 1788 1118 1828 regis,
1141 1788 1270 1819 domino
1292 1789 1421 1820 thesau-

367 1840 449 1871 rario
465 1842 603 1870 testante
627 1837 860 1868 concessionem
884 1836 1086 1867 dominorum
1109 1837 1148 1868 de
1172 1838 1303 1870 consilio
1327 1849 1422 1880 super

370 1892 564 1930 compotum,
581 1887 619 1918 de
634 1886 772 1917 termino
788 1886 936 1926 compoti,
953 1896 974 1916 x
999 1885 1031 1918 11.
1078 1886 1120 1917 Et
1137 1887 1248 1925 eidem,
1265 1898 1321 1929 per
1336 1889 1421 1920 solu-

369 1940 493 1971 cionem
516 1938 633 1969 factam
658 1935 808 1976 magistro
833 1935 940 1965 David
965 1935 1098 1972 Guthre,
1120 1936 1325 1975 thesaurario,
1351 1938 1421 1979 ipso

369 1989 490 2020 fatente
518 1989 681 2027 receptum
702 1995 797 2025 super
824 1988 1015 2025 compotum,
1038 1985 1140 2016 lxxxv
1166 1985 1208 2022 112,
1224 1996 1281 2027 pro
1304 1988 1421 2028 quibus

368 2037 579 2079 respondebit.
626 2035 758 2065 Summa
777 2044 997 2074 expensarum,
1017 2033 1066 2074 j⁰v
1089 2034 1120 2066 11.
1166 2036 1208 2066 Et
1231 2036 1276 2067 sic
1299 2040 1422 2068 restant

369 2089 412 2128 xij
430 2088 461 2118 11.
479 2087 512 2128 iij
530 2090 553 2117 s.
571 2085 600 2125 vj
618 2084 649 2115 d.
694 2084 744 2114 De
760 2083 884 2124 quibus,
901 2083 1034 2114 alloeate
1051 2085 1250 2125 computanti
1266 2085 1304 2116 de
1321 2086 1421 2117 firmis

369 2146 535 2177 croyarum
550 2135 587 2166 de
599 2133 678 2164 Erth
691 2142 763 2163 cum
778 2132 895 2172 quibus
907 2137 1096 2172 computans
1107 2134 1251 2174 superius
1264 2138 1420 2173 oneratur,

369 2197 409 2218 ex
431 2197 468 2217 eo
484 2184 569 2226 quod
585 2182 744 2215 husbandi
759 2181 916 2213 Aularum
941 2181 979 2212 de
996 2182 1075 2213 Erth
1099 2182 1224 2214 nullum
1241 2185 1419 2225 proficuum
