1551 2462
68 255 160 287 1461.
376 251 537 284 REGUM
563 251 810 283 SCOTORUM.
1074 253 1112 281 77

65 345 94 378 d.
139 346 182 377 Et
195 345 310 383 eidem,
324 355 382 387 pro
398 345 507 376 decem
523 347 556 376 et
571 346 642 375 octo
657 343 744 374 ulnis
761 343 857 384 panni
876 342 942 374 albi
957 342 1043 374 lanei
1059 353 1114 384 pro

65 395 267 437 coopertoriis
279 405 433 436 equorum
446 404 501 426 sex
512 394 599 425 ulnis
610 393 739 424 canubii
749 403 804 434 pro
815 392 948 434 singulis
960 402 1115 433 equorum

65 448 99 476 et
115 444 259 485 [chamys
275 444 321 485 et]
337 443 573 475 columbaribus
589 453 754 484 equorum,
770 443 886 483 emptis
902 452 959 482 per
974 445 1114 482 compot-

65 497 173 526 antem
187 497 220 525 et
234 493 377 525 liberatis
390 493 519 524 domino
535 493 557 524 J
559 492 679 524 ohanni
692 492 818 529 Carme,
829 492 980 533 magistro
996 491 1116 522 stabuli

65 543 192 575 domine
202 543 318 585 regine,
324 545 456 583 utpatet
464 541 497 573 in
505 552 562 573 sua
572 541 685 573 cedula
690 541 924 582 particulariter
934 540 1116 572 examinata

67 603 161 634 super
176 595 368 633 compotum,
384 591 418 623 xl
433 595 456 623 s.
474 591 530 632 viij
547 591 577 624 d.
622 591 667 622 Et
683 591 812 622 domino
824 591 966 622 Henrico
977 590 1016 621 de
1033 590 1115 621 Kin-

32 635 35 638 '
65 653 170 684 gorne,
192 642 366 673 senescallo
389 641 518 673 domine
540 641 655 683 regine,
678 641 714 672 in
740 641 833 672 certis
858 641 971 672 martis
998 641 1115 681 emptis

66 703 122 734 per
151 695 388 733 compotantem
415 695 448 724 et
474 691 586 723 locatis
613 692 648 722 in
678 691 852 723 lardinaria
876 691 916 723 de
942 691 1116 728 Faucland,

23 778 25 780 ,
66 741 136 783 ipso
157 741 286 773 domino
309 741 452 773 Henrico
475 741 596 772 fatente
619 744 782 782 receptum
806 751 901 782 super
923 744 1115 782 compotum,
1130 770 1176 792 Res
1195 770 1241 793 ond
1257 771 1294 794 b‘t

66 791 102 832 lij
118 791 150 823 fi.
166 792 210 832 vij
228 795 252 822 s.
269 791 325 831 viij
342 791 381 828 d„
397 801 453 832 pro
469 791 586 832 quibus
609 790 820 832 respondebit.
865 791 908 822 Et
930 800 986 831 per
1001 790 1115 821 libera·
1129 777 1282 829 Kyffgom?

66 841 189 872 cionem
205 841 322 872 factam
338 840 446 872 David
462 841 557 881 Boys,
572 840 723 881 magistro
740 840 858 872 fabrice
879 840 919 872 de
935 840 1115 881 Ravynnis-

67 900 148 931 crag,
163 889 203 921 ad
219 890 371 922 fabricam
387 889 540 931 ejusdem,
555 890 625 931 ipso
648 889 755 921 David
771 900 828 930 per
842 900 915 921 suas
931 889 1039 921 literas
1056 890 1116 921 sub

66 949 124 971 suo
139 939 243 981 sigillo
259 940 381 971 fatente
404 942 569 980 receptum
591 949 687 980 super
708 942 900 980 compotum,
913 939 975 980 jciij
992 939 1024 970 Ji.
1041 939 1074 979 xj
1092 943 1114 970 s.
1275 973 1279 977 ¹

67 988 101 1029 iij
125 988 165 1027 d„
187 989 226 1020 de
249 989 366 1030 quibus
382 988 521 1020 reddidit
536 991 727 1029 compotum.
773 989 816 1019 Et
831 988 945 1026 eidem,
959 999 1016 1029 per
1030 986 1112 1020 solii—
1130 972 1293 1031 lBrgggcndemt

66 1034 191 1069 cionem
221 1039 339 1069 factam
369 1038 454 1070 dicto
487 1037 593 1069 David
623 1038 709 1078 Boys
741 1037 781 1068 ad
812 1038 931 1069 dictam
962 1038 1116 1069 fabricam

66 1087 201 1119 diversis
226 1088 361 1124 vicibus,
376 1090 414 1118 ut
441 1090 530 1127 patet
552 1097 609 1128 per
633 1090 769 1127 quatuor
795 1087 903 1118 literas
928 1097 986 1118 suo
1011 1087 1116 1128 sigillo

67 1137 223 1178 sigillatas
239 1140 380 1168 ostensas
403 1146 498 1177 super
520 1140 712 1177 compotum,
725 1135 773 1177 j⁰lj
791 1136 824 1168 ti.
842 1137 898 1177 viij
916 1141 938 1168 s.
956 1137 989 1167 ix
1005 1137 1045 1173 d„
1060 1147 1116 1177 pro

68 1187 185 1227 quibus
215 1186 425 1227 respondebit.
485 1186 527 1217 Et
557 1186 799 1217 memorandum
829 1186 914 1227 quod
950 1186 985 1217 in
1023 1186 1117 1217 dictis
1160 1188 1204 1212 Do-

68 1239 205 1276 quatuor
220 1235 393 1277 quitanciis
409 1235 591 1268 continetur
613 1246 738 1267 summa
761 1239 890 1268 centum
906 1235 1005 1267 trium
1021 1235 1116 1266 libra-

67 1295 139 1316 rum
169 1285 318 1316 undecim
349 1285 523 1316 solidorum
554 1288 586 1316 et
615 1285 714 1316 trium
745 1285 945 1316 denariorum
971 1285 1117 1326 superius

67 1334 212 1372 allocata,
227 1334 266 1366 de
288 1335 405 1375 quibus
421 1334 507 1365 idem
532 1334 637 1365 David
653 1334 813 1365 redditum
838 1338 1030 1375 compotum.
1075 1336 1118 1366 Et

67 1383 179 1421 eidem,
201 1394 258 1425 per
283 1384 478 1415 solucionem
505 1383 624 1415 factam
654 1383 782 1414 domino
810 1384 948 1415 Roberto
975 1384 1117 1425 Spanky,

67 1433 230 1474 capellano
246 1433 325 1465 dieti
336 1432 453 1470 David,
463 1436 495 1464 et
504 1433 544 1464 ad
554 1432 731 1474 predictam
742 1433 903 1471 fabricam,
913 1433 954 1465 de
966 1434 1117 1465 mandato

69 1482 194 1514 domine
209 1483 325 1524 regine,
341 1482 426 1514 dicto
443 1482 608 1524 capellano
623 1482 746 1514 fatente
769 1486 932 1524 receptum
948 1494 1004 1524 per
1020 1494 1117 1515 unam

69 1531 214 1563 cedulam
228 1541 326 1564 manu
341 1541 399 1563 sua
414 1532 575 1572 scriptam,
592 1541 634 1562 xx
650 1531 692 1568 fi„
703 1541 760 1572 pro
773 1531 890 1572 quibus
905 1533 1116 1573 respondebit.
1161 1545 1204 1568 Do.

68 1581 111 1612 Et
132 1580 243 1619 eidem,
265 1591 322 1622 pro
351 1580 534 1622 aqueductu
557 1581 596 1612 ad
627 1581 806 1613 manerium
829 1581 868 1613 de
890 1582 1054 1613 Faucland
1085 1585 1118 1614 et

69 1631 302 1662 sustentacione
318 1631 470 1671 ejusdem,
486 1630 583 1661 soluti
598 1630 765 1662 Willelmo
780 1631 915 1668 Dravar,
928 1632 1117 1673 percipienti

69 1679 104 1711 in
127 1690 210 1712 anno
234 1680 382 1712 undecim
406 1679 533 1718 solidos,
548 1680 587 1711 de
610 1690 694 1711 anno
717 1681 857 1721 compoti
883 1685 916 1712 et
941 1692 1024 1713 anno
1047 1692 1117 1722 pre—

69 1728 198 1761 cedente
221 1729 281 1761 hoc
297 1733 489 1770 compotum,
505 1729 573 1770 xxij
591 1733 614 1761 S.
660 1730 703 1760 Et
721 1730 833 1768 eidem,
849 1741 909 1771 per
920 1731 1116 1762 solucionem

69 1778 185 1810 factam
207 1780 359 1820 magistro
382 1779 490 1810 David
513 1779 646 1816 Guthre,
670 1779 876 1817 thesaurario,
892 1780 930 1812 de
954 1781 1054 1812 firmis
1078 1782 1117 1812 de
1174 1820 1176 1823 Υ

68 1827 172 1869 Myris
181 1828 220 1859 de
233 1828 473 1869 Uchtirmukty,
485 1838 564 1869 quas
574 1832 708 1869 occupat
717 1829 882 1862 Johannes
894 1830 1117 1871 Skrymgeour,

69 1875 212 1918 claviger,
227 1877 266 1909 de
289 1878 414 1909 duobus
437 1877 549 1918 primis
572 1878 718 1909 terminis
743 1878 840 1919 hujus
864 1880 1011 1919 compoti,
1027 1880 1058 1920 vj
1083 1879 1180 1933 1133ss
1195 1881 1321 1934 ἵξᾱῒῗιῖὲίεὺω

11 1930 14 1932 “
69 1926 124 1967 xiij
142 1931 165 1958 ἓ.
181 1927 228 1968 iiij
246 1927 285 1965 ἃ,
301 1938 357 1968 pro
381 1928 499 1969 quibus
521 1927 736 1968 respondebit.
780 1928 823 1959 Et
846 1928 949 1960 eidem
965 1930 1116 1970 magistro
1129 1940 1214 1963 rarius.

68 1975 183 2014 David,
198 1976 237 2008 de
253 1977 352 2008 firmis
368 1980 450 2013 terre
470 1977 509 2008 de
525 1976 772 2014 Thomastoune,
789 1988 868 2018 quas
884 1978 981 2009 habet
996 1979 1115 2010 Lance-

68 2025 152 2057 lotus
167 2025 207 2057 de
222 2026 396 2058 Abirnethi
414 2026 449 2057 in
464 2026 556 2057 feodo
572 2036 638 2064 suo,
655 2026 694 2058 de
711 2027 805 2058 dictis
821 2027 944 2058 duobus
961 2028 1115 2065 terminis,

68 2085 90 2106 x
104 2074 146 2112 11,
161 2085 217 2116 pro
232 2076 350 2117 quibus
366 2076 467 2108 eciam
483 2076 696 2117 respondebit.
742 2077 785 2108 Et
800 2077 948 2108 similiter
963 2077 1002 2108 de
1023 2078 1116 2109 terris
1167 2089 1211 2112 Do.

68 2123 107 2155 de
122 2123 273 2166 Collessy,
286 2135 365 2166 quas
380 2125 477 2156 habet
495 2125 585 2166 Lyon
601 2136 657 2156 rex
673 2136 833 2157 armorum
848 2126 881 2156 in
894 2126 986 2158 feodo
1001 2137 1067 2164 suo,
1078 2127 1117 2159 de

69 2171 165 2205 dictis
175 2174 328 2212 terminis,
344 2174 399 2215 xiij
418 2174 450 2206 lii
467 2175 498 2216 vj
517 2179 539 2207 s.
557 2175 613 2216 viij
631 2174 670 2212 d„
685 2185 743 2215 pro
766 2175 882 2216 quibus
906 2176 1117 2217 respondebit.
1161 2191 1204 2214 Do.
