1551 2462
1120 0 1135 3 ’
1163 0 1266 14 *⁹1⁷⁷*-
1278 0 1302 10 *-
1317 0 1551 115 1³³2}qu

1530 98 1538 106 .

396 325 457 353 448
711 322 875 353 ROTULI
900 322 1137 354 SCACOARH
1355 325 1446 355 1467.

397 414 514 452 Halch,
551 415 650 446 crofte
688 415 728 446 de
767 415 845 446 Litil
884 416 976 457 Tary,
1012 419 1044 447 et
1081 415 1349 454 Gonstablefelde,
1389 426 1447 457 pro

396 464 540 496 custodia
579 465 674 496 castri
712 465 750 496 de
781 465 952 506 Dernway,
992 466 1225 507 assignatarum
1262 466 1447 497 Alexandro

393 514 530 545 Dunbar
561 514 599 545 (16
622 514 810 552 Ἧ65ῖ1ῗ61ᾶθ,
842 515 947 552 militi,
979 515 1018 546 de
1042 526 1126 547 anno
1157 516 1307 557 computi,
1338 516 1392 556 xvj
1414 515 1446 547 l-i.

393 564 436 594 Et
465 574 553 595 maro
584 564 623 595 de
654 563 758 604 Elgin,
781 574 837 604 pro
862 564 953 596 feodo
985 575 1041 596 suo
1065 565 1103 596 de
1131 576 1214 596 anuo
1238 565 1389 606 computi,
1413 565 1448 596 xl

395 617 410 644 s
449 614 491 644 Et
506 624 595 645 maro
611 614 650 645 de
666 614 773 652 Fores,
788 624 846 654 pro
863 614 955 645 feodo
972 625 1029 645 suo
1042 615 1080 645 de
1091 614 1201 646 eodem
1218 625 1310 651 anno,
1327 615 1402 656 xxvj
1421 619 1446 646 s.
1502 651 1511 655 ,
1548 643 1551 662 ἓ

393 663 449 704 viij
467 663 495 694 d.
541 663 584 694 Et
608 663 719 700 eidem,
745 673 801 703 pro
824 673 881 694 sex
908 663 1020 694 martis
1044 663 1138 695 dictis
1166 664 1338 705 rynmartis
1362 663 1448 695 infra

393 712 653 743 vicecomitatum
677 712 715 743 de
738 712 842 752 Elgin,
866 712 942 743 licet
973 712 1119 744 solebant
1142 713 1211 744 dari
1235 716 1306 744 octo
1336 715 1448 750 marte,

391 762 468 802 quia
484 762 545 793 due
569 772 607 792 ex
624 761 669 792 eis
686 764 776 792 erant
792 761 830 792 de
853 762 946 793 terris
963 762 1119 793 concessis
1142 762 1286 793 Johanni
1303 763 1439 794 Dunbar

393 822 449 852 pro
474 821 608 852 quarum
636 811 779 851 qualibet
804 811 982 842 allocantur
1005 812 1180 843 husbandis
1204 812 1239 843 in
1265 812 1364 843 firmis
1380 812 1447 843 suis

391 861 535 902 quinque
560 860 661 898 solidi,
678 861 717 891 (16
740 861 875 892 termino
893 861 1001 892 Sancti
1025 861 1160 892 Martini
1175 862 1271 903 hujus
1295 862 1447 903 computi,

394 921 461 941 xxx
476 915 499 941 s.
545 910 588 940 Et
615 910 727 947 eidem,
755 920 812 951 pro
840 921 896 941 sex
918 911 1104 942 mutonibus
1132 911 1226 943 dictis
1254 914 1447 952 rynmutone

394 960 511 991 debitis
529 959 567 990 (16
591 959 676 990 dicto
699 959 934 997 vicecomitatu,
957 960 1086 1001 dempta
1108 961 1215 998 tercia,
1238 971 1295 1002 pro
1311 971 1447 1001 quorum

393 1009 539 1050 quolibet
563 1009 742 1040 allocantur
760 1009 937 1040 husbandis
956 1010 1123 1041 duodecim
1146 1011 1276 1048 denarii,
1297 1011 1336 1042 de
1361 1011 1446 1042 dicto

394 1060 540 1096 termino,
558 1059 589 1100 vj
609 1063 632 1089 ἔ.
678 1058 721 1089 Et
738 1058 849 1096 eidem,
872 1069 930 1099 pro
954 1059 996 1099 vij
1015 1060 1188 1100 rynmartis
1204 1061 1446 1092 vicecomitatus

394 1110 433 1141 de
449 1110 546 1140 Fores
570 1109 609 1140 de
633 1108 744 1140 eodem
770 1108 915 1146 termino,
939 1109 1104 1141 allocando
1129 1110 1285 1147 similiter,
1309 1120 1398 1140 xxxv
1421 1114 1444 1143 ἕ.

392 1159 435 1190 Et
473 1170 531 1200 pro
565 1159 610 1200 vij
652 1161 852 1199 rynmutoun
887 1159 965 1189 dicti
997 1159 1247 1197 vicecomitatus,
1279 1159 1444 1192 allocando

391 1210 548 1246 similiter,
571 1209 615 1249 vij
640 1212 663 1239 s.
710 1209 752 1239 Et
775 1208 886 1243 eidem.
909 1218 966 1249 pro
994 1209 1141 1240 secundis
1173 1209 1304 1240 decimis
1328 1209 1444 1241 debitis

393 1259 524 1290 domino
565 1258 713 1299 episcopo
746 1257 970 1289 Aberdonensi
1007 1258 1046 1289 de
1075 1258 1227 1300 thanagio
1254 1259 1293 1290 de
1316 1259 1445 1296 Kintor,

394 1309 524 1350 dempta
547 1308 645 1340 tercia
668 1307 777 1339 debita
803 1318 919 1348 sponse
945 1308 1023 1339 dicti
1045 1308 1204 1339 «Iohannis
1233 1308 1360 1350 Ogilvy,
1384 1309 1444 1339 sub

393 1358 536 1400 periculo
552 1358 776 1398 computantis,
799 1357 847 1398 liij
865 1362 889 1389 s.
912 1357 959 1399 iiij
978 1357 1016 1395 (1.,
1032 1368 1089 1399 pro
1104 1358 1202 1389 tercia
1218 1358 1326 1389 debita
1341 1358 1444 1390 eidem

391 1419 506 1449 sponse
518 1408 557 1439 de
574 1408 658 1438 dicto
675 1407 825 1448 thanagio
841 1407 880 1438 de
902 1407 1001 1438 libere
1023 1407 1222 1445 introductis,
1239 1407 1307 1448 xiiij
1324 1407 1357 1439 11.
1402 1408 1445 1439 Et

391 1468 447 1499 per
470 1457 666 1489 solucionem
690 1457 808 1487 factam
832 1456 1013 1487 vicecomiti
1035 1457 1075 1488 (16
1101 1457 1238 1495 Forfare,
1255 1457 1444 1498 percipienti

391 1508 558 1538 annuatim
588 1511 653 1538 tres
669 1506 767 1537 libras
798 1506 837 1537 de
868 1506 953 1537 dicto
991 1506 1142 1547 thanagio
1169 1510 1202 1538 et
1232 1508 1293 1538 sub
1330 1508 1442 1539 eodem

392 1557 541 1597 periculo,
556 1557 590 1597 iij
607 1556 638 1587 11.
685 1556 728 1586 Et
743 1556 828 1586 dicto
852 1556 996 1586 Johanni
1013 1556 1130 1597 Ogilvy
1146 1567 1203 1597 pro
1220 1557 1317 1588 tercia
1334 1557 1442 1588 debita

391 1617 504 1647 sponse
521 1616 577 1637 sue
593 1606 632 1636 de
648 1606 783 1646 piscaria
799 1605 838 1636 de
862 1605 975 1646 Speya,
991 1608 1028 1635 ut
1043 1609 1133 1646 patet
1156 1606 1190 1636 in
1205 1605 1319 1636 rotulis
1335 1616 1442 1646 prece-

389 1656 548 1692 dentibus,
564 1655 603 1686 de
619 1665 702 1685 anno
726 1654 876 1695 computi,
893 1665 913 1684 x
936 1654 967 1685 11.
1014 1654 1056 1685 Et
1079 1654 1192 1692 eidem,
1215 1664 1272 1695 per
1295 1654 1442 1686 deciden-

389 1706 472 1737 ciam
487 1705 651 1736 firmarum
675 1704 713 1735 de
736 1704 925 1744 Balnageith
950 1714 990 1735 ex
1013 1714 1050 1735 eo
1073 1704 1158 1745 quod
1181 1707 1371 1744 computans
1387 1715 1443 1746 per

390 1756 610 1796 juramentum
627 1764 722 1785 suum
738 1753 851 1784 asserit
863 1763 915 1784 eas
928 1753 1031 1784 solum
1047 1753 1186 1784 assedari
1201 1763 1258 1794 pro
1274 1753 1443 1784 duodecim

391 1805 505 1836 marcis
521 1805 554 1835 in
572 1814 663 1841 anno,
674 1804 713 1834 de
729 1813 813 1834 anno
829 1803 981 1843 computi,
997 1803 1127 1843 dempta
1143 1803 1242 1834 tercia
1257 1802 1296 1834 de
1313 1803 1442 1841 eisdem,

392 1855 457 1895 xvij
475 1859 498 1886 s.
515 1854 547 1884 ix
565 1854 592 1884 d.
610 1854 657 1885 ob.
703 1854 746 1884 Et
762 1853 910 1884 similiter
925 1863 981 1894 per
997 1852 1215 1884 decideuciam
1230 1856 1387 1884 terrarum
1403 1852 1442 1884 de

390 1904 549 1941 Mundoil,
561 1903 637 1934 licet
647 1903 872 1934 contineantur
884 1903 917 1933 in
934 1902 1053 1934 rentali
1069 1902 1175 1933 valere
1188 1902 1297 1933 decem
1313 1912 1443 1939 mareas,

389 1959 498 1985 tamen
514 1953 701 1984 assedantur
719 1962 776 1993 pro
792 1963 847 1983 sex
870 1952 969 1989 libris,
986 1952 1025 1983 de
1048 1962 1131 1983 anno
1148 1952 1298 1992 computi,
1314 1952 1444 1993 dempta

389 2004 497 2041 tercia,
520 2003 575 2044 viij
602 2007 624 2034 s.
651 2013 673 2033 x
695 2002 725 2033 d.
742 2002 790 2034 615.
836 2002 878 2033 Et
901 2001 1013 2039 eidem,
1040 2001 1078 2032 de
1102 2002 1200 2033 firmis
1225 2005 1381 2033 terrarum
1404 2001 1443 2032 de

389 2056 467 2087 Litil
481 2055 564 2096 Tary
580 2054 700 2094 absque
716 2054 817 2085 crofta
833 2053 1012 2084 inhabitata
1028 2063 1084 2094 per
1094 2053 1274 2084 forestarios
1291 2053 1329 2084 de
1340 2054 1442 2092 Deru-

389 2116 461 2146 way
472 2115 620 2136 concessa
630 2104 751 2135 eisdem
767 2104 902 2134 durante
915 2103 1083 2134 voluntate
1099 2103 1191 2143 regis,
1204 2102 1243 2134 de
1258 2113 1342 2134 anno
1358 2113 1441 2134 com-

389 2156 470 2197 puti,
499 2155 547 2195 111]
580 2158 602 2185 ἓ.
634 2154 680 2194 iijj
713 2153 742 2184 d.
788 2154 830 2184 Et
867 2153 980 2190 eidem,
1010 2162 1067 2193 per
1097 2152 1293 2183 solucionem
1324 2152 1441 2184 factam

390 2205 541 2246 magistro
587 2203 695 2234 David
737 2203 871 2240 Guthre,
922 2206 1145 2243 computorum
1187 2202 1360 2239 rotulatori,
1401 2201 1440 2232 ad

390 2264 545 2296 expensas
570 2253 723 2284 domicilii
748 2253 869 2284 domini
895 2253 977 2294 regis
1000 2256 1033 2284 et
1055 2252 1290 2293 reparacionem
1320 2255 1441 2283 tecture
