1551 2462
88 240 177 269 1462.
395 236 557 268 REGUM
580 237 826 270 SCOTORUM.
1072 241 1131 269 109

84 339 230 369 concesse
246 340 286 360 ex
308 329 413 371 gracia
435 329 556 360 domini
579 330 660 371 regis
683 329 834 361 Gilcristo
858 330 982 367 Leiche‚
1005 330 1129 361 thesau-

85 379 167 411 rario
197 383 335 412 testante
365 380 601 412 concessionem
632 390 728 421 super
754 383 938 421 compotum
969 380 1007 411 de
1040 380 1133 411 dictis

85 430 188 461 tribus
227 430 379 468 terminis,
409 440 430 461 v
459 430 501 467 fi„
532 433 564 461 et
601 431 774 461 mandatur
812 430 1009 471 compotanti
1047 431 1134 471 quod

85 479 224 521 amplius
263 490 327 511 non
356 479 510 511 deliberet
549 480 633 511 dicto
665 480 817 511 Gilcristo
843 480 962 520 absque
1003 479 1134 520 speciali

87 529 243 561 mandato.
288 530 330 561 Et
360 529 564 567 thesaurario,
601 529 769 570 recipienti
805 540 900 570 super
938 533 1133 570 compotum,
1148 529 1312 581 gssssrqssdebiss

86 579 150 610 xlv.
167 579 198 609 Ji.
215 579 259 619 xij
277 583 299 610 s.
316 579 360 619 vij
384 579 423 616 d„
446 589 502 620 pro
525 579 642 619 quibus
665 578 879 619 respondebit.
925 579 968 609 Et
990 579 1134 610 Johanni
1148 566 1317 611 thlsssiiier'arius.

87 628 169 665 Scot,
185 628 305 659 cursori
327 628 448 659 domini
470 628 560 669 regis,
576 628 614 658 in·
634 628 725 659 feodo
749 639 814 665 suo,
831 638 870 659 ex
892 628 998 669 gracia
1013 628 1134 659 domini

86 677 168 718 regis
192 677 232 709 ad
257 688 395 718 presens,
419 680 558 708 testante
588 677 785 708 thesaurario
816 688 911 718 super
941 681 1134 718 compotum,

87 737 131 757 xx
147 731 171 758 ἔ.
216 727 349 758 Summa
371 737 592 768 expensarum,
604 726 697 768 ij⁰xix
713 727 745 758 fi.
762 738 783 757 x
799 731 822 758 ἔ.
835 727 848 768 j
866 727 895 758 d.
940 727 983 758 Et
1005 728 1051 758 sic
1071 737 1133 758 res-

87 779 159 808 tant
181 776 283 817 lxxxij
308 777 340 808 fi.
360 777 417 807 xix
439 781 462 808 ἑ.
487 776 520 817 xj
544 776 583 814 d„
606 787 668 817 que
691 780 769 808 sunt
791 777 830 808 de
846 776 946 808 firmis
965 777 1003 807 de
1027 777 1134 808 Arane

87 836 169 868 quas
198 826 320 858 domini
345 826 384 858 de
429 826 561 858 oonsilio
592 826 747 857 mandant
778 827 981 868 supersedere
1005 830 1134 867 propter

87 875 270 908 vastitatem
286 876 466 908 earundem.
940 888 941 891 ¹

130 926 224 963 Item,
239 925 325 957 idem
340 929 449 957 onerat
465 936 498 957 se
514 925 553 957 de
569 925 638 966 xliij
655 926 766 957 martis
783 936 838 966 per
855 926 1010 967 arreragia
1027 926 1131 956 ultimi
1149 926 1263 958 Marte.

86 975 226 1016 compoti
241 975 300 1013 sui,
315 978 352 1006 ut
367 977 457 1015 patet
478 975 513 1005 in
531 975 612 1015 pede
635 975 786 1015 ejusdem.
833 975 964 1006 Summa
987 975 1135 1015 arreragii

86 1027 182 1065 patet.
228 1024 320 1062 Item,
336 1024 422 1055 idem
436 1027 547 1055 onerat
562 1034 595 1055 se
619 1024 658 1055 de
674 1024 708 1054 xl
730 1024 841 1055 martis
857 1025 878 1065 ij
897 1025 1018 1065 quartis
1034 1028 1136 1055 marte

87 1073 207 1104 vocatis
237 1073 432 1104 malemartis
469 1073 574 1104 insule
605 1073 643 1104 de
675 1073 758 1104 Bute
789 1073 827 1104 de
859 1074 994 1105 termino
1026 1074 1136 1104 Sancti

87 1122 222 1153 Martini
246 1122 331 1153 infra
352 1122 412 1153 hoc
435 1125 626 1163 compotum,
641 1123 718 1163 quia
732 1126 810 1154 tunc
833 1123 977 1154 redditur
999 1126 1135 1154 tantum.

88 1172 130 1203 Et
145 1171 184 1203 de
197 1182 240 1202 xv
252 1172 363 1203 martis
375 1171 469 1202 dictis
482 1171 676 1203 malemartis
689 1172 794 1203 insule
805 1172 843 1203 de
853 1173 961 1203 Arane
974 1172 1012 1203 cle
1026 1173 1137 1203 eodem

87 1221 231 1252 termino.
292 1221 423 1252 Summa
461 1221 570 1252 totalis
609 1221 806 1252 oneracionis
846 1231 919 1252 cum
964 1222 1139 1263 arreragiis,

88 1270 247 1311 lxxxxviij
264 1273 366 1301 marte
382 1270 403 1311 ij
422 1273 542 1311 quarte.

130 1320 279 1361 Expense
295 1320 437 1360 ejusdem
452 1319 486 1350 in
502 1319 620 1351 martis.
669 1320 710 1350 In
725 1320 846 1360 primis,
862 1320 996 1351 allocate
1013 1331 1139 1361 compo-

60 1408 61 1412 *
87 1369 171 1401 tanti
200 1380 257 1410 per
286 1369 510 1400 liberaoionem
548 1369 667 1400 factam
704 1369 940 1400 constabulario
975 1371 1070 1401 castri
1101 1371 1140 1402 de

87 1419 267 1460 Rothissay,
282 1418 471 1460 percipienti
487 1418 654 1449 annuatim
674 1419 708 1449 in
725 1419 835 1450 martis
852 1423 916 1450 tres
932 1424 1050 1451 martas
1067 1430 1140 1451 cum

89 1468 228 1500 dimedia
243 1468 282 1499 de
295 1468 432 1499 termino
449 1467 558 1498 Sancti
582 1467 718 1498 Martini
733 1468 818 1499 infra
833 1468 892 1499 hoc
909 1472 1092 1509 compotum
1109 1473 1140 1501 et

89 1518 148 1550 sub
163 1517 305 1559 periculo
322 1517 543 1558 compotantiS,
566 1517 600 1557 iij
626 1521 727 1548 marte
743 1517 764 1558 ij
783 1521 902 1558 quarte.
948 1518 990 1548 Et
1009 1519 1142 1559 janitori

89 1567 167 1599 dicti
182 1567 278 1598 castri
294 1567 333 1598 de
348 1566 459 1598 eodem
474 1566 611 1597 termino
627 1570 660 1598 et
675 1567 734 1598 sub
750 1567 835 1598 dicto
845 1567 994 1608 periculo,
1004 1568 1016 1608 j
1031 1572 1141 1600 marta.

87 1617 130 1648 Et
145 1616 348 1658 compotanti,
365 1626 421 1657 pro
437 1616 537 1653 feodo,
554 1626 611 1647 suo
634 1616 673 1647 de
697 1616 808 1647 eodem
823 1617 969 1654 termino,
986 1617 1007 1658 ij
1032 1622 1141 1650 marte.

87 1667 131 1698 Et
155 1677 212 1708 per
235 1666 460 1697 liberacionem
487 1665 605 1696 factam
635 1665 808 1697 senescallo
838 1666 960 1697 domini
989 1668 1071 1708 regis
1102 1668 1141 1699 acl

88 1726 243 1757 expensas
258 1715 410 1747 domicilii
435 1715 579 1756 ejusdem
604 1717 636 1745 et
658 1715 776 1746 intrate
799 1715 831 1746 in
857 1715 947 1747 libris
973 1716 1140 1755 dietarum,

87 1765 237 1797 videlicet
265 1765 417 1797 vicesimo
449 1764 636 1795 Decembris
666 1774 749 1795 anno
776 1766 1078 1807 sexagesimoprimo
1105 1772 1137 1798 et

87 1815 266 1856 penultimo
282 1815 304 1846 J
306 1814 376 1845 unii
391 1814 468 1846 anni
484 1813 670 1854 sexagesimi
688 1814 829 1852 secundi,
845 1814 935 1855 lxviij
954 1819 1064 1853 marte,
1081 1827 1136 1857 pro
1152 1815 1316 1868 (aesqondebit

88 1865 205 1906 quibus
234 1864 449 1895 thesaurarius
481 1862 693 1904 respondebit.
754 1863 886 1894 Summa
917 1874 1137 1905 expensarum,
1151 1848 1320 1898 tilsstsgffiarius.

87 1913 191 1954 lxxiiij
208 1917 310 1944 marte
335 1913 356 1953 ij
385 1916 504 1954 quarte.
550 1912 593 1942 Et
617 1912 662 1943 sic
688 1915 809 1943 restant
834 1913 925 1953 xxiiij
950 1918 1060 1951 marte,
1076 1925 1138 1955 que

88 1967 164 1996 sunt
177 1963 218 1994 de
233 1963 343 1994 martis
359 1962 464 1993 insule
479 1961 518 1993 de
541 1961 649 1992 Arane
672 1961 712 1992 de
735 1972 819 1993 anno
836 1963 976 2003 compoti
999 1967 1030 1994 et
1054 1974 1137 1995 anno

87 2012 277 2055 precedente
292 2012 352 2043 hoc
367 2014 558 2052 compotum.

132 2063 225 2100 Item,
240 2061 326 2093 idem
342 2064 451 2092 onerat
467 2070 501 2091 se
526 2060 565 2091 de
582 2060 650 2100 xiiij
679 2060 793 2091 celdris
818 2060 851 2091 ix
868 2060 962 2091 bollis
978 2061 1065 2092 ordei
1082 2073 1137 2102 per
1152 2059 1300 2096 Ordenm.

87 2111 244 2152 arreragia
265 2110 374 2141 ultimi
397 2109 537 2150 compoti
560 2109 619 2147 sui,
649 2112 685 2140 ut
709 2113 798 2150 patet
821 2110 856 2140 in
880 2110 960 2150 pede
985 2110 1136 2150 ejusdem.

87 2162 220 2193 Summa
235 2162 332 2202 patet.
377 2160 470 2196 Item,
484 2158 570 2191 idem
585 2161 696 2191 onerat
712 2169 745 2190 se
761 2159 799 2190 de
816 2159 847 2199 xj
860 2159 972 2190 celdris
984 2170 1027 2191 xv
1043 2161 1136 2193 bollis
