1551 2462
394 243 453 271 322
705 240 869 272 ROTULI
893 240 1129 272 SGAOCARH
1350 242 1439 272 1465.

171 1321 335 1350 Respondebit

171 1352 290 1374 rotulator

172 1381 321 1410 Culquhone.

231 1474 275 1497 Do.

170 1622 324 1653 Frumen-

170 1669 249 1697 tum.

169 1921 224 1952 Ste
230 1924 355 1952 warton.

437 334 528 365 Idem
551 338 661 366 onerat
684 345 716 366 se
740 335 774 365 in
797 334 908 375 primis
932 334 971 365 de
993 334 1074 374 lxxij
1099 333 1131 364 11.
1154 333 1175 374 ij
1201 337 1224 364 Ξ.
1249 333 1304 374 viij
1331 333 1360 364 d.
1384 343 1441 374 per

392 383 531 424 integras
563 383 667 415 firmas
706 384 834 415 baronie
873 385 912 415 de
950 383 1142 414 Ballincrefe
1180 386 1248 413 tam
1284 385 1441 413 terrarum

392 432 632 464 dominicalium
649 444 744 475 quam
761 434 1014 465 husbandiarum
1030 437 1062 464 et
1078 433 1272 473 cotagiorum
1288 431 1440 472 ejusdem,

390 493 412 512 x
436 482 550 514 celdris
581 483 742 520 frumenti,
768 483 806 514 de
832 494 914 514 anuo
940 483 1088 523 computi.
1135 483 1177 513 Et
1203 482 1242 513 de
1263 482 1317 522 xvj
1343 481 1376 513 n‘.
1401 481 1440 512 de

389 531 489 563 firmis
507 536 660 563 terrarum
678 533 716 563 (18
744 532 902 564 Gosfurde
925 532 964 564 de
988 532 1082 563 dictis
1109 532 1261 563 terminis.
1308 531 1441 562 Summa

388 581 485 622 hujus
502 583 614 620 oneris,
631 583 766 625 lxxxvyiij
785 583 816 613 fi.
833 583 854 623 ij
874 587 895 614 s.
913 583 968 623 viij
986 582 1015 613 d.
1033 593 1054 612 x
1071 582 1174 613 celdre
1191 581 1350 612 frumenti.

434 632 527 668 Item,
543 632 628 663 idem
645 636 754 663 onerat
777 642 810 663 se
834 632 873 663 de
897 632 973 673 xxvj
991 631 1022 662 Ῐῖ.
1039 631 1077 662 de
1093 631 1264 672 grassumis
1280 635 1439 662 certorum

389 681 572 712 tenencium
596 681 850 713 inhabitancium
875 681 986 712 villam
1010 680 1048 712 de
1071 680 1259 712 Ballincreif
1284 683 1317 711 et
1339 683 1439 711 terras

388 730 594 762 dominicales
619 731 656 762 de
682 730 889 771 Ballyncrefe.
937 730 1069 761 Summa
1095 730 1191 770 hujus
1215 730 1318 761 oneris
1341 733 1437 770 patet.

389 780 520 811 Summa
543 780 651 811 totalis
675 780 879 816 oneracionis,
899 778 994 821 j⁰xiiij
1019 779 1050 810 n
1068 780 1089 820 iJ'
1115 784 1138 810 8.
1164 779 1218 820 viij
1243 779 1271 811 (Ϊ,
1290 790 1311 810 x
1334 779 1438 810 celdre

389 829 551 860 frumenti.

432 879 619 919 [Dz'selmrqc.
668 879 711 909 To
725 879 892 919 Rotlzz'ssczy
907 879 1023 916 herald,
1040 889 1074 910 as
1086 889 1116 919 p.
1133 879 1206 916 902,
1221 879 1298 910 &13
1314 879 1356 910 63.
1371 876 1436 919 Sca]

387 928 429 958 Et
452 928 564 965 eidem,
580 939 635 968 pro
662 929 809 969 expensis
832 928 925 959 factis
947 929 982 958 in
1005 928 1135 969 grangia
1158 929 1280 959 domini
1302 929 1383 969 regis
1399 928 1438 959 de

387 978 562 1019 Estbernys
575 978 656 1008 ‹ie-D
664 978 773 1015 unbar,
785 978 935 1009 videlicet
950 977 1096 1009 ducentis
1112 978 1234 1009 thravis
1246 978 1438 1009 straminum

387 1027 546 1067 stipendio
571 1027 803 1059 defalcancium
826 1038 931 1068 grana,
956 1028 1076 1064 aratris,
1099 1027 1246 1068 harpicis,
1270 1027 1438 1058 duodecim

388 1076 481 1107 bollis
505 1077 653 1117 pisarum,
677 1077 793 1118 viginti
816 1077 958 1118 quinque
981 1076 1080 1117 petris
1112 1076 1196 1114 ferri,
1227 1076 1374 1107 carnibus
1405 1080 1438 1107 et

387 1126 470 1157 casio
497 1126 695 1157 lucrancium
726 1127 811 1158 dicta
835 1137 940 1167 grana,
965 1130 997 1157 et
1028 1127 1098 1158 aliis
1125 1126 1259 1157 minutis
1290 1126 1438 1167 expensis

386 1175 479 1206 factis
497 1176 624 1213 ibidem,
639 1180 732 1217 prout
755 1179 845 1217 patet
867 1176 901 1206 in
925 1176 1037 1207 cedula
1059 1176 1274 1216 computantis
1298 1176 1438 1216 particu-

386 1224 496 1256 lariter
527 1226 707 1257 examinata
737 1236 832 1266 super
862 1229 1048 1266 computum
1079 1229 1111 1256 et
1141 1229 1326 1256 remanente
1363 1235 1438 1256 cum

388 1274 501 1306 clerico
528 1275 661 1314 registri,
688 1275 790 1316 xxxiij
814 1275 845 1306 11¹.
864 1275 929 1315 xvij
954 1279 977 1306 s.
1003 1275 1024 1315 ij
1054 1274 1082 1305 d.
1130 1274 1188 1315 [To
1214 1275 1435 1316 Comptrollcr]

388 1324 427 1354 ad
452 1334 606 1364 expensas
623 1325 776 1355 domicilii
807 1324 929 1355 domini
951 1324 1032 1363 regis
1063 1327 1096 1354 et
1124 1324 1259 1355 intratas
1285 1324 1320 1355 in
1346 1323 1436 1356 libris

388 1373 549 1411 domicilii,
583 1374 671 1414 [ΕΖΒ
694 1375 736 1405 53.
793 1374 835 1405 To
865 1375 921 1411 clo„
951 1375 1028 1406 „4326
1057 1374 1119 1405 138.
1152 1373 1240 1415 md]
1285 1374 1329 1405 Et
1351 1384 1435 1405 com—

386 1423 523 1462 putanti,
546 1433 602 1463 pro
626 1423 717 1454 feodo
734 1433 790 1454 suo
807 1423 845 1454 de
862 1433 945 1454 anno
969 1423 1110 1464 computi
1127 1434 1166 1454 ex
1181 1423 1436 1455 consideracione

386 1471 567 1502 auditorum
584 1472 624 1502 ad
641 1478 777 1512 presens,
790 1472 824 1502 xl
840 1476 862 1503 s.
913 1473 1043 1503 Summa
1060 1482 1280 1513 expensarum,
1297 1472 1433 1513 lxxxviij

384 1521 417 1552 11.
445 1522 466 1561 iJ'
498 1526 520 1552 8.
547 1521 600 1561 viij
629 1521 657 1552 (1.
719 1521 760 1552 Et
791 1521 836 1552 sic
865 1524 987 1552 restant
1017 1522 1094 1562 xxvj
1125 1522 1167 1558 11,
1197 1532 1259 1562 que
1289 1526 1365 1553 sunt
1395 1523 1435 1554 de

384 1571 555 1612 grassumis
571 1580 706 1611 quarum
717 1570 871 1601 terminus
887 1570 1058 1601 solucionis
1074 1571 1217 1602 nondum
1234 1571 1370 1602 advenit.

427 1620 478 1650 De
509 1620 669 1651 frumento
700 1620 914 1660 suprascripto
945 1620 1170 1661 expenduntur
1206 1621 1240 1651 in
1271 1620 1433 1653 domicilio

384 1670 476 1710 regis,
486 1674 581 1710 prout
593 1673 681 1710 patet
697 1669 832 1700 inlibris
844 1669 985 1709 ejusdem
998 1670 1232 1710 particulariter
1241 1671 1432 1703 examinatis

383 1730 479 1760 super
504 1722 699 1760 computum,
727 1720 757 1760 vj
783 1719 886 1750 celdre
920 1719 963 1760 iiij
992 1719 1085 1755 holle,
1112 1722 1144 1750 et
1167 1719 1321 1751 seminate
1344 1720 1379 1751 111
1401 1721 1431 1752 18

383 1779 500 1810 grange
523 1769 561 1800 de
585 1769 760 1810 Estbernys
786 1769 804 1809 ij
830 1768 933 1800 celdre
949 1768 993 1809 xij
1018 1768 1110 1800 holle.
1167 1769 1298 1801 Summa
1313 1780 1432 1811 expen-

382 1829 497 1857 sarum,
513 1819 547 1849 ix
564 1818 674 1850 celdre.
722 1819 764 1849 Et
780 1819 825 1849 sic
840 1821 940 1849 restat
952 1818 964 1859 j
982 1818 1088 1849 celdra
1103 1818 1264 1850 frumenti.

427 1918 623 1959 Computum
647 1918 759 1959 Rogeri
785 1917 823 1948 de
846 1917 1025 1949 Foultoune
1050 1921 1082 1948 et
1105 1917 1263 1950 ι1011001118
1287 1918 1428 1960 Dunlop,

381 1969 599 2008 serjandorum
624 1968 757 1999 dominii
780 1967 818 1998 de
843 1967 1070 2004 Stewartoune,
1087 1967 1285 2008 [Edinhmyh
1307 1969 1327 1998 I
1353 1969 1432 2009 July

381 2018 475 2055 1465,
484 2018 575 2058 from
591 2018 632 2048 II
652 2017 770 2048 October
785 2017 871 2054 1464
883 2027 895 2054 ‚·
918 2018 940 2047 ,⁶3
956 2020 1056 2047 terma.

427 2067 553 2106 Clzarye.
597 2067 743 2103 Art-cars,
766 2067 864 2097 ³6⁷5]ss
887 2067 927 2097 63.
945 2067 994 2097 Sd.
1011 2067 1055 2098 17
1077 2066 1214 2097 chaldars
1235 2067 1257 2097 8
1272 2066 1344 2097 bolls
1362 2070 1427 2098 oac-

410 2139 412 2143 ,
439 2127 448 2145 L
463 2141 468 2146 .

381 2116 517 2202 7ΜΙίίῑῖ810,
532 2165 629 2196 iidem
646 2168 779 2196 onerant
794 2175 827 2196 sc
843 2164 881 2196 de
899 2165 929 2205 vj
947 2164 978 2195 n.
995 2165 1052 2205 xiij
1070 2169 1092 2196 s.
1109 2165 1155 2206 iiij
1172 2165 1200 2196 d.
1218 2175 1274 2206 per
1289 2165 1427 2207 integras
