1551 2462
95 264 109 293 1
116 262 185 296 462.
407 259 567 292 REGUM
591 259 836 292 SCOTORUM.
1081 261 1140 289 129

90 364 168 385 eane
199 354 328 386 baronie
350 353 389 385 de
414 353 547 385 Cardale
577 353 729 384 allocatos
756 352 961 393 oompotanti,
985 352 1023 382 de
1047 352 1140 382 dictis
1155 358 1190 380 De
1201 357 1254 380 istis
1265 364 1321 387 pen-

91 405 195 436 tribus
211 404 366 442 terminis,
382 404 429 435 lix
443 403 475 434 11.
500 414 521 434 x
537 414 559 434 0.
605 403 648 434 Et
664 413 759 443 super
776 402 912 433 eundem
928 402 1086 437 comitem,
1103 401 1141 432 de
1155 388 1244 439 ᾱῗιξοέξ
1226 419 1271 439 tv
1256 394 1286 409 ⁰¹¹
1273 424 1316 439 ee
1288 394 1353 409 er-au

91 454 190 485 firmis
207 454 339 484 dominii
354 454 393 484 de
410 453 594 484 Stratherne
617 452 731 483 levatis
751 462 807 493 per
830 451 968 482 eundem
992 451 1140 482 comitem
1154 446 1356 505 eggresdemver-

91 503 131 534 de
153 504 272 537 eisdem
295 503 449 540 terminis,
464 502 545 535 lxxx
567 502 598 533 11.
645 502 688 532 Et
711 502 853 543 pendent
876 501 1024 532 similiter
1047 511 1142 541 super

31 591 40 595 ,
90 552 229 584 eundem
251 553 401 584 comitem
416 556 448 584 et
472 552 670 583 Celcstinum
695 552 733 583 de
757 552 887 588 Insuiis,
910 551 978 592 ejus
1002 551 1142 588 fratrem,

91 601 130 633 de
142 602 242 633 firmis
265 602 398 635 dominii
421 602 459 633 de
484 602 614 633 Avache
641 605 674 633 et
696 601 883 642 Eddyrdule
907 611 968 641 que
992 600 1143 633 dicuntur

91 651 328 689 Ardmannach,
339 654 445 692 preter
455 651 565 683 decem
580 651 676 682 libras
688 651 852 692 capellano
869 650 979 682 Sancti
993 650 1142 687 Duthaci,

90 705 212 742 septem
226 701 324 732 libras
340 701 449 733 decem
465 701 581 732 solidos
598 701 762 742 capellano
778 700 816 731 (10
829 700 968 736 Avaohe,
979 710 1035 730 sex
1044 699 1142 730 libras

90 751 231 792 quinque
247 751 363 783 solidos
379 752 477 792 priori
500 751 539 782 de
555 751 646 782 Bello
669 751 760 787 Loco,
776 750 923 791 superius
946 749 1143 790 oompotanti

90 800 240 832 alloeatos
270 801 305 831 in
327 801 468 841 presenti
490 803 645 841 compoto,
668 799 762 840 ij²x1v
784 800 816 831 11.
840 800 896 840 viij
921 804 945 831 s.
969 799 999 839 vj
1025 799 1054 829 d.
1100 799 1142 829 Et
1156 789 1358 847 ξοῗξξῇξὲζξζξῃ

91 850 232 891 pendent
269 850 416 885 similiter
454 860 549 891 super
586 850 724 881 eundem
770 849 920 881 comitem
958 848 997 879 de
1042 848 1142 878 firmis
1155 849 1202 870 hiis
1210 847 1355 877 pendeueiis.

39 917 42 920 ·
92 899 219 931 baronia
242 899 281 931 de
304 900 330 930 F
332 900 494 937 othirfaoe,
510 910 572 940 que
595 903 644 930 est
668 899 705 930 de
729 899 914 940 episcopatu
937 898 1144 935 Moraviensi,

91 959 165 980 00111
180 950 270 990 cujus
286 949 385 981 firmis
402 953 587 990 compotens
603 949 794 980 onerabatur
809 950 843 979 in
859 949 974 979 ultimo
997 952 1143 989 compoto

92 1048 240 1079 similiter
270 1058 366 1088 super
395 1047 533 1080 eundem
564 1048 714 1079 comitem
744 1048 783 1079 de
810 1048 910 1079 firmis
941 1048 1075 1079 dominii
1105 1048 1144 1078 de

93 1097 336 1134 Strathnarne‚
327 1108 362 1127 111
377 1097 484 1128 warda
508 1097 675 1128 existentis
699 1097 738 1128 de
762 1097 865 1138 primo
888 1098 1024 1129 termino
1049 1097 1144 1137 hujus

93 1147 241 1187 compoti,
271 1147 408 1187 demptis
431 1146 538 1181 teroiis
562 1146 677 1180 debitis
701 1146 825 1178 duabus
849 1147 1021 1177 comitissis
1046 1146 1144 1177 Crau-

93 1196 207 1233 furdie,
237 1199 269 1227 et
298 1196 448 1229 undecim
486 1196 595 1227 solidis
633 1199 769 1237 quatuor
807 1196 945 1230 denariis
983 1200 1015 1227 et
1053 1197 1144 1227 obolo

93 1245 258 1286 capellano
280 1246 320 1276 (10
343 1246 502 1286 Invernys
525 1246 639 1277 levatis
667 1246 707 1278 ad
730 1257 844 1278 manus
868 1246 1019 1287 proprias,
1043 1247 1087 1287 xij
1111 1246 1144 1281 11,

94 1295 161 1336 xvij
186 1295 236 1335 §.j
261 1295 300 1332 (1.,
315 1305 372 1336 pro
396 1295 513 1336 quibus
540 1295 674 1326 summis
697 1295 781 1326 idem
804 1306 908 1328 comes
929 1296 1143 1336 respondebit.

93 1343 226 1376 Summa
255 1345 351 1386 hujus
380 1345 564 1386 pendencie,
587 1344 678 1385 v⁰xlij
710 1344 741 1375 11.
773 1356 793 1376 v
825 1349 847 1376 s.
872 1345 915 1385 vij
941 1345 971 1376 d.
1027 1346 1069 1376 Et
1099 1346 1145 1377 010

3 1385 8 1389 Δ
47 1414 50 1415 ⁷
93 1397 216 1425 restant
241 1393 341 1435 v⁰xvij
367 1394 398 1425 11.
426 1394 469 1435 xij
496 1398 518 1427 s,
546 1394 581 1424 ix
607 1394 636 1429 (1.
662 1395 711 1426 ob.
770 1395 820 1426 De
851 1395 977 1435 quibus,
1003 1395 1145 1436 pendent

95 1453 189 1484 super
204 1444 353 1475 comitem
369 1444 407 1475 de
424 1444 568 1475 Huntlee
585 1444 624 1475 de
640 1444 740 1475 firmis
756 1447 914 1475 terrarum
930 1444 969 1475 de
993 1444 1145 1486 Scheffyn

95 1503 168 1524 cum
184 1493 299 1534 quibus
312 1496 498 1534 compotans
511 1494 657 1534 superius
671 1498 830 1531 oneratur,
842 1494 1028 1535 quiquidem
1040 1505 1144 1526 comes

42 1560 48 1561 ff
95 1541 210 1574 clamat
234 1543 335 1574 dictas
357 1546 457 1575 terras
480 1553 548 1575 esse
576 1543 615 1574 de
639 1543 779 1574 dominio
803 1544 842 1575 de
866 1544 1060 1584 Badyenoch
1083 1545 1145 1576 sibi

95 1602 241 1623 concesso
264 1592 462 1630 hereditarie,
486 1593 524 1624 de
541 1593 644 1624 tribus
666 1593 813 1626 terminis
837 1594 933 1634 hujus
950 1594 1089 1634 compoti
1112 1598 1144 1625 et

95 1642 166 1673 aliis
180 1642 284 1673 tribus
299 1643 445 1674 terminis
468 1643 713 1684 precedentibus
736 1643 796 1674 hoc
819 1646 1011 1684 compotum,
1035 1654 1080 1674 xx
1102 1644 1143 1681 uz,

96 1701 169 1722 cum
199 1692 315 1732 quibus
342 1696 527 1733 computans
559 1693 743 1724 onerabitur
765 1693 799 1724 in
822 1693 967 1733 proximo
998 1698 1144 1734 compoto

97 1751 162 1773 suc.
207 1742 249 1773 Et
271 1742 414 1783 pendent
436 1742 586 1776 similiter
602 1742 640 1773 de
664 1742 764 1774 firmis
788 1742 826 1775 de
850 1743 1090 1783 Kynnynmont
1113 1747 1145 1774 et

98 1791 261 1823 Buchrum
277 1802 375 1833 prope
397 1791 552 1833 Bahany,
568 1802 630 1833 que
646 1795 723 1823 sunt
745 1792 783 1823 de
807 1792 1000 1833 proprietate
1023 1792 1145 1822 domini

97 1842 188 1883 regis,
200 1852 296 1883 super
307 1842 456 1873 comitem
470 1841 600 1876 Atholie
616 1842 794 1883 capientem
807 1842 846 1872 ad
863 1852 975 1872 manus
992 1842 1144 1882 proprias,

0 1889 6 1894 “
58 1906 61 1907 ’
97 1891 136 1922 (10
173 1891 318 1922 terminis
354 1891 451 1932 hujus
481 1891 620 1932 compoti
657 1895 690 1923 et
719 1902 783 1922 uno
813 1891 949 1922 termino
980 1895 1054 1921 ante
1085 1891 1144 1922 hoc

97 1944 288 1981 compotum,
301 1941 354 1981 xxj
373 1941 405 1972 11.
450 1941 492 1972 Et
505 1951 599 1982 super
612 1941 777 1973 dominum
789 1941 810 1972 J
814 1941 947 1973 acobum
959 1940 1142 1981 episcopum

97 1989 333 2021 Moraviensem
348 1990 387 2021 de
403 1991 503 2022 firmis
516 1991 644 2022 baronie
666 1991 704 2022 de
727 1991 908 2022 Fothirface
932 1990 1010 2021 dicti
1026 1990 1144 2031 episco—

96 2042 199 2080 patus,
232 2040 406 2081 speetantis
444 2041 573 2071 domino
610 2041 676 2082 regi
706 2044 849 2082 tempore
879 2040 1029 2070 vacancie
1062 2040 1145 2071 sedis

98 2088 318 2126 Moraviensis,
331 2100 404 2120 cum
414 2091 531 2131 quibus
548 2094 733 2131 compotens
744 2090 934 2121 onerabatur
950 2089 983 2119 in
1000 2093 1146 2129 compoto

99 2138 295 2178 precedente,
311 2138 345 2169 xl
360 2139 391 2170 11.
437 2140 480 2171 Et
495 2150 591 2181 super
606 2140 713 2171 David
730 2140 878 2171 comitem
896 2139 1084 2170 Craufurdie
1108 2139 1146 2170 (10

99 2187 198 2218 firmis
215 2187 293 2218 dicti
309 2188 442 2220 dominii
458 2189 497 2221 de
521 2189 740 2227 Strathnarne,
755 2189 946 2231 percipienti
969 2188 1009 2219 ad
1032 2199 1146 2221 manus

141 2244 211 2269 VOL.
227 2245 282 2268 vu.
1005 2250 1017 2269 i
