1551 2462
118 260 209 290 1465.
426 257 587 290 REGUM
611 257 858 302 SOOTORUM.
1102 262 1162 291 315

117 350 266 391 computi.
311 350 354 382 Ei
369 350 408 382 de
430 351 488 392 lmJ
513 351 545 383 ti.
570 351 647 392 xviij
672 354 868 382 §.terrarum
892 351 931 383 (18
955 351 1109 393 Grynlaw
1126 353 1164 383 de

117 400 211 431 dictis
234 400 388 432 terminis.
433 401 476 432 Eu
498 401 537 432 de
560 401 636 441 xxvj
661 400 694 432 11.
718 401 774 431 xix
797 405 819 432 ἔ.
844 401 878 442 iij
900 401 933 432 fi.
953 404 1110 433 terrarum
1125 402 1164 433 de

116 449 210 482 Duns
222 450 262 481 de
277 450 397 482 eisdem
407 450 559 482 terminis.
598 451 641 481 Et
651 450 690 481 de
706 450 762 491 viij
780 450 812 481 h'.
829 454 911 482 terre
922 451 960 482 (18
971 451 1164 482 Cadeschele

117 499 270 540 peridem
287 502 420 540 tempus.
464 500 507 531 Et
524 500 563 531 de
583 499 698 530 lxxxix
720 499 752 530 11
777 502 934 532 terrarum
957 501 996 532 de
1011 501 1165 532 Lethame

116 557 172 589 per
187 548 309 580 dictum
325 552 457 590 tempus.
502 550 545 580 Et
567 549 606 581 de
629 559 696 580 xxx
718 549 750 580 11.
772 552 930 581 terrarum
954 551 993 581 de
1016 551 1165 591 Mersyn-

116 601 214 629 toune
230 598 268 629 de
284 598 378 630 dictis
401 599 552 630 terminis.
598 599 640 630 Ε1
663 599 702 631 (18
725 610 768 630 xv
791 599 822 630 fi.
847 602 930 631 terre
954 600 993 631 de
1017 600 1165 631 Gradane

104 657 173 688 sper
202 647 325 679 dictum
354 652 488 690 tempus.
533 649 576 680 Et
603 648 641 680 (18
668 648 703 680 xl
732 648 764 679 fi.
790 652 873 680 terre
900 650 939 681 de
967 650 1094 681 Hersell
1123 650 1163 681 (18

117 696 236 728 eisdem
251 698 404 729 herminis.
449 699 492 729 Ε1
507 698 546 730 (18
563 698 642 739 xlvij
659 698 690 729 11.
708 699 753 739 xij
771 702 793 729 Ξ.
810 699 842 739 vj
854 698 882 729 d.
897 701 978 730 terre
989 699 1027 730 de
1040 699 1164 739 Chyrn-
1215 735 1218 738 ⁴

117 746 184 778 side
199 746 239 778 de
254 747 373 778 eisdem
388 748 541 779 terminis.
586 748 629 779 Ε1
645 748 684 779 de
699 747 734 778 lx
750 748 781 779 11.
798 751 881 779 terre
898 748 937 780 de
953 748 1120 789 Brigeame
1133 751 1165 779 81

115 795 414 837 Brygeamcschelez
430 798 469 829 de
485 798 579 830 dictis
597 798 750 830 terminis.
811 799 855 830 Et
870 798 908 830 de
925 809 969 829 xv
983 798 1015 829 fi.
1047 799 1164 829 foreste

78 848 86 852 ‘
117 845 157 876 de
170 846 225 886 Dy
240 855 296 887 per
318 846 403 878 idem
425 851 561 888 tempus.
608 847 650 879 Et
672 848 712 880 de
727 847 762 879 lx
784 847 816 878 fi.
841 848 874 889 iij
898 852 920 879 ἔ.
938 848 970 888 vj
988 847 1017 879 d.
1035 847 1165 879 baronio

117 894 156 926 de
186 895 453 937 Colbrandispeth
481 907 538 938 per
568 897 691 929 1118111111
728 900 864 938 hempus.
924 897 967 927 Et
997 897 1036 928 de
1066 897 1101 928 lx
1131 897 1164 928 E.

117 947 273 975 terrarum
296 945 335 976 de
358 945 687 986 Mekilpynkertoune
702 956 759 987 per
773 946 859 977 idem
879 949 1015 986 tempus.
1062 946 1105 976 Et
1125 946 1164 977 de

117 1003 161 1024 xv
181 993 212 1024 fi.
237 997 393 1025 terrarum
416 994 455 1026 de
478 994 555 1026 Litil
579 995 806 1036 Pynkerboune
830 995 869 1026 (18
892 995 986 1026 dictis
1009 995 1163 1027 terminis.

116 1042 160 1073 Et
176 1042 214 1073 (18
230 1043 291 1074 ν11.
308 1046 391 1075 terre
407 1043 446 1075 de
463 1044 670 1085 Osanysdene
686 1044 724 1076 de
740 1045 859 1075 eisdem
875 1045 1029 1076 terminis.
1075 1045 1117 1075 Et
1127 1045 1166 1076 de

117 1091 175 1132 xiij
193 1091 224 1122 fi.
242 1095 324 1124 ten-e
348 1093 386 1124 de
409 1093 581 1124 Neutoune
604 1093 676 1124 Leis
699 1103 756 1134 per
777 1093 864 1124 idem
887 1096 1023 1134 tempus.
1068 1094 1111 1124 Et,
1127 1094 1166 1125 de

117 1141 164 1181 iiij
181 1140 215 1173 li.
232 1151 253 1171 x
269 1152 291 1173 s.
315 1144 398 1173 terre
421 1142 460 1174 de
483 1142 603 1184 Ryggis
627 1146 659 1174 81
674 1143 780 1174 Fluris
803 1153 859 1184 per
882 1143 1006 1174 dictum
1027 1146 1164 1185 tempus.

117 1190 160 1221 Et
184 1190 223 1221 de
254 1191 310 1232 viij
337 1191 368 1222 fi.
396 1191 435 1223 de
461 1192 561 1223 firmis
584 1192 762 1223 molendini
784 1192 823 1223 de
851 1192 1102 1234 Quhitinghame
1127 1193 1166 1225 de

117 1239 212 1270 dictis
242 1240 395 1272 terminis.
440 1241 483 1272 Et
513 1241 552 1272 de
583 1241 627 1282 xij
659 1241 690 1273 fi.
723 1242 763 1273 (18
793 1242 893 1273 firmis
924 1242 1102 1273 molendini
1128 1242 1167 1274 (18

116 1288 327 1331 Westbernys
353 1301 410 1331 per
435 1290 521 1322 idem
546 1293 681 1332 tempus.
726 1291 770 1322 Ε1
796 1291 835 1322 (18
859 1291 916 1332 viij
943 1291 977 1323 fi.
1004 1292 1043 1323 de
1066 1291 1166 1323 firmis

114 1338 293 1369 molendini
308 1339 347 1370 de
363 1340 538 1380 Esthernys
554 1350 611 1380 per
626 1340 749 1371 dictum
765 1343 900 1381 tempus.
946 1341 989 1372 Et
1005 1341 1043 1372 de
1059 1351 1126 1372 xxx
1141 1345 1167 1373 ἔ.

116 1389 200 1419 terre
221 1387 261 1419 (18
283 1388 446 1420 Dunscele
469 1389 508 1420 de
532 1389 625 1420 dictis
648 1389 802 1421 terminis.
848 1390 891 1421 Et
913 1389 952 1421 de
970 1390 1000 1431 vj
1017 1390 1049 1421 Ti.
1067 1391 1167 1421 annui

117 1436 260 1468 redditus
286 1437 379 1479 burgi
405 1438 444 1469 de
461 1438 595 1470 Dunbar
620 1439 661 1470 de
685 1438 779 1470 dictis
802 1439 957 1472 terminis.
1003 1440 1046 1470 Et
1066 1440 1168 1471 nichil

118 1485 173 1518 lu'c
204 1486 243 1518 de
272 1496 378 1518 annuo
407 1488 536 1520 redditu
567 1491 605 1520 de
640 1488 838 1526 Haddirwic,
876 1489 953 1530 quia
989 1489 1166 1520 vicecomes

116 1535 250 1567 Berwici
263 1535 384 1568 levavit
400 1537 536 1569 eundem
559 1548 615 1579 pro
639 1537 842 1569 castriwarda
868 1541 900 1569 81
923 1538 1063 1569 reddidit
1079 1540 1164 1569 80111-

118 1587 233 1626 putum
258 1595 314 1626 pro
338 1586 456 1618 eodem.
501 1587 543 1618 Et
564 1587 602 1618 de
623 1587 668 1628 xij
692 1591 716 1619 ἔ.
740 1587 841 1618 annui
863 1587 1006 1619 redditus
1031 1588 1169 1619 duorum

118 1637 371 1667 tencmentorum
398 1636 526 1678 Georgii
548 1637 762 1668 Edwardsonc
785 1637 819 1668 in
844 1637 982 1668 Dunbar
1006 1637 1045 1669 de
1074 1637 1168 1669 dictis

119 1683 269 1715 terminis.
313 1685 357 1716 Et
387 1684 426 1716 de
455 1686 488 1727 vj
516 1690 539 1717 Ξ.
570 1686 666 1718 unius
693 1687 793 1718 annui
819 1686 963 1718 redditus
990 1687 1169 1719 1811811181111

120 1731 250 1764 Patricii
264 1733 445 1766 Abkinsone
460 1735 495 1766 in
517 1735 603 1767 (11010
626 1736 725 1777 burgo
749 1736 787 1767 de
804 1736 899 1767 dictis
923 1737 1078 1768 terminis.
1124 1737 1168 1767 Et

121 1781 160 1813 de
176 1792 197 1813 x
212 1786 237 1814 ἔ.
259 1783 359 1814 annui
380 1784 523 1817 redditus
546 1788 630 1817 terre
654 1785 740 1817 (11818
762 1785 968 1826 Waytisland
990 1786 1025 1816 in
1048 1785 1168 1817 Mekil-

119 1831 341 1872 pynkertoune
357 1833 396 1864 de
411 1834 505 1866 dictis
521 1835 676 1867 terminis.
708 1835 751 1866 Et
768 1835 806 1866 de
822 1835 854 1875 vj
873 1839 897 1866 ἔ.
914 1834 1015 1865 annui
1025 1835 1168 1866 redditus

121 1879 160 1911 de
176 1880 508 1921 Pynkertounelandis
532 1883 571 1915 de
592 1884 686 1915 dictis
710 1884 864 1916 terminis.
911 1884 954 1915 Et
976 1885 1010 1925 vj
1027 1889 1050 1916 ἕ.
1068 1884 1169 1915 annui

121 1928 262 1962 redditus
299 1933 382 1962 terre
418 1931 577 1964 willelmi
607 1933 744 1965 Hatelee
782 1933 817 1964 in
857 1933 963 1973 Popill
994 1933 1032 1964 (18
1074 1933 1169 1965 dictis

121 1979 274 2012 terminis.
318 1980 362 2012 Ε1
392 1981 492 2013 nichil
522 1982 574 2014 hic
606 1983 645 2014 de
675 1983 776 2013 firmis
807 1982 847 2014 de
883 1982 1068 2023 Estbernys,
1093 1983 1170 2023 quia

123 2033 318 2071 occupantur
349 2042 422 2064 cum
455 2034 590 2075 propriis
620 2034 711 2075 regis,
736 2037 769 2065 81
798 2034 821 2065 J
822 2034 964 2065 ohannes
996 2033 1170 2075 Clephame

123 2079 310 2112 intromittit
333 2092 407 2113 811111
434 2083 561 2115 eisdem.
607 2084 650 2115 Ε1
674 2084 714 2115 (18
730 2084 785 2125 viij
813 2083 927 2115 celdris
955 2083 1110 2115 frumenti
1138 2087 1171 2115 81

123 2128 178 2169 viij
210 2129 324 2163 celdris
353 2131 435 2163 ordii
466 2132 504 2164 (18
535 2133 635 2165 firmis
660 2133 699 2165 (18
725 2134 935 2174 Westbernys
962 2133 1002 2164 de
1032 2133 1170 2165 termino

125 2177 233 2210 Sancti
265 2178 401 2212 Martini
437 2181 524 2214 infra
556 2182 617 2215 hoc
650 2186 844 2225 computum.
906 2183 1038 2215 Summa
1073 2183 1170 2224 hujus
