1551 2462
0 1049 30 1301 '-·-·-:‘r2;·-÷ae0-‹vr·-2-
0 994 6 1021 ··

147 291 236 320 1465.
455 286 616 319 REGUM
641 285 886 318 SCOTORUM.
1130 289 1190 318 359

145 381 267 412 domini
292 381 382 422 regis,
405 383 438 412 et
460 380 532 411 aliis
554 382 709 416 oncostez,
730 377 847 419 j‘xxxij
871 379 902 410 fi.
928 379 981 419 xvj
1006 380 1055 419 §.j
1081 379 1118 416 (ἶ,
1135 389 1192 419 pro
1206 383 1370 413 Respondebit

145 431 262 472 quibus
283 431 494 472 respondebit.
540 430 583 460 Et
605 429 717 467 eidem,
740 439 796 470 pro
819 429 953 469 triginta
977 429 1096 460 tabulis
1120 429 1192 459 tris-
1205 414 1355 466 ssfflffi'ffe’

145 480 248 512 decim
259 480 355 521 lignis
370 479 405 510 xl
420 479 540 521 tingnis
564 489 620 520 pro
643 478 846 519 reparacione
861 478 1045 509 tabularum
1062 482 1094 509 et
1110 478 1192 509 sedi-

145 530 225 561 lium
247 530 282 561 in
305 533 408 561 castro
432 529 471 560 de
495 529 655 569 Invernys
678 538 752 569 erga
776 527 952 558 adventum
975 527 1057 568 regis
1073 527 1193 558 ibidem

147 589 286 611 unacum
301 579 460 620 stipendio
475 578 694 609 laborancium
711 577 744 608 in
761 577 895 608 diversis
911 576 982 607 aliis
998 577 1195 618 reparacion-

146 629 227 666 ibus,
250 632 287 660 ut
311 632 399 670 patet
420 628 456 664 in
478 628 568 658 libris
592 627 808 667 computantis
831 626 1066 667 particulariter
1089 636 1196 657 exam-

147 678 244 710 inatis
267 688 363 719 super
385 680 580 718 computum,
603 676 616 707 1
638 681 661 707 ἔ.
685 676 707 717 ij
732 676 761 707 d.
807 674 850 706 Et
873 676 984 714 eidem,
999 686 1056 716 pro
1073 676 1196 706 duabus

148 728 253 759 terciis
278 728 469 759 exeuntibus
497 727 536 758 de
563 726 705 757 dominio
732 726 771 757 de
797 725 1006 757 Strathnarne
1033 725 1067 756 in
1092 725 1198 756 warda

148 777 305 809 existente
321 777 445 808 duabus
467 776 638 808 comitissis
654 775 852 812 Craufurdie,
868 775 907 806 de
926 776 1028 806 tribus
1043 775 1199 811 terminis,

149 826 246 867 hujus
259 827 410 868 computi,
419 826 478 866 liiij
492 825 524 856 fi.
537 826 571 866 iij
586 830 608 856 s.
622 836 643 856 x
655 825 684 856 d.
723 826 765 856 Et
776 825 832 856 uni
846 825 1010 865 capellano
1022 825 1198 856 celebranti

150 876 183 907 in
194 876 315 917 capella
327 877 418 908 beate
434 876 577 917 Virginis
590 875 629 906 de
641 875 760 906 Veride
773 885 872 916 prope
889 875 1047 915 Invernys
1065 874 1198 905 fundato

150 926 189 957 de
206 926 290 957 dicto
306 925 456 962 dominio,
466 925 655 966 percipienti
679 924 848 955 annuatim
870 924 988 965 viginti
1002 928 1067 955 tres
1083 924 1200 955 solidos

150 979 182 1007 et
195 986 309 1006 novem
322 975 475 1012 denarios,
486 974 624 1015 demptis
634 974 757 1005 duabus
768 974 883 1011 terciis,
894 974 932 1005 de
943 974 1036 1004 dictis
1047 973 1201 1010 terminis,

140 1029 240 1055 *xxxv
256 1029 278 1056 ἕ.
295 1025 338 1065 vij
356 1024 385 1055 d.
402 1024 449 1055 ob.
496 1024 539 1054 Et
554 1024 666 1060 eidem,
681 1034 738 1064 pro
762 1023 911 1063 expensis
934 1023 1028 1054 factis
1045 1033 1102 1063 per
1118 1032 1202 1053 com-

152 1077 320 1114 putantem
331 1084 426 1114 super
437 1073 658 1104 Alexandrum
671 1073 857 1113 Hepburne,
867 1072 1001 1103 missum
1012 1072 1051 1113 ad
1063 1072 1204 1102 wardam

154 1133 263 1154 versus
286 1122 442 1154 Dunottir
464 1132 538 1153 cum
567 1132 623 1153 sex
647 1122 809 1163 equitibus
832 1132 850 1152 a
874 1122 1035 1159 Strivelin‚
1066 1132 1105 1152 ex
1130 1131 1204 1152 con-

153 1172 347 1203 sideracione
377 1171 558 1202 auditorum
586 1171 626 1202 ad
648 1181 787 1212 presens,
811 1170 845 1201 xl
868 1175 891 1202 s.
946 1171 988 1201 Et
1011 1171 1123 1207 eidem,
1147 1180 1205 1211 pro

154 1225 285 1252 centum
301 1221 484 1262 octuaginta
507 1221 595 1252 rudis
619 1221 769 1252 focalium
793 1221 950 1252 dictorum
975 1221 1078 1252 turffis
1093 1220 1206 1251 locatis
1365 1257 1369 1261 ³

155 1281 211 1312 per
241 1274 481 1311 computantem
510 1270 545 1300 in
575 1273 677 1300 castro
707 1270 747 1301 de
778 1270 947 1311 Invernys,
978 1269 1016 1301 de
1053 1270 1205 1300 mandato
1219 1257 1383 1316 gfffiffiffssst

156 1320 357 1351 dominorum
373 1319 411 1350 de
427 1319 568 1356 oonsilio,
584 1322 616 1350 et
627 1329 684 1359 pro
698 1320 814 1359 quibus
827 1319 1040 1360 respondebit,
1053 1320 1087 1350 xl
1103 1324 1125 1350 s.
1165 1320 1207 1350 Et
1220 1324 1263 1346 pro
1275 1317 1400 1339 focalibus.

157 1369 267 1406 eidem,
292 1379 349 1409 pro
374 1369 521 1410 expensis
551 1369 645 1399 factis
675 1379 732 1409 per
761 1372 1010 1409 computantem,
1041 1370 1208 1400 dominum

157 1419 336 1449 Henricum
352 1418 528 1459 Kingorne,
544 1422 577 1449 et
592 1418 746 1449 Thomam
763 1418 890 1456 Forbas,
908 1419 1091 1450 assedamtes
1108 1422 1206 1450 terras

157 1468 279 1499 domini
305 1467 387 1509 regis
410 1468 444 1499 in
467 1468 612 1509 partibus
628 1468 816 1505 borealibus,
833 1471 869 1499 ut
892 1469 1004 1500 asserit
1019 1472 1208 1510 computans

157 1519 191 1549 iu
208 1528 264 1550 suo
291 1522 498 1556 sacramento,
526 1519 569 1559 xij
596 1518 628 1550 fi.
674 1519 716 1549 Et
741 1518 853 1556 eidem,
870 1529 925 1559 pro
953 1519 1077 1549 duabus
1101 1518 1207 1549 terciis

157 1567 350 1599 exeuntibus
373 1568 411 1598 de
427 1568 517 1599 terris
534 1568 573 1598 de
597 1568 699 1608 Innys
715 1568 753 1599 de
777 1578 903 1599 summa
925 1568 1122 1599 oneracionis
1138 1579 1210 1608 pre-

159 1618 252 1654 dicta,
268 1628 287 1648 v
303 1617 335 1648 li.
349 1617 379 1658 xj
395 1621 418 1648 ἔ.
428 1617 440 1657 j
455 1617 484 1649 (Ϊ.
530 1617 662 1648 Summa
672 1618 786 1648 harum
797 1628 1017 1658 expensarum,
1027 1617 1160 1659 jffliij⁰le
1175 1617 1207 1648 fi.

160 1667 204 1707 xij
221 1671 244 1698 ἔ,
261 1677 282 1698 v
297 1667 326 1698 (Ἰ.
344 1667 392 1698 ob.
437 1667 480 1697 Et
495 1667 540 1698 sic
557 1671 680 1698 restant
695 1667 864 1708 viij⁰xxxvj
883 1667 913 1698 fi.
932 1668 997 1708 xvij
1016 1668 1044 1699 d.

205 1716 297 1753 Item,
309 1716 394 1747 idem
410 1719 521 1747 onerat
537 1727 570 1748 se
587 1717 653 1758 [de]
666 1717 678 1757 j
698 1717 803 1749 celdra
820 1717 875 1758 viij
893 1718 987 1748 bonis
1004 1718 1156 1748 frumenti
1170 1717 1208 1748 de
1223 1719 1249 1749 F
1251 1727 1377 1748 rumen-

160 1765 258 1797 firmis
274 1766 312 1797 de
329 1766 437 1797 Halch
453 1766 491 1797 de
506 1766 642 1797 Brechin
655 1767 694 1797 de
710 1767 846 1798 termino
858 1767 967 1798 Sancti
979 1768 1115 1798 Martini
1125 1778 1208 1798 anno
1225 1768 1303 1796 tunl-

162 1818 218 1846 etc.
236 1815 430 1856 sexagesimo
442 1815 547 1846 tercio.
587 1816 629 1846 Et
639 1816 697 1856 dej
712 1816 818 1847 celdra
830 1817 885 1857 viij
899 1817 992 1847 bollis
1005 1817 1159 1847 frumenti
1171 1817 1210 1847 de

162 1863 255 1895 dictis
271 1864 370 1895 firmis
386 1864 424 1895 de
441 1875 524 1895 anno
539 1865 735 1905 sexagesimo
752 1869 865 1906 quarto
888 1869 920 1896 et
936 1866 1047 1896 eodem
1064 1865 1209 1897 termino.

163 1914 256 1951 Item,
271 1913 356 1945 idem
381 1918 492 1945 onerat
515 1924 547 1945 se
570 1914 610 1945 de
632 1915 698 1955 xvij
724 1915 838 1946 celdris
863 1915 1016 1946 frumenti
1039 1915 1211 1946 comitatus

162 1962 316 2000 Moravie,
340 1963 469 2004 dempta
496 1964 594 1995 tercia
621 1964 728 1995 debita
755 1975 869 2005 sponse
901 1965 1022 1995 domiui
1053 1965 1075 1996 J
1077 1965 1212 1996 ohannis

164 2012 290 2053 Ogilvy,
313 2012 352 2043 de
376 2023 460 2043 anno
490 2014 685 2054 sexagesimo
712 2015 817 2045 tercio.
863 2015 906 2045 Et
936 2014 974 2045 de
1005 2015 1071 2055 xvij
1099 2014 1213 2045 celdris

164 2061 317 2093 frumenti
332 2062 371 2093 de
387 2062 472 2093 dicto
484 2063 648 2100 comitatu,
658 2064 788 2104 dempta
804 2064 900 2094 tercia
913 2067 950 2094 ut
965 2074 1069 2105 supra,
1082 2064 1120 2094 de
1131 2074 1214 2095 anno

165 2111 358 2152 sexagesimo
381 2115 502 2153 quarto.
548 2113 680 2143 Summa
702 2113 810 2144 totalis
834 2114 1029 2144 oneracionis
1053 2114 1216 2152 frumenti,

166 2160 294 2201 dempta
310 2162 407 2193 tercia
422 2162 592 2193 comitatus
609 2163 762 2199 Moravie,
779 2163 889 2202 xxxvij
908 2163 1011 2194 celdre
1028 2163 1188 2194 frumenti.
1231 2170 1371 2201 ordeum
1389 2173 1421 2201 eb

209 2210 300 2248 Item,
316 2210 401 2241 idem
417 2214 527 2242 onerat
541 2222 575 2242 se
588 2211 625 2243 de
641 2211 687 2252 iiij
705 2212 818 2243 celdris
835 2212 890 2252 viij
909 2212 1001 2244 bollis
1018 2213 1103 2244 ordei
1126 2213 1215 2244 firme
1232 2214 1356 2245 farrina.
