1551 2462
364 254 425 283 632
669 251 834 283 ROTULI
858 251 1096 285 SCACCARII
1327 246 1416 285 1469.
1431 292 1446 302 Ζ

360 345 397 386 j¹¹¹
420 345 523 386 pisces
547 345 627 377 aridi
657 345 750 386 xxiiij
776 346 877 377 ferrea
907 356 1061 386 equorum
1089 346 1102 387 j
1127 345 1232 378 celdra
1262 345 1309 387 iiij
1333 346 1416 379 boile
1439 340 1443 349 ’

363 405 537 426 avenarum
554 395 600 436 iiij
618 395 764 426 duodene
780 394 980 435 gallinaium.
1440 391 1470 432 f

408 445 556 486 Expense
579 444 730 486 ejusdem.
777 444 818 475 In
840 444 961 485 primis,
984 444 1118 476 allocate
1142 444 1340 486 computanti
1363 426 1448 486 per
1513 481 1520 491 ,-

364 494 561 526 solucionem
577 495 695 526 factam
711 494 810 535 priori
833 494 872 525 de
897 495 1055 535 Rostynot
1078 494 1117 526 de
1140 495 1232 526 terris
1249 494 1287 526 de
1303 494 1432 526 Balna-

363 544 481 582 breich,
507 544 697 586 percipienti
729 544 896 575 annuatim
925 544 1135 586 quadraginta
1163 555 1219 576 sex
1244 544 1360 576 solidos
1385 547 1417 576 et
1445 570 1448 574 Δ

364 598 435 626 octo
452 594 606 632 denarios,
623 594 662 625 de
685 604 769 625 anno
792 594 944 634 computi.
963 594 1032 634 xlvj
1057 598 1080 625 s.
1100 594 1154 634 viij
1179 594 1208 626 d.
1253 594 1296 626 Et
1311 593 1418 625 abbati

365 644 404 675 de
421 644 527 685 Oupro
543 644 582 675 de
598 653 705 674 annuo
721 643 848 675 redditu
865 643 989 675 fabrilis
1010 644 1050 675 de
1067 643 1214 681 Brechin,
1230 643 1417 685 percipienti

366 693 531 725 annuatim
549 693 716 724 dimidiam
733 703 882 731 marcam,
898 693 937 724 de
958 704 1043 725 anno
1059 694 1211 735 computi,
1229 694 1259 734 vj
1278 698 1301 726 S.
1317 693 1372 735 viij
1388 693 1416 725 d.

365 743 409 774 Et
423 742 610 774 Alexandro
626 742 665 773 de
682 742 821 773 Setoune
845 743 884 774 de
908 743 1075 782 Parbroth,
1093 743 1284 784 percipienti
1300 753 1418 774 annua-

365 793 426 824 tim
443 793 654 834 quadraginta
677 792 794 823 solidos
818 792 918 823 annui
942 793 1087 824 redditus
1111 793 1150 824 de
1173 793 1267 825 terris
1284 793 1322 824 de
1337 790 1418 823 Ksn·
1439 794 1462 805 ‘¹
1522 827 1525 831 ,

367 852 449 883 crag,
460 842 499 873 de
509 842 620 873 eodem
632 852 715 874 anno
726 845 758 873 et
770 843 830 873 sub
841 842 926 873 dicto
939 842 1089 884 periculo,
1100 843 1133 873 xl
1147 847 1168 874 s.
1207 843 1251 874 Et
1260 842 1371 880 eidem,
1380 842 1418 874 de
1435 845 1438 849 “
1455 866 1458 871 .
1516 873 1523 878 ,,

367 893 468 924 firmis
491 896 647 923 terrarum
672 892 710 923 de
738 892 963 930 Pettintoskel,
987 892 1198 933 Petpullokis,
1221 896 1254 924 et
1277 892 1443 934 Tuquu->·

368 942 459 983 hilly,
486 952 560 973 cum
585 941 702 983 quibus
726 945 916 983 computans
939 943 1088 983 superius
1111 946 1269 980 oneratur,
1295 951 1418 973 conces-

369 991 412 1022 sis
445 992 626 1032 Margarete
656 991 816 1032 Lindesay
847 991 1010 1023 comitisse
1042 992 1080 1024 de
1111 992 1264 1034 Donglas,
1295 1002 1418 1024 conces—

369 1041 412 1072 sis
442 1051 544 1081 usque
575 1043 694 1072 etatem
724 1040 846 1072 domini
876 1041 960 1083 regis
990 1041 1108 1083 viginti
1137 1043 1233 1073 unius
1264 1051 1420 1073 annorum

369 1091 570 1132 completam,
594 1094 631 1121 ut
652 1093 743 1131 patet
765 1101 822 1132 per
844 1091 952 1122 literas
977 1091 1097 1123 domini
1114 1092 1196 1133 regis
1217 1092 1276 1123 sub
1300 1092 1430 1133 signeto>

369 1144 512 1172 ostensas
528 1151 624 1181 super
639 1144 837 1182 computum,
850 1142 888 1173 de
905 1150 989 1173 anno
1006 1142 1156 1183 computi,
1170 1142 1270 1184 xxxvj
1285 1142 1317 1174 fi.
1330 1142 1385 1173 xix
1396 1145 1430 1186 §.J

369 1191 425 1231 viij
443 1190 471 1222 d.
518 1190 561 1221 Et
576 1200 633 1232 pro
649 1191 798 1222 secundis
815 1191 947 1223 decimis
964 1192 1080 1223 debitis
1095 1192 1192 1233 priori
1209 1192 1248 1223 dc
1263 1192 1421 1233 Rostynot

368 1240 408 1271 de
424 1240 518 1272 dictis
534 1240 694 1300 dominiis,
709 1241 779 1282 ipso
802 1251 858 1282 per
869 1241 989 1297 literas
1007 1252 1081 1272 suas
1104 1242 1227 1297 fatente
1249 1244 1419 1282 receptum,
1436 1278 1438 1282 .

369 1340 441 1372 Ade
471 1340 594 1371 Walles
624 1315 663 1371 de
694 1340 804 1381 Crago,
841 1344 1062 1382 computorum
1100 1341 1277 1378 rotulatori,
1307 1340 1422 1372 fatenti

153 1389 319 1442 ssgffissdebst
369 1394 535 1431 receptum
561 1400 657 1431 super
681 1394 878 1432 computum,
903 1392 1004 1432 xxviij
1031 1392 1063 1423 1ῑ.
1095 1392 1151 1433 xiij
1181 1396 1203 1423 Ξ.
1229 1392 1275 1433 iiij
1304 1391 1342 1429 (1.,
1366 1401 1446 1432 pro.

153 1436 280 1472 rotulaior.
370 1441 488 1482 quibus
514 1440 727 1481 respondebit.
773 1441 815 1471 Et
842 1441 954 1478 eidem,
979 1451 1036 1482 per
1057 1442 1282 1473 liberacionem
1306 1442 1421 1473 factam

371 1490 457 1521 dicto
472 1490 641 1520 rotulatori
657 1500 713 1531 per
735 1489 962 1521 liberacionem
986 1491 1112 1522 comitis
1133 1491 1332 1528 Craufurdie,
1353 1491 1422 1532 ipso

372 1540 495 1571 fatente
510 1543 672 1581 receptum
690 1550 785 1580 super
808 1543 1005 1581 computum,
1024 1543 1057 1571 et
1079 1540 1118 1572 de
1142 1551 1205 1582 quo
1222 1541 1318 1572 habet
1333 1549 1457 1572 suam:

230 1597 276 1621 Do.
372 1589 578 1630 quitanciam,
601 1599 622 1620 x
645 1588 678 1620 fi.
702 1599 759 1630 per
786 1589 904 1630 quibus
935 1590 1148 1631 respondebit.
1194 1590 1237 1621 Et
1259 1589 1423 1621 rotulatori

371 1638 539 1680 recipienti
575 1648 670 1679 super
700 1643 896 1680 computum,
927 1649 950 1671 x
980 1639 1023 1677 H„
1055 1651 1112 1681 pro
1142 1641 1259 1681 quibus
1296 1636 1443 1682 respon-‘⁹‘

232 1694 276 1717 Do.
371 1688 467 1719 debit.
528 1688 571 1719 Et
601 1688 714 1726 eidem,
745 1688 784 1719 de
814 1689 914 1720 firmis
944 1692 1099 1720 terrarum
1137 1690 1177 1721 de
1215 1691 1321 1728 Arrot,
1351 1699 1422 1721 cum

372 1738 489 1779 quibus
514 1741 704 1779 computans
735 1739 881 1779 superius
912 1742 1070 1777 oneratur,
1099 1739 1138 1770 de
1169 1750 1252 1771 anno
1283 1739 1422 1781 computi

371 1792 404 1819 et
419 1789 521 1820 tribus
545 1789 637 1819 annis
661 1789 905 1829 precedentibus
929 1789 989 1820 hoc
1013 1793 1209 1830 computum,
1226 1799 1299 1820 cum
1315 1789 1423 1828 decem
1437 1789 1455 1836 ,¹

371 1838 462 1869 libris
489 1838 524 1869 in
548 1848 640 1875 anno,
656 1837 733 1869 licet
758 1841 947 1879 computans
971 1838 1076 1869 solum
1099 1842 1261 1880 receperat
1276 1838 1422 1870 undecim
1452 1879 1455 1882 y

371 1898 492 1919 marcas
519 1897 576 1929 pro
602 1887 694 1918 firma
719 1898 776 1918 sua
803 1898 843 1919 ex
869 1888 974 1928 gracia
1001 1888 1123 1919 domini
1146 1889 1227 1930 regis
1251 1888 1289 1920 de
1306 1888 1422 1920 eisdem
1452 1904 1457 1922 ς

371 1937 473 1975 annis,
489 1948 510 1968 x
525 1937 557 1969 fi„
575 1937 631 1978 xiij
649 1941 671 1968 ἔ.
689 1937 735 1978 iiij
753 1937 781 1968 d.
828 1937 871 1968 Et
883 1938 994 1975 eidem,
1007 1938 1046 1969 de
1059 1938 1152 1969 dictis
1165 1939 1257 1969 terris
1270 1938 1424 1970 concessis
1447 1938 1451 1949 ³

370 1987 494 2028 prefate
510 1987 670 2018 comitisse
686 1986 725 2018 de
743 1987 883 2028 Douglas
900 1988 938 2018 de
962 1998 1045 2019 anno
1061 1988 1250 2029 precedente
1266 1988 1326 2019 hoc
1341 1997 1423 2019 com·
1461 1994 1466 1996 '

370 2040 496 2077 putum,
513 2047 552 2067 ex
568 2036 678 2067 eadem
694 2036 806 2077 gracia,
822 2037 856 2077 iij
881 2036 912 2068 n.
930 2036 961 2077 vj
980 2041 1002 2068 ἓ.
1020 2038 1075 2078 ν11]“
1094 2037 1122 2068 d.
1168 2038 1211 2068 Et
1226 2036 1423 2079 computanti
1456 2054 1464 2063 ι

370 2096 429 2126 pro
451 2085 543 2117 feodo
568 2096 626 2117 suo
652 2085 692 2116 de
715 2095 798 2116 auno
826 2086 977 2127 computi,
1005 2087 1035 2127 vj
1064 2086 1095 2118 fi.
1120 2087 1178 2128 xiij
1206 2091 1228 2118 s.
1245 2087 1291 2128 iiij
1309 2087 1337 2118 d.
1381 2086 1423 2117 Et

371 2135 484 2173 eidem,
500 2135 539 2166 de
556 2135 721 2176 arreragiis
745 2135 811 2166 suis
834 2135 873 2166 de
896 2136 996 2167 firmis
1020 2140 1176 2168 terrarum
1199 2137 1238 2168 de
1254 2137 1375 2178 Mygve
1388 2135 1423 2167 in
1471 2175 1473 2178 ι
1534 2127 1535 2134 ¹

372 2185 547 2222 Crocmarr,
569 2188 665 2226 prout
690 2184 771 2216 fides
794 2184 880 2216 fac-ta
903 2185 966 2216 fuit
990 2196 1086 2226 super
1108 2188 1305 2227 computum,
1319 2185 1366 2227 iiij
1381 2184 1423 2222 n„
1458 2179 1473 2200 '⁴'
