1551 2462
150 273 238 302 1461.
459 270 621 302 REGUM
645 271 892 302 SCOTORUM.
1158 273 1194 303 71

142 364 185 394 Ec
214 363 254 394 de
282 362 312 404 vj
330 362 361 394 fi.
394 363 448 404 viij
481 368 504 395 ἔ.
536 363 579 404 vij
604 363 632 394 (1.
664 364 714 395 οἶ).
745 363 784 395 (18
815 364 914 395 firmis
953 363 1196 405 quatuordecim

143 413 338 454 cotagiorum
355 413 439 444 dicte
454 413 531 444 ville
548 413 586 444 de
603 413 722 444 eisdem
738 414 890 445 temiinis.
936 414 979 445 Eu
995 414 1034 445 de
1051 414 1081 454 vj
1100 414 1141 451 nl,
1158 414 1196 445 de

144 461 243 493 firmis
259 462 435 494 molendini
451 463 593 503 ejusdem
610 463 648 494 de
665 463 758 494 dictis
781 464 883 494 tribus
900 463 1054 494 terminis.
1100 464 1142 494 Et
1158 464 1196 495 de

144 522 188 543 xv
203 512 244 550 fi„
268 512 306 544 de
329 512 429 551 firmis
453 516 534 544 terre
557 513 595 544 de
619 513 830 554 Westirrossy
853 513 892 544 de
924 513 1018 544 dictis
1042 513 1195 545 terminis.

144 561 187 592 Et
209 562 248 593 de
278 572 299 592 x
314 561 346 592 11.
371 562 409 593 (18
432 562 531 593 firmis
555 562 743 594 molendini
761 563 799 594 de
830 563 1016 603 Lumquhab
1039 563 1078 594 de
1102 563 1196 594 dietis

146 612 248 643 tribus
264 612 418 649 terminis,
434 615 467 643 et}
489 616 564 643 noba
580 612 666 653 quod
688 612 811 643 dietum
827 613 1049 644 molendinum
1065 623 1197 644 eonsue-

143 662 192 692 vit
207 662 344 693 assedari
359 673 416 703 pro
433 666 555 703 sept-em
571 664 694 700 mareis,
711 663 766 694 sed
782 673 869 693 nuno
887 663 1014 694 levatur
1024 663 1065 693 ad
1079 663 1197 694 (1888111.

147 711 189 742 Et
204 711 242 743 de
259 712 301 752 xij
318 711 350 743 u.
363 713 376 753 j
394 712 500 743 oeldra
523 712 677 743 frumenti
699 713 721 753 ij
740 712 855 743 oeldris
879 712 934 752 viij
953 712 1049 743 bellis
1067 711 1154 743 ordei
1177 722 1199 742 x

148 760 240 792 bonis
271 772 443 792 avenarum
471 761 510 793 de
541 762 641 793 firmis
668 765 748 793 terre
779 762 818 793 de
841 762 1018 802 Estirrossy
1035 762 1073 793 de
1105 762 1198 792 dietis

147 811 248 842 tribus
271 811 423 842 terminis.
469 811 512 842 Et
535 811 573 842 de
591 812 645 852 viij
662 812 694 842 11.
712 812 750 843 (18
767 812 867 843 firmis
883 812 968 843 Aule
985 812 1024 843 de
1040 812 1143 852 Rossy
1160 811 1198 842 de

147 860 265 891 eisdem
289 860 442 891 terminis.
487 861 530 891 Et
553 860 591 892 de
615 861 662 902 liij
680 865 703 893 ἓ.
726 862 772 902 111]
798 861 837 898 d„
857 862 869 902 j
888 861 996 892 celdra
1020 872 1040 892 x
1056 861 1150 892 bouis
1174 861 1196 901 ij

147 909 268 947 ferlotis
284 920 357 940 811111
374 909 471 941 tercia
486 913 576 950 parte
595 910 707 941 ferlote
731 921 906 942 avenarum
922 911 960 941 de
984 911 1083 942 firmis
1099 914 1198 941 terra-

146 969 217 989 rum
233 959 271 990 de
294 959 474 990 Newtoune
498 959 536 990 de
558 960 741 991 Balcancoll
758 960 796 991 de
820 960 940 991 eisdem
955 960 1110 991 terminis.
1156 959 1199 990 Et

146 1007 185 1038 de
202 1008 256 1049 viij
268 1007 300 1039 fi.
317 1008 356 1039 (18
373 1009 471 1039 firmis
481 1011 563 1040 terre
574 1008 612 1040 de
629 1009 842 1050 Bannachtyn
857 1009 895 1040 de
908 1009 1028 1040 eisdem
1043 1009 1198 1041 terminis.

146 1057 188 1088 Et
210 1057 248 1088 de
271 1068 337 1088 xxx
349 1057 381 1089 fi.
406 1058 445 1088 de
467 1058 568 1089 firmis
591 1062 673 1089 terre
697 1059 735 1090 de
759 1059 914 1099 Petloohy
938 1059 1101 1090 Bordland
1124 1068 1198 1089 oum

145 1107 328 1138 molendino
351 1107 494 1148 ejusdem
517 1108 555 1139 de
578 1108 697 1139 eisdem
723 1108 875 1140 terminis.
920 1109 963 1139 Et
986 1108 1024 1139 de
1041 1119 1085 1139 xx
1100 1108 1134 1140 fi.
1157 1108 1197 1139 de

146 1156 247 1187 firmis
264 1161 345 1188 terre
361 1157 400 1188 de
425 1157 595 1189 Urcharde'
612 1158 650 1189 de
673 1158 792 1189 eisdem
815 1159 969 1190 terminis.
1014 1159 1056 1189 Et
1073 1158 1111 1189 de
1128 1169 1149 1188 x
1164 1157 1197 1189 11⁴.

148 1206 187 1237 (18
203 1206 302 1237 firmis
318 1206 357 1237 de
373 1207 529 1238 Westend
552 1207 591 1238 de
608 1207 808 1248 Stramiglow
825 1218 898 1238 oum
914 1207 1097 1239 molendino
1114 1208 1198 1248 ejus-

148 1255 221 1287 dem
236 1256 274 1286 de
290 1256 410 1287 eisdem
425 1257 578 1288 terminis.
624 1257 667 1288 Et
683 1257 720 1288 de
738 1258 791 1297 xvj
808 1257 841 1289 11.
859 1258 880 1298 1]
898 1261 920 1288 ἔ.
938 1258 969 1298 vj
988 1257 1027 1295 d„
1041 1257 1063 1298 ij
1083 1257 1197 1288 celdris

147 1305 204 1346 viij
222 1305 315 1336 bollis
331 1305 418 1336 ordei
433 1306 584 1337 v'eeldris
607 1317 781 1338 avenarum
797 1307 835 1338 de
859 1307 958 1338 firmis
981 1310 1137 1338 terrarum
1160 1306 1199 1338 de

147 1355 233 1386 Estir
249 1355 351 1387 Oasch
367 1355 405 1386 (18
428 1355 549 1386 eisdem
572 1356 725 1388 terminis.
771 1357 812 1387 Et
829 1356 867 1388 de
884 1357 915 1397 vj
932 1357 964 1387 11'.
982 1356 1020 1387 de
1037 1356 1137 1387 firmis
1160 1356 1199 1386 de

148 1404 303 1445 Kilquhis
319 1405 357 1436 de
368 1405 488 1436 eisdem
504 1405 657 1437 terminis.
703 1406 746 1436 Et
761 1406 800 1437 de
817 1416 861 1436 xv
875 1406 908 1437 fi.
925 1406 963 1437 de
979 1406 1079 1436 firmis
1096 1406 1135 1436 de
1152 1405 1199 1436 lez

148 1454 252 1496 Myris
282 1454 321 1486 de
360 1455 600 1496 Uchtermukty
630 1455 669 1486 de
699 1455 818 1487 eisdem
851 1456 1006 1487 herminis.
1067 1455 1201 1486 Summa

148 1503 256 1534 totalis
278 1504 413 1544 pecunie
436 1504 590 1545 quarnarii
613 1505 651 1536 de
668 1505 917 1546 Uohtermukty,
931 1505 968 1546 ij²
992 1505 1048 1546 xiij
1073 1505 1105 1535 11.
1124 1504 1157 1544 11]
1175 1508 1199 1536 ἓ.

148 1563 169 1583 v
184 1553 212 1584 d.
230 1554 277 1594 ob.
324 1554 456 1585 Summa
471 1554 579 1585 totalis
603 1554 757 1585 frumenti
772 1554 850 1585 dicti
867 1554 1030 1595 quartarii,
1047 1555 1077 1595 vj
1096 1554 1200 1585 eeldre

148 1602 180 1643 xj
199 1603 280 1634 bolle
293 1603 306 1644 j
323 1603 446 1634 ferlota.
495 1603 626 1634 Summa
643 1603 750 1636 bubalis
767 1604 854 1637 ordei
870 1604 1022 1644 ejusdem,
1036 1604 1080 1644 xij
1095 1603 1200 1635 oeldre

147 1652 168 1690 ij
186 1652 277 1684 holle.
323 1653 456 1684 Summa
479 1653 588 1684 totalis
612 1663 793 1690 avenarum,
810 1653 853 1694 vij
879 1653 983 1685 celdre
1007 1653 1052 1693 iiij
1073 1653 1157 1684 110118
1173 1653 1197 1694 1]
1255 1663 1258 1665 ·

148 1701 260 1733 ferlote
275 1712 347 1733 cum
364 1702 462 1734 tercia
476 1706 566 1743 parte
582 1702 700 1733 ferlote.

193 1752 286 1789 Item,
312 1752 398 1783 idem
422 1756 532 1783 onerat
555 1762 588 1783 se
614 1752 652 1783 de
680 1751 726 1792 iiij
744 1751 776 1784 11'.
802 1762 823 1782 x
839 1752 933 1783 bollis
958 1752 1044 1783 ordei
1057 1752 1070 1792 j
1095 1751 1201 1783 celdra

150 1801 196 1842 iiij
214 1801 307 1833 bouis
324 1811 497 1833 avenarum
522 1802 559 1832 de
583 1801 683 1832 firmis
707 1805 863 1832 terrarum
885 1801 924 1832 de
955 1801 1133 1832 Camroune
1164 1801 1199 1831 in

153 1851 311 1891 quarterio
328 1851 366 1882 de
389 1851 554 1882 Faueland
581 1851 619 1882 de
645 1851 738 1882 dictis
766 1851 868 1882 tribus
895 1850 1050 1882 terminis.
1094 1851 1137 1881 Et
1161 1850 1200 1881 de

149 1900 205 1941 viij
222 1900 254 1931 11.
268 1901 280 1941 ]
299 1900 404 1931 celdra
420 1900 465 1940 iiij
484 1900 577 1931 bollis
590 1900 677 1931 ordei
689 1900 710 1940 ij
723 1900 837 1931 oeldris
851 1900 905 1941 viij
919 1900 1012 1931 bouis
1025 1909 1200 1931 avenarum

151 1949 189 1981 de
212 1950 310 1982 firmis
334 1950 372 1981 de
396 1950 556 1991 Balbreky
579 1950 619 1981 de
644 1950 763 1981 eisdem
787 1950 940 1981 terminis.
987 1949 1029 1980 Ee
1048 1949 1087 1980 de
1103 1949 1149 1990 iiij
1167 1949 1198 1980 li.

151 2009 172 2029 x
203 2003 226 2031 Ξ.
258 1999 297 2031 (18
329 1999 426 2031 firmis
457 1999 561 2030 medie
591 1999 691 2039 partis
724 2002 879 2030 terrarum
911 1999 949 2030 de
981 1998 1136 2029 Auldhall
1168 2002 1200 2029 eb

154 2048 328 2080 molendini
343 2049 485 2090 ejusdem
503 2049 541 2081 de
557 2049 677 2080 eisdem
699 2049 852 2080 terminis.
898 2049 940 2079 Et
963 2048 1002 2079 de
1025 2048 1071 2089 iiij
1089 2048 1120 2079 fi.
1138 2059 1158 2078 x
1174 2052 1198 2079 ἔ.

153 2098 192 2130 (18
207 2099 307 2130 firmis
324 2099 455 2130 alterius
470 2098 574 2130 medie
590 2099 690 2139 partis
706 2098 849 2139 ejusdem
862 2098 899 2129 de
912 2097 1031 2128 eisdem
1045 2098 1198 2129 terminis.

152 2148 195 2179 Et
209 2148 249 2180 de
264 2159 285 2179 v
300 2148 332 2179 ri.
350 2152 431 2179 terre
447 2148 486 2179 de
502 2148 683 2178 Ballinkirk
706 2148 744 2179 de
761 2147 881 2179 eisdem
896 2147 1050 2178 terminis.
1095 2147 1138 2177 Et
1160 2147 1199 2178 de

153 2207 196 2227 xx
213 2201 246 2234 Ξ,
262 2197 300 2228 (18
316 2197 416 2228 firmis
431 2197 633 2238 proprietatis
649 2196 772 2228 domini
797 2197 879 2237 regis
902 2196 941 2227 de
965 2196 1137 2237 Ballingall
1161 2196 1200 2228 de

154 2246 274 2278 eisdem
304 2247 457 2278 terminis.
503 2247 545 2278 Er,
575 2247 614 2279 de
645 2247 701 2288 xiij
719 2246 750 2278 Ii.
779 2247 810 2287 vj
837 2251 860 2278 ἔ.
893 2246 946 2287 viij
975 2246 1005 2278 (1.
1036 2246 1057 2287 1]
1086 2246 1201 2278 celdris
