1551 2462
315 252 354 280 36
628 248 794 279 ROTULI
818 246 1054 279 SOACCARH
1281 249 1372 278 1460.

315 353 377 384 que
400 353 465 374 non
495 342 658 373 intrantur
686 342 722 373 in
751 341 841 373 libris
865 341 1028 379 domicilii,
1052 351 1091 373 ex
1116 340 1372 372 consideracione

315 392 507 430 auditorum,
523 392 557 434 iij
574 392 606 424 fi.
623 403 668 424 xv
691 397 714 424 s.
760 393 802 423 Et
826 392 938 429 eidem,
960 402 1018 433 per
1040 391 1236 423 solucionem
1252 391 1371 422 factam

314 442 444 474 Andree
476 442 662 474 Orawfurde
694 453 751 483 pro
789 442 883 473 certis
914 442 1015 479 bonis,
1044 441 1197 473 videlicet
1233 443 1372 482 quatuor

314 492 401 524 ulnis
417 493 520 524 tribus
537 492 706 534 quarteriis
722 493 813 524 rubei
836 493 930 524 cerici
946 492 1025 523 dicti
1048 502 1225 533 cramosyn,
1241 491 1370 522 domino

314 542 381 584 regi
397 542 450 583 pie
467 543 619 574 memorie
642 553 699 584 pro
723 542 846 574 colobio
870 542 929 574 sibi
954 542 1068 579 fiendo,
1083 552 1141 583 pro
1164 541 1267 573 tribus
1283 541 1370 572 ulnis

314 593 416 633 panni
431 592 516 624 lanei
531 593 614 634 nigri
630 596 662 624 et
680 593 804 624 duabus
821 592 907 623 ulnis
931 603 1004 623 cum
1026 592 1165 623 dimedio
1182 591 1277 623 oerici
1292 591 1371 623 dicti

314 646 411 683 satyn
433 642 546 684 figury,
568 653 626 684 pro
657 654 712 674 sex
743 642 893 684 spongiis,
917 645 988 673 octo
1010 642 1097 673 ulnis
1127 641 1191 673 tele
1218 641 1283 673 late
1312 652 1371 683 pro

313 692 575 724 linthiaminibus
606 697 638 724 et
668 693 781 735 peblis,
819 693 942 724 duobus
973 692 1100 724 birretis
1130 692 1260 723 domino
1304 692 1372 733 regi

315 742 476 780 moderno,
493 745 525 774 et
539 743 677 784 receptis
699 753 757 784 per
772 742 936 774 Andream
959 742 999 774 de
1022 742 1163 780 Balfour‚
1179 744 1216 773 ut
1231 744 1321 783 patet
1336 742 1370 773 in

315 792 428 823 cedula
458 802 517 823 sua
553 792 788 833 particulariter
825 792 1008 824 examinata
1045 802 1141 833 super
1178 797 1372 833 compotum,

315 842 392 883 xxvj
406 842 466 874 Kx
477 846 528 874 §.x
539 842 567 873 d.
601 842 806 885 [Sumssfflo
817 843 882 875 15³3.
888 842 963 885 ΒΜ.
987 843 1131 880 Balanea,
1143 843 1241 874 „³6²3fo
1250 840 1369 884 5s.1‡d.]

99 946 205 979 Panni
215 946 300 978 lanei
360 941 551 983 Compotum
597 942 712 974 Jacobi
749 943 884 980 Bonkle,
930 941 1060 984 Georgii
1097 943 1293 980 Pennicuke,
1339 946 1371 975 et

99 991 139 1022 de
156 990 265 1032 Edyn-

99 1034 212 1075 burgh.

105 2025 250 2058 Dunbar.

315 992 477 1023 Francisci
503 992 726 1034 Knychtsone,
750 993 1019 1024 custumariorum
1041 993 1142 1034 panni
1164 993 1250 1024 lanei
1276 993 1369 1035 burgi

316 1042 355 1073 de
370 1042 568 1083 Edinburgh,
586 1042 797 1084 [Edinburyh,
812 1043 853 1073 21
870 1043 982 1074 March,
1002 1043 1098 1081 1460,
1114 1043 1203 1084 from
1223 1044 1268 1075 5?ss
1285 1043 1371 1075 June

314 1086 424 1127 1460]
729 1107 733 1111 -

358 1136 463 1167 Iidem
494 1138 627 1167 onerant
657 1144 691 1167 se
724 1134 764 1167 de
794 1135 864 1166 xlix
886 1135 919 1166 fi.
945 1146 965 1166 x
990 1137 1023 1173 Ξῖ,
1045 1136 1308 1177 provenientibus
1331 1136 1371 1168 de

315 1189 463 1216 custuma
492 1185 676 1226 octingenta
700 1188 732 1216 et
754 1185 888 1226 triginta
913 1185 1130 1216 duodenarum
1154 1186 1254 1227 panni
1276 1186 1370 1225 lanei,

315 1237 531 1278 computando
555 1237 660 1269 sexies
683 1237 800 1278 viginti
823 1247 880 1278 pro
905 1237 1090 1275 centinario,
1114 1240 1368 1270 custumatarum

316 1290 349 1318 et
372 1290 608 1328 asportatarum
635 1290 725 1318 extra
748 1296 882 1328 regnum
905 1297 961 1328 per
983 1290 1111 1328 tempus
1134 1287 1281 1328 compoti.
1326 1288 1370 1319 Et

316 1390 388 1418 octo
404 1386 583 1418 celdrarum
599 1385 674 1418 salis
691 1389 946 1418 custumatarum
969 1390 1001 1418 et
1024 1389 1258 1427 asportatarum
1280 1391 1370 1419 extra

317 1446 452 1477 regnum
467 1446 525 1477 per
545 1439 673 1476 tempus
697 1436 845 1476 compoti.
891 1436 933 1466 Et
956 1436 995 1467 de
1018 1436 1084 1476 xvij
1103 1440 1137 1473 s„
1160 1436 1199 1468 de
1223 1440 1370 1469 custuma

318 1488 477 1516 certorum
493 1485 675 1516 salmonum
691 1485 847 1516 salsorum
870 1489 1105 1526 asportatorum
1128 1489 1218 1518 extra
1236 1497 1370 1529 regnum

317 1544 375 1576 per
390 1535 476 1566 idem
491 1538 628 1575 tempus.
674 1534 807 1565 Summa
822 1535 931 1565 totalis
946 1535 1152 1573 oneracionis,
1167 1536 1201 1567 lv
1216 1536 1248 1568 n.
1265 1547 1287 1568 v
1302 1542 1326 1570 s.

361 1585 510 1625 Expense
527 1584 708 1615 eorundem.
755 1584 796 1615 In
817 1584 938 1625 primis,
954 1585 1087 1617 allocate
1108 1587 1370 1627 computantibus

318 1645 375 1675 per
390 1633 585 1675 superfluam
601 1633 823 1665 oneracionem
839 1634 878 1665 de
901 1645 1027 1666 summa
1050 1636 1246 1668 oneracionis
1269 1638 1370 1678 panni

318 1683 404 1715 lanei
418 1683 562 1724 predicti,
578 1693 619 1714 ex
634 1694 671 1715 eo
687 1683 773 1724 quod
789 1688 935 1715 asserunt
951 1685 1017 1716 suis
1033 1687 1157 1726 magnis
1177 1686 1369 1727 juramentis

318 1734 404 1774 quod
434 1733 508 1774 plus
539 1736 711 1764 onerantur
733 1743 831 1774 quam
854 1737 1042 1775 receperunt
1066 1735 1117 1766 vel
1140 1746 1173 1767 se
1197 1740 1370 1768 onerarunt

320 1796 393 1816 cum
430 1788 553 1826 septem
597 1784 688 1816 libris
726 1795 842 1816 novem
881 1786 998 1823 solidis,
1036 1796 1076 1818 ex
1114 1787 1369 1820 consideracione

319 1835 511 1872 auditorum,
526 1834 571 1875 vij
587 1834 620 1866 n.
636 1834 669 1865 ix
680 1837 703 1865 ἔ.
749 1834 792 1865 Et
804 1834 931 1873 eisdem,
947 1846 1003 1876 pro
1020 1835 1112 1867 feodo
1124 1847 1181 1867 suo
1193 1837 1231 1868 de
1244 1847 1370 1869 summa

319 1885 517 1916 oneracionis
547 1884 697 1925 predicte,
728 1894 773 1914 xv
802 1888 824 1915 s.
857 1885 889 1925 xj
914 1885 943 1916 d.
993 1885 1125 1917 Summa
1148 1897 1369 1928 expensarum,

320 1935 375 1975 viij
392 1934 425 1966 fi.
441 1934 487 1975 iiij
505 1938 528 1965 s.
545 1934 577 1974 xj
595 1933 624 1965 d.
669 1934 712 1964 Et
728 1933 773 1964 sic
787 1936 910 1965 restant
925 1934 1003 1975 xlvij
1021 1934 1053 1967 hi
1066 1935 1079 1977 j
1097 1935 1125 1966 d.

364 2028 557 2068 Compotum
580 2026 700 2058 Thome
725 2026 893 2058 Lausoune
916 2030 949 2058 et
972 2026 1100 2069 Georgii
1123 2028 1371 2068 Edwardsoune,

320 2077 589 2109 custumariorum
615 2076 708 2117 burgi
731 2076 769 2107 de
793 2076 936 2112 Dunbar,
959 2077 1169 2118 [Ediuburylss
1192 2079 1236 2110 23
1258 2079 1371 2111 March

320 2128 415 2166 1460,
424 2127 514 2168 from
529 2128 551 2158 2
566 2127 646 2167 July
662 2126 756 2164 1460.

367 2177 491 2217 Olmoye.
540 2176 664 2207 Custom
691 2176 729 2217 of
746 2175 767 2206 9
787 2175 871 2206 saeks
893 2176 937 2207 15³
956 2179 989 2207 st.
1006 2176 1081 2207 wool
1102 2178 1197 2218 (26⁰1ss
1212 2179 1276 2217 143.
1299 2178 1369 2221 5d.)
