1551 2462
135 278 224 307 1462.
444 274 606 308 REGUM
630 275 877 307 SOOTORUM.
1122 277 1180 307 117

131 367 368 406 assedabantur,
384 371 421 399 ut
432 371 522 409 patet
542 369 577 399 in
592 368 717 406 rentali,
730 368 785 400 sed
801 367 972 399 mandatur
987 368 1182 409 compotanti

131 421 289 459 quatenus
319 418 443 449 assedet
474 418 607 449 eandem
638 421 670 449 et
708 418 805 449 faciat
835 417 910 448 inde
949 421 1132 457 compotum
1148 418 1182 448 in
1196 442 1334 466 Onerandus
1346 442 1382 465 est

130 468 276 508 proximo
306 471 459 508 compoto.
491 468 561 499 Nec
590 468 630 499 de
667 468 765 499 firmis
796 471 952 498 terrarum
983 467 1112 498 baronie
1144 467 1181 498 de
1196 474 1342 502 compotans.

131 518 314 554 Prestoune,
344 527 383 548 ex
414 527 451 548 eo
486 517 572 558 quod
610 517 758 548 dominus
798 527 902 548 comes
934 517 972 548 de
1010 517 1182 548 Mortoune

130 567 330 607 recuperavit
346 566 496 598 saisinam
519 567 700 598 earundem.
746 567 816 597 Nec
839 567 877 597 de
901 566 1001 597 firmis
1023 569 1181 597 terrarum

131 616 170 647 de
201 616 370 654 Glenturk,
401 627 441 648 ex
472 627 508 648 eo
539 616 625 657 quod
654 617 763 657 Agnes
794 616 952 647 Willelmi
983 616 1182 656 recuperavit

131 666 282 697 saisinam
293 666 473 697 earundem.
512 667 581 698 Nec
598 666 636 697 de
650 666 783 706 Croych‚
795 676 835 697 ex
848 676 884 697 eo
901 665 986 706 quod
998 665 1181 697 Willelmus

130 716 254 757 Agnew
283 716 483 756 recuperavit
513 715 665 747 saisinam
696 715 878 752 earundem,
910 718 947 746 ut
978 718 1068 756 patet
1098 725 1183 746 com-

131 765 216 806 potis
231 765 483 806 precedentibus.

174 815 322 855 Expense
345 814 496 855 ejusdem.
542 815 583 845 In
607 814 730 855 primis,
747 814 880 846 allocate
904 814 1103 855 compotanti
1126 824 1184 855 per

132 864 327 896 solucionem
365 865 484 895 factam
532 864 697 895 Willelmo
742 864 780 895 de
826 863 1089 895 Edmondstoune
1127 874 1184 905 pro

132 913 277 945 custodia
293 914 389 945 castri
405 914 443 945 de
459 914 567 950 Treve,
582 924 640 954 pro
657 913 748 944 feodo
771 924 828 945 suo
850 914 889 944 de
912 914 1015 945 tribus
1038 914 1184 945 terminis

133 964 218 995 infra
248 963 307 994 hoc
343 967 535 1004 compotum,
573 963 672 1004 xxxvj
697 963 728 994 11.
775 963 817 994 Et
844 963 978 994 allocate
1001 963 1104 994 eidem
1127 973 1184 1004 pro

133 1013 257 1043 duabus
272 1013 388 1044 marcis
411 1012 603 1043 exeuntibus
627 1013 796 1043 annuatim
812 1012 851 1043 de
874 1013 1004 1054 grangia
1019 1013 1057 1043 de
1083 1013 1184 1053 Spott,

133 1062 246 1093 solutis
276 1061 420 1093 «Iohanni
451 1062 549 1092 Rerik
573 1062 608 1092 in
631 1062 723 1093 terris
750 1062 790 1092 de
821 1062 993 1098 Becherne‚
1022 1062 1061 1093 de
1088 1062 1184 1093 dictis

132 1111 237 1142 tribus
252 1111 407 1148 terminis,
424 1110 458 1141 xl
477 1115 500 1142 5.
545 1111 588 1141 Et
611 1111 649 1142 de
672 1111 772 1141 firmis
795 1114 952 1142 terrarum
977 1111 1015 1142 de
1038 1111 1182 1142 Altoune

133 1171 190 1202 pro
207 1160 304 1192 tercia
320 1160 463 1201 ejusdem
478 1160 586 1191 debita
611 1160 770 1191 Cristiane
793 1160 909 1196 Adare,
933 1170 994 1200 que
1010 1164 1094 1192 terre
1110 1164 1185 1192 sunt

135 1210 174 1241 de
191 1210 382 1251 proprietate
406 1209 528 1241 domini
550 1209 632 1250 regis
656 1212 688 1240 et
704 1209 765 1240 sibi
787 1219 951 1240 reversure
974 1213 1046 1250 post
1062 1210 1186 1241 obitum

135 1260 286 1300 ejusdem,
306 1260 345 1290 de
361 1259 480 1291 eisdem
496 1259 651 1296 terminis,
674 1269 695 1289 v
717 1258 750 1290 11.
795 1259 838 1289 Et
861 1259 899 1289 de
916 1259 1014 1290 firmis
1031 1263 1186 1290 terrarum

135 1310 174 1340 de
185 1309 356 1346 Oalloness,
372 1309 407 1340 111
421 1308 569 1339 manibus
582 1308 726 1349 Fergusii
741 1308 922 1339 M‘Gachan
936 1319 976 1339 ex
991 1309 1186 1349 impignora-

136 1359 226 1390 cione
247 1358 386 1390 Gilberti
407 1358 543 1398 Kenedy
569 1357 678 1398 sponsi
701 1357 785 1388 dicte
809 1358 975 1395 Cristiane,
1000 1369 1062 1398 que
1085 1359 1187 1389 eciam

135 1412 213 1440 sunt
229 1408 267 1439 de
283 1408 475 1449 proprietate
492 1407 613 1438 domini
629 1407 718 1448 regis,
736 1407 775 1438 de
798 1407 892 1438 dictis
912 1408 1016 1438 tribus
1031 1408 1187 1445 terminis,

134 1459 146 1489 l
164 1462 186 1489 ἔ.
233 1458 275 1489 Et
287 1457 399 1494 eidem,
411 1457 450 1488 de
462 1457 561 1488 firmis
577 1460 735 1487 terrarum
751 1456 789 1487 de
805 1456 909 1487 tribus
922 1457 1187 1499 Lochdunganys,

138 1517 262 1539 necnon
277 1507 307 1538 le
331 1507 426 1539 Corse
449 1510 482 1537 et
505 1506 594 1547 Crag,
618 1506 822 1547 Carsynwey,
846 1506 969 1547 Berley,
992 1510 1025 1538 et
1048 1507 1187 1544 Caldow,

139 1567 358 1589 concessarum
402 1566 459 1597 per
496 1556 663 1586 dominum
707 1566 814 1596 regem
851 1566 892 1586 ex
936 1556 1040 1597 gracia
1078 1556 1188 1588 relicte

136 1606 298 1648 quondam
315 1606 435 1637 Thome
451 1605 643 1636 M‘Clellane
659 1615 716 1645 pro
732 1608 876 1645 tempore
892 1605 968 1642 vite,
985 1606 1025 1637 de
1041 1607 1188 1637 terminis

137 1656 276 1697 compoti
288 1659 320 1686 et
332 1655 391 1686 sub
407 1655 548 1696 periculo
565 1655 787 1695 compotantis,
803 1665 870 1685 xxx
885 1654 917 1686 Π.
964 1655 1006 1686 Et
1022 1656 1136 1693 eidem,
1149 1656 1188 1687 de

137 1706 236 1737 firmis
263 1709 419 1736 terrarum
447 1704 486 1735 de
513 1704 672 1745 Cragmoy
702 1707 734 1735 et
760 1704 938 1735 Slewndaw
962 1709 1189 1746 occupatarum

76 1764 88 1780 ῐ
137 1766 211 1787 cum
248 1755 384 1796 propriis
422 1754 513 1785 bonis
552 1753 674 1785 domini
711 1754 803 1794 regis,
837 1764 911 1784 cum
948 1755 1065 1795 quibus
1103 1766 1188 1786 com-

137 1809 251 1846 potans
294 1804 440 1845 superius
481 1806 638 1840 oneratur,
669 1803 708 1833 de
749 1803 843 1834 dictis
888 1804 1044 1842 terminis,
1089 1816 1111 1836 x
1155 1806 1187 1836 11.

80 1878 82 1882 y
137 1856 180 1886 Et
196 1855 307 1892 eidem,
324 1865 380 1895 per
395 1854 589 1885 solucionem
605 1853 724 1884 factam
745 1853 895 1894 magistro
911 1853 1076 1885 Willelmo
1087 1855 1190 1892 Blare,

138 1909 216 1936 tunc
229 1904 402 1935 senescallo
413 1903 535 1934 domini
547 1903 637 1943 regis,
654 1902 692 1933 ad
706 1912 860 1943 expensas
871 1903 1026 1933 domicilii
1039 1904 1190 1944 ejusdem,

137 1954 206 1995 ipso
230 1954 351 1984 fatente
367 1956 531 1993 receptum
547 1962 641 1992 super
658 1956 851 1992 compotum,
875 1951 1050 1992 ij⁰lxxxxix
1073 1953 1103 1984 fi.
1121 1965 1142 1984 x
1159 1958 1191 1991 s„
1206 1957 1370 1986 Respondebit

140 2014 197 2044 pro
235 2003 352 2044 quibus
389 2002 603 2043 respondebit.
649 2001 691 2032 Et
729 2002 878 2041 magistro
916 2001 1023 2032 David
1055 2003 1192 2044 Guthry,
1206 1987 1358 2038 Riffiffissene-

140 2052 346 2089 thesaurario,
369 2052 535 2092 recipienti
558 2061 653 2091 super
684 2054 875 2091 compotum,
899 2049 1024 2091 ij⁰xxxv
1039 2051 1070 2082 11.
1088 2053 1144 2083 xix
1161 2057 1193 2090 5,,
1207 2054 1253 2076 Res
1272 2054 1371 2097 <uidebit

141 2112 197 2143 pro
210 2101 325 2142 quibus
335 2100 546 2141 respondebit.
593 2100 635 2131 Et
646 2100 758 2136 eidem,
770 2110 827 2140 per
838 2099 1062 2131 liberacionem
1076 2101 1192 2133 factam
1207 2083 1378 2135 fflsstsiiiivhrius

142 2151 271 2182 domino
287 2150 452 2181 Willelmo
477 2150 681 2186 Bekirtoune,
705 2148 879 2180 senescallo
903 2149 1025 2180 domini
1041 2151 1130 2191 regis,
1154 2152 1194 2183 ad

142 2210 298 2241 expensas
321 2199 476 2231 domicilii
499 2199 652 2240 ejusdem,
675 2198 744 2239 ipso
769 2198 891 2229 fatente
913 2202 1077 2240 receptum
1100 2211 1195 2242 super
