1551 2462
398 333 457 362 492
702 332 866 364 ROTULI
891 331 1127 364 SCAOOARH
1359 334 1449 364 1467.

396 424 512 456 foreste
528 425 567 456 de
585 425 644 466 Dy.
691 426 733 456 Et
749 425 788 457 de
805 425 839 456 xl
855 426 886 456 fi.
903 426 924 467 ij
942 430 964 457 5.
982 426 1029 467 iiij
1047 425 1075 457 d.
1092 425 1222 457 baronie
1240 425 1279 456 de
1296 424 1449 456 Colbran-

396 474 498 515 speth.
544 475 586 506 Et
603 475 642 506 de
659 486 680 506 x
703 476 818 507 celdris
835 476 992 507 frumenti
1015 487 1037 506 x
1061 475 1175 507 celdris
1191 475 1278 507 ordei
1293 478 1451 506 terrarum

398 524 437 555 de
476 524 652 566 Estbernys
691 535 748 566 per
783 525 871 556 idem
902 528 1037 566 tempus.
1083 525 1126 556 Et
1164 525 1203 557 de
1241 525 1296 566 viij
1336 525 1450 556 celdris

397 574 550 606 frumenti
576 575 631 616 viij
658 575 772 606 eeldris
796 575 883 606 ordei
907 575 945 606 de
969 575 1068 606 firmis
1095 577 1255 606 terrarum
1278 574 1317 606 (18
1344 574 1450 606 West-

394 624 512 665 bernys
529 635 585 665 per
609 625 731 656 dictum
754 628 890 666 tempus.
936 625 979 655 Ee
1002 624 1040 656 de
1063 624 1098 665 iij
1115 624 1148 655 fi.
1165 625 1196 665 vj
1221 628 1244 656 5.
1262 624 1317 665 viij
1342 624 1370 655 d.
1388 627 1450 655 ter-

393 683 502 704 rarum
526 674 565 705 de
589 674 806 715 Osanysdene.
853 675 895 705 Et
911 674 950 705 (18
974 674 1009 705 xl
1031 674 1063 705 fi.
1087 677 1244 705 terrarum
1268 674 1307 705 (18
1330 673 1450 705 Mekil-

394 723 597 763 pinkartoun.
669 724 711 754 Et
738 724 777 755 de
805 735 826 754 x
861 724 892 754 li„
917 727 1074 755 terrarum
1099 724 1138 755 de
1170 723 1448 765 Libilpinkirtoun.

394 773 437 803 Et
453 772 491 804 de
507 773 563 814 viij
580 773 612 804 li.
630 773 686 814 xiij
707 777 730 805 5.
754 773 800 814 iiij
819 773 846 804 d.
871 777 1028 805 terrarum
1046 774 1084 805 de
1107 773 1347 815 Newtounleys.
1408 774 1471 807 Et,
1536 775 1538 778 '

394 822 433 853 de
449 822 483 863 iij
508 822 542 853 fi.
564 825 722 853 terrarum
745 823 784 854 (18
808 823 918 864 Riggis
942 827 974 854 eb
997 823 1111 855 Fluris.
1157 824 1201 854 Et
1224 823 1263 854 de
1282 833 1302 854 v
1325 822 1357 854 fi.
1375 823 1406 863 vj
1425 827 1450 854 5.

395 872 450 912 viij
469 872 497 903 d,
515 872 554 903 de
572 872 672 903 firmis
695 872 872 903 molendini
889 873 927 904 de
952 873 1224 914 Quhibbingeame.
1272 873 1315 904 Et
1331 872 1371 903 de
1388 872 1445 913 viij

394 921 425 952 fi.
452 922 629 953 molendini
654 922 693 953 de
719 922 940 963 Westbarnys.
987 923 1029 953 Είῑ
1053 923 1092 954 (18
1122 923 1192 954 vfi.
1219 923 1250 963 vj
1284 927 1306 954 5.
1331 922 1389 963 viij
1419 922 1449 954 d.

395 971 573 1002 molendini
590 971 628 1002 (18
648 971 831 1012 Esthernys.
878 972 919 1002 Et
936 971 974 1003 de
998 983 1042 1002 xx
1065 976 1087 1003 5.
1104 975 1188 1003 terre
1212 972 1251 1003 (18
1278 972 1449 1013 Dtinscelo.

395 1021 438 1051 Et
454 1021 493 1052 de
509 1031 553 1051 xx
577 1025 599 1051 5.
625 1021 725 1051 annui
750 1021 894 1052 redditus
918 1024 1075 1052 terrarum
1098 1021 1137 1052 de
1164 1021 1361 1053 Hathirwik.
1407 1022 1451 1052 Et

394 1221 571 1251 tenementi
588 1220 718 1251 patricii
741 1221 923 1251 Atkinsone
945 1220 980 1251 in
1002 1220 1087 1251 dicto
1111 1220 1217 1261 burgo.
1264 1220 1307 1251 Et
1323 1219 1362 1251 de
1377 1220 1409 1260 vj
1427 1224 1449 1251 5.

394 1270 451 1310 viij
470 1269 497 1300 d.
516 1270 615 1300 annui
631 1263 775 1301 reddibus
799 1269 968 1310 cujusdam
990 1272 1073 1301 terre
1091 1269 1129 1301 de
1147 1269 1450 1310 Mekilpinkarboun

395 1323 506 1350 vocate
521 1319 728 1351 WVattisland.
774 1320 817 1350 Et
828 1319 867 1350 de
883 1319 929 1360 iiij
947 1324 970 1350 5.
988 1319 1087 1350 annui
1100 1319 1244 1350 redditus
1261 1318 1300 1350 de
1317 1319 1451 1350 Pinkar-

394 1418 553 1450 Willelmi
568 1418 687 1449 ΗΒΑ-,818
709 1418 749 1449 (18
765 1428 849 1450 anno
872 1418 1023 1460 computi.
1072 1418 1204 1449 Summa
1219 1418 1316 1459 hujus
1339 1418 1453 1455 oneris,

395 1467 458 1508 111]ο
473 1468 572 1509 xxxvj
590 1468 621 1498 fi.
639 1468 670 1509 vj
689 1472 711 1499 5.
729 1468 761 1509 vj
778 1468 807 1499 d.

438 1517 531 1554 Item,
554 1517 640 1548 idem
667 1520 777 1548 onerat
804 1527 838 1548 se
864 1517 903 1549 de
931 1528 975 1548 xx
997 1517 1028 1548 fi.
1054 1516 1092 1548 de
1116 1517 1215 1548 firmis
1239 1519 1396 1548 fiet-rarum
1412 1516 1452 1548 de

394 1566 541 1597 Pebookis
558 1576 614 1607 per
630 1571 757 1607 tempus
774 1567 924 1607 computi.
970 1567 1013 1598 En
1029 1567 1068 1598 de
1084 1567 1141 1608 xiij
1158 1567 1190 1597 11.
1202 1568 1233 1605 vj
1251 1571 1273 1598 5.
1291 1567 1347 1607 viij
1365 1566 1393 1597 d.
1411 1565 1450 1597 de

393 1615 494 1646 firmis
509 1619 667 1646 terrarum
684 1615 723 1647 de
739 1615 897 1656 Litilspot.
944 1616 986 1646 Et
1002 1616 1041 1647 de
1063 1626 1108 1646 xx
1123 1615 1155 1646 fi.
1174 1616 1213 1646 de
1237 1616 1337 1647 firmis
1353 1619 1451 1647 terra-

393 1675 465 1695 rum
481 1665 520 1695 de
537 1665 715 1696 Cokburne.
760 1665 803 1695 Et
826 1665 866 1696 de
881 1665 911 1706 vj
936 1665 968 1696 fi.
993 1665 1048 1706 xiij
1074 1669 1097 1696 5.
1121 1665 1167 1705 iiij
1193 1664 1222 1695 d.
1239 1668 1395 1696 terrarum
1412 1665 1451 1696 de

394 1714 574 1755 Hardanys.
620 1714 662 1744 Et
693 1713 732 1744 de
761 1713 774 1745 l
803 1714 836 1745 li.
867 1714 906 1745 de
936 1714 1037 1745 firmis
1071 1717 1230 1744 terrarum
1262 1714 1301 1745 de
1332 1713 1452 1745 Mekil-

394 1764 534 1804 brigeme
551 1773 607 1804 per
623 1763 746 1794 dictum
769 1766 905 1805 tempus.
952 1765 994 1795 Et
1017 1764 1056 1795 de
1080 1764 1156 1805 xxvj
1182 1768 1205 1795 5.
1229 1764 1286 1804 viij
1304 1763 1332 1796 d.
1350 1764 1451 1796 annui

394 1813 538 1844 redditus
554 1816 636 1844 terre
652 1812 690 1844 de
707 1813 890 1845 Lambdene
907 1813 1007 1845 debiti
1023 1814 1063 1845 ad
1087 1814 1206 1845 festum
1224 1813 1451 1846 Pentechostes
1516 1838 1520 1840 -
1540 1814 1547 1859 J

395 1866 531 1894 tantum.
577 1863 619 1894 Et
635 1863 674 1894 de
690 1874 711 1894 x
728 1868 750 1894 5.
769 1864 868 1895 annui
883 1864 1027 1895 redditus
1050 1867 1133 1895 terre
1149 1864 1188 1895 de
1204 1864 1450 1896 Haliburtoune.

396 1913 438 1943 Et
455 1912 493 1943 de
508 1912 541 1953 iij
561 1917 583 1944 5.
600 1913 646 1954 iiij
666 1913 694 1943 d.
712 1917 794 1944 terre
810 1913 850 1944 de
866 1913 1007 1945 Harlaw.
1051 1914 1094 1944 Et
1104 1913 1144 1944 de
1158 1914 1191 1954 vj
1206 1918 1228 1944 5.
1242 1914 1298 1954 viij
1310 1914 1339 1945 d.
1353 1913 1452 1945 annui
1517 1912 1549 1944 -i'

396 1962 539 1993 redditus
553 1963 686 1993 duarum
698 1963 940 1994 tenandriarnm
954 1963 1188 2004 pertinencium
1200 1964 1338 1995 Roberto
1350 1963 1452 2005 Inglis
1511 1974 1535 2008 ..j

396 2012 428 2042 in
455 2011 534 2043 villa
559 2011 597 2042 de
627 2011 784 2043 Grenlaw.
831 2012 874 2043 Et>
899 2012 939 2043 de
965 2013 996 2053 vj
1025 2017 1047 2044 5.
1071 2013 1127 2053 viij
1145 2012 1174 2044 d.
1193 2013 1292 2044 annui
1307 2013 1452 2044 redditus

396 2064 479 2092 terre
509 2061 548 2092 de
580 2061 756 2092 Collisland
781 2061 816 2092 in
842 2062 1002 2094 territorio
1032 2063 1071 2094 de
1098 2062 1250 2094 Greulaw
1277 2063 1452 2103 spectantis

398 2111 540 2151 Georgeo
558 2110 779 2141 Eclwardsone.
826 2111 869 2142 Et
884 2111 923 2142 de
940 2111 995 2152 xiij
1014 2116 1035 2142 5.
1053 2111 1100 2152 iiij
1115 2111 1144 2143 d.
1160 2121 1218 2152 per
1228 2111 1452 2144 vendicionem
1514 2111 1519 2115 '
1538 2113 1543 2116 '

398 2159 534 2190 duorum
550 2159 676 2200 parium
692 2159 864 2190 calcarium
878 2160 1101 2192 deauratorum
1114 2161 1185 2192 albe
1196 2161 1285 2193 firme
1297 2165 1452 2193 terrarum
1520 2184 1550 2192 γ.

399 2209 436 2239 de
463 2209 555 2249 Popil
582 2209 800 2250 speetaneium
825 2210 986 2250 quondam
1013 2210 1118 2242 David
1141 2211 1272 2243 Laudre.
1319 2211 1450 2243 Summa

399 2258 494 2299 hujus
512 2258 624 2295 oneris,
637 2257 720 2299 j⁰xiij
738 2259 776 2290 li..
787 2259 818 2300 vj
836 2264 858 2290 5.
875 2259 931 2301 viij
950 2260 978 2291 d.
