1551 2462
139 1159 298 1191 Menteth.

358 226 418 254 184
668 223 831 255 ROTULI
856 222 1092 255 SCACOARH
1315 225 1405 253 1463.

354 316 431 357 xxvj
450 320 472 348 ἔ.
490 316 545 357 viij
564 316 592 347 d.
609 320 766 348 terrarum
778 316 817 348 de
831 316 1076 358 Strongarvalde
1089 316 1128 347 de
1138 315 1233 347 dicbis
1249 315 1404 346 terminis.

354 366 397 397 Ε(
412 366 451 397 (16
467 367 569 407 xxxiij
587 371 611 398 S.
623 367 669 407 iiij
687 366 715 398 d.
728 370 886 397 terrarum
902 367 940 397 de
951 366 1216 397 Ardmakmonen
1232 365 1271 396 de
1284 364 1404 396 eisdem

354 416 507 447 terminis.
553 416 596 447 Ε(
619 416 658 447 (16
685 427 753 447 xxx
777 421 800 448 Ξ.
825 420 982 447 terrarum
1008 416 1047 447 de
1072 416 1199 456 Lagane
1222 415 1261 446 de
1285 414 1405 446 eisdem

354 466 507 497 terminis.
553 466 595 497 Ε(
610 466 649 497 (16
666 476 709 497 xx
725 470 747 497 ἕ.
765 466 804 497 (16
822 466 926 497 media
948 468 1038 506 parte
1055 468 1211 496 terrarum
1228 464 1266 495 de
1282 464 1405 495 Donto-

354 515 519 556 hagirtane
530 515 568 546 de
579 515 697 546 eisdem
707 516 859 546 terminis.
895 515 937 545 Ε(
948 515 986 546 (16
996 525 1041 546 xx
1053 518 1076 546 S.
1090 515 1128 545 de
1139 514 1238 545 firmis
1248 516 1405 544 terrarum

353 613 393 644 de
410 613 610 654 Glenmayne
627 614 666 644 de
682 614 802 645 eisdem
818 614 972 645 terminis.
1018 614 1061 645 Ε(
1084 613 1122 644 (16
1139 613 1215 653 xxvj
1233 617 1256 644 ἒ.
1273 612 1329 652 viij
1347 611 1375 642 d.
1389 611 1402 651 j

354 662 440 694 bolla
469 662 556 694 ordei
584 663 596 703 j
628 667 741 694 muton
778 667 936 694 terrarum
966 663 1005 693 de
1044 663 1184 694 Grodich
1215 662 1254 693 de
1284 661 1404 692 eisdem

352 765 466 793 muton
492 766 647 793 terrarum
678 763 717 793 de
747 762 994 803 Auehtinhardy
1026 762 1066 793 (16
1096 762 1216 793 eisdem
1247 760 1400 792 terminis.

353 812 396 842 Et
418 812 457 843 (16
480 812 547 853 xlvj
565 817 588 844 ἔ.
605 813 660 853 viij
679 812 707 844 d.
721 813 733 853 j
752 813 838 844 bolla
860 812 947 844 ordei
967 813 980 852 j
998 815 1112 843 muton
1134 815 1293 842 terrarum
1316 810 1355 841 de
1372 810 1402 841 16

353 862 511 893 Dowarde
527 862 566 893 de
582 862 702 893 eisdem
717 862 872 893 terminis.
917 862 960 893 Ε(
976 861 1014 892 (16
1030 861 1077 901 liij
1103 865 1126 893 ἓ.
1142 861 1188 901 iiij
1201 860 1230 893 d.
1242 860 1280 892 (16
1297 870 1403 890 annuo

353 911 480 942 redditu
496 915 652 942 terrarum
668 912 707 943 de
724 912 900 953 Glengelye
916 911 955 943 (16
971 911 1090 943 eisdem
1106 910 1259 942 terminis.
1306 910 1348 940 Ε(
1364 910 1403 940 (16

354 961 407 1001 xvj
426 965 449 992 ἔ.
465 961 521 1001 viij
539 961 567 991 d.
585 961 624 992 de
640 971 746 992 annuo
758 962 886 992 redditu
901 964 1058 992 terrarum
1076 961 1115 991 de
1131 960 1233 991 Lettir
1248 960 1288 991 de
1309 960 1403 990 (116(15

354 1010 507 1042 terminis.
554 1011 687 1041 Summa
702 1012 836 1052 pecunie
852 1011 948 1051 hujus
965 1011 1078 1047 oneris,
1094 1010 1128 1040 lv
1143 1009 1175 1041 11.
1193 1010 1246 1051 xvj
1264 1014 1286 1040 Ξ.
1304 1009 1358 1049 viij
1373 1008 1403 1039 d.

354 1060 487 1091 Summa
510 1060 596 1091 ordei
619 1060 715 1100 hujus
739 1061 852 1098 oneris,
872 1061 884 1100 j
911 1060 1017 1091 celdra
1039 1059 1108 1100 xiiij
1133 1059 1225 1090 bolle.
1271 1059 1404 1090 Summa

354 1109 456 1141 farine
473 1109 648 1146 avenatiee,
659 1110 672 1150 j
691 1109 803 1141 oeldra.
851 1110 983 1141 Summa
998 1113 1178 1146 mutonum,
1194 1120 1269 1141 xxx.

398 1159 491 1196 Item,
507 1159 594 1189 idem
609 1162 720 1190 onerat
735 1170 768 1191 se
785 1159 824 1191 de
847 1170 868 1190 v
890 1159 922 1190 11,
947 1159 986 1190 de
1009 1159 1109 1192 firmis
1124 1162 1282 1190 terrarum
1297 1158 1402 1189 medie

352 1208 454 1250 partis
484 1208 522 1239 de
547 1208 701 1240 Rednaoh
727 1209 762 1239 in
787 1209 928 1240 dominio
958 1209 998 1240 de
1029 1208 1188 1246 Menbeth,
1215 1208 1255 1239 de
1279 1207 1404 1239 duobus

353 1258 500 1289 terminis
515 1258 612 1299 hujus
628 1259 776 1299 compoti.
821 1259 864 1289 Ε(
875 1259 913 1290 (16
930 1259 961 1299 xj
978 1258 1010 1289 fi.
1027 1258 1084 1298 xiij
1099 1262 1122 1289 ἓ.
1138 1258 1184 1298 iiij
1203 1257 1232 1289 d.
1249 1257 1288 1288 de
1303 1257 1404 1288 firmis

353 1307 486 1340 alterius
501 1308 602 1349 partis
618 1308 656 1341 de
674 1308 828 1339 Rednach
842 1308 881 1339 de
898 1308 1020 1339 eisdem
1042 1308 1197 1339 terminis.
1243 1308 1286 1338 Ε(
1302 1307 1340 1338 (16
1356 1307 1400 1347 xij

354 1356 447 1387 boHis
463 1357 565 1388 farine
582 1357 746 1388 avenatiee
763 1357 801 1388 de
815 1357 915 1387 firmis
927 1356 1104 1387 molendini
1114 1355 1264 1396 ejusdem.
1309 1356 1352 1387 Et
1364 1356 1405 1387 (16

353 1405 384 1445 xj
402 1405 434 1436 fi.
452 1406 483 1446 vj
501 1410 522 1437 ἔ.
540 1406 597 1446 viij
614 1406 643 1437 d.
660 1406 699 1437 de
710 1407 809 1440 firmis
826 1410 984 1438 terrarum
999 1406 1038 1436 de
1047 1405 1200 1442 Dunatir,
1213 1405 1403 1442 Portwalan,

352 1458 385 1486 6(
399 1455 580 1486 Moncastel
597 1455 635 1486 de
652 1455 772 1486 eisdem
784 1455 938 1492 terminis,
950 1455 1006 1486 sed
1016 1458 1251 1486 consueverunt
1263 1454 1402 1485 assedari

351 1554 390 1585 de
400 1554 500 1585 firmis
515 1554 616 1595 prime
626 1554 725 1594 partis
742 1555 781 1585 de
798 1554 978 1595 Boquhopil
989 1554 1028 1585 de
1041 1554 1160 1585 eisdem
1170 1554 1316 1585 terminis
1361 1554 1404 1585 Ε(

350 1603 390 1634 (16
405 1613 427 1634 v
438 1602 470 1634 fi.
492 1603 531 1634 de
546 1603 645 1634 firmis
661 1606 818 1634 terrarum
834 1604 971 1635 secunde
986 1604 1086 1644 partis
1102 1603 1254 1644 ejusdem.
1301 1603 1342 1634 Ε(
1365 1603 1404 1634 (16

350 1652 384 1693 iij
401 1652 433 1683 fi.
451 1653 481 1692 vj
507 1656 530 1684 ἓ.
547 1653 602 1693 viij
620 1652 648 1683 d.
674 1653 712 1683 de
735 1653 836 1684 firmis
860 1653 957 1684 tercie
980 1653 1079 1694 partis
1099 1652 1249 1693 ejusdem.
1295 1652 1338 1683 Ε(
1364 1652 1404 1683 (16

351 1701 452 1742 xxxiij
466 1706 487 1732 ἔ.
501 1701 547 1741 iiij
565 1701 593 1732 d.
611 1701 650 1732 de
664 1701 761 1732 firmis
778 1705 890 1742 quarte
906 1702 1005 1742 partis
1016 1702 1166 1742 ejusdem.
1212 1701 1255 1731 Ε(
1265 1701 1366 1741 xxxiij
1379 1705 1402 1732 ἓ.

350 1751 396 1791 iiij
414 1750 443 1782 d.
456 1750 495 1781 de
511 1750 610 1781 firmis
627 1751 739 1791 quinte
754 1754 844 1791 parte
857 1751 1008 1791 ejusdem.
1047 1751 1089 1781 Ε(
1102 1751 1140 1781 (16
1156 1750 1259 1791 xxxiij
1273 1754 1295 1781 ἓ.
1308 1750 1355 1790 iiij
1372 1750 1401 1781 d.

351 1800 390 1831 de
406 1800 506 1830 firmis
522 1799 560 1830 de
578 1800 608 1830 16
625 1800 688 1830 Bra
698 1800 737 1830 de
753 1800 924 1840 Boohopill
940 1800 979 1831 de
996 1800 1090 1831 dictis
1105 1799 1259 1831 terminis.
1306 1799 1349 1830 Ε(
1364 1799 1403 1831 de

350 1849 384 1889 iij
402 1849 434 1879 11.
448 1849 478 1889 vj
497 1854 519 1880 ἔ.
537 1850 592 1890 viij
611 1849 640 1881 d.
652 1849 691 1880 de
705 1850 804 1881 firmis
820 1853 903 1880 terre
916 1850 954 1880 de
967 1850 1145 1881 Torreestir.
1191 1849 1233 1880 Ε(
1249 1849 1288 1880 (16
1304 1849 1358 1889 xvj
1370 1849 1403 1881 fi.

350 1899 403 1938 xvj
418 1902 440 1929 ἒ,
454 1898 510 1939 viij
528 1898 556 1930 d.
571 1899 610 1930 de
625 1899 725 1929 firmis
741 1902 895 1929 terrarum
913 1899 951 1930 de
969 1899 1122 1930 Collaehd
1139 1902 1171 1929 6(
1186 1898 1402 1940 Gardingabir

351 1948 390 1978 de
414 1948 533 1979 eisdem
558 1948 711 1979 terminis.
757 1948 799 1978 Et
827 1947 867 1978 de
898 1949 928 1988 vj
946 1947 978 1978 1²1.
996 1948 1051 1989 xiij
1070 1952 1093 1979 ἔ.
1110 1948 1156 1988 iiij
1173 1947 1201 1978 d.
1219 1948 1263 1988 xij
1288 1948 1404 1978 eeldris

351 2006 524 2027 avenarum
540 2000 694 2029 terrarum
711 1996 748 2027 de
771 1996 801 2027 16
817 1997 907 2027 Frew
924 1996 962 2027 de
986 1997 1080 2027 dictis
1095 1996 1249 2027 terminis.
1295 1997 1337 2028 Ε(
1360 1997 1400 2028 (16

350 2045 384 2075 x]
401 2049 422 2076 S.
440 2048 596 2076 terrarum
613 2046 720 2077 warde
736 2046 775 2077 de
791 2045 887 2086 Gudy
904 2046 942 2077 de
966 2046 1086 2077 eisdem
1102 2046 1257 2077 terminis.
1305 2046 1347 2076 Ε(
1362 2046 1403 2077 (16

352 2105 372 2124 x
388 2095 419 2125 fi.
444 2095 482 2125 de
507 2096 605 2126 firmis
629 2099 784 2126 terrarum
807 2095 845 2126 de
869 2095 1041 2136 Ernyulaw
1067 2095 1105 2126 de
1129 2095 1223 2126 dietis
1246 2095 1400 2126 terminis.

352 2145 394 2174 Ε(
412 2144 452 2175 (16
476 2155 495 2175 ν
512 2144 542 2175 11.
563 2145 591 2185 vj
609 2149 632 2176 ἕ.
658 2145 712 2186 viij
730 2145 758 2177 d.
783 2145 821 2177 de
845 2145 943 2177 firmis
969 2148 1124 2176 terrarum
1148 2145 1186 2176 de
1211 2145 1338 2186 Ernbeg
1362 2145 1402 2177 de

1542 2001 1551 2462 -“-“ω“.ᾈ--Λ“-.
1547 1952 1551 1980 ...
1545 1929 1551 1941 μ
1544 1902 1551 1919 n
