1551 2462
417 263 478 291 124
730 256 894 292 ROTULI
919 258 1154 292 SCACOARII
1377 264 1469 293 1462.

413 353 453 384 de
469 353 621 384 comitatu
645 352 789 384 Moravie
813 353 897 384 infra
920 353 1178 385 vicecomitatum
1203 353 1241 385 de
1264 354 1370 395 Elgyn
1393 364 1468 386 cum

414 402 656 444 Glenquharny,
680 403 718 433 de
742 403 862 433 eisdem
885 403 1032 434 terminis
1053 407 1085 434 et
1101 404 1160 434 sub
1184 403 1294 434 eodem
1317 404 1467 444 periculo,

412 452 561 493 lxxxxiiij
586 452 618 483 fi.
642 453 663 493 ij
690 457 715 483 ἔ.
739 452 773 493 iij
798 452 828 484 d.
873 453 916 483 Et
939 453 1042 484 eidem
1067 463 1182 493 sponse
1205 463 1261 493 pro
1284 454 1382 484 tercia
1406 453 1467 484 sibi

412 502 520 533 debita
544 502 620 533 dicti
643 502 813 533 comitatus
835 501 921 532 infra
951 502 1210 533 vicecomitatum
1237 503 1275 533 de
1299 503 1404 541 Fores,
1427 503 1466 535 de

411 551 505 582 dictis
527 551 674 583 terminis
698 554 730 582 et
760 551 819 581 sub
850 551 961 582 eodem
990 551 1141 592 periculo,
1164 552 1211 582 lix
1240 551 1272 583 u'.
1304 562 1325 583 v
1355 557 1378 583 Ξ.
1424 553 1466 583 Et

411 602 523 638 eidem,
535 612 592 642 pro
604 601 703 632 tercia
726 600 787 631 sibi
803 600 910 631 debita
933 601 1061 632 baronie
1081 601 1120 632 de
1136 601 1268 633 Leffaris
1285 602 1323 632 de
1346 602 1466 633 eisdem

410 652 556 682 terminis
580 654 612 682 et
638 651 697 681 sub
721 650 880 681 consimili
906 651 1057 691 periculo,
1081 661 1147 681 xxv
1169 651 1201 683 fi.
1233 652 1310 692 xviij
1343 656 1366 683 ἔ.
1423 652 1466 682 Et

410 701 533 732 duabus
572 701 742 732 comitissis
780 700 975 737 Craufordie,
1012 710 1070 741 pro
1107 701 1215 732 terciis
1253 701 1314 732 sibi
1348 700 1465 732 debitis

410 751 544 782 dominii
581 750 620 781 de
651 750 860 781 Strathnarne
891 750 924 780 in
956 750 1063 781 warda
1093 750 1269 788 existentis,
1301 750 1340 782 de
1370 751 1464 781 dictis

408 800 562 838 terminis,
592 800 604 830 l
634 799 666 831 fi.
698 800 730 840 xj
762 804 785 830 ἓ.
820 800 833 840 j
872 799 902 831 d.
967 800 1010 830 Et
1040 799 1152 838 eidem,
1182 810 1238 840 per
1268 799 1464 831 solucionem

409 850 528 881 factam
573 850 715 890 quinque
760 849 932 890 capellanis
978 849 1212 880 celebrantibus
1257 850 1291 880 in
1332 849 1464 881 ecclesia

409 900 583 931 cathedrali
617 899 814 931 Moraviensi
848 899 881 929 in
920 899 1042 940 capella
1075 899 1185 930 Sancti
1222 899 1342 930 Thome
1379 909 1462 930 mar-

412 950 492 987 tiris,
516 960 555 980 ex
594 949 785 980 fundacione
818 948 940 979 domini
982 948 1103 980 Thome
1135 949 1303 990 Ranulphi
1341 949 1468 980 comitis

407 1000 552 1031 Moravie
576 1002 608 1030 et
624 999 865 1030 confirmacione
889 999 1010 1029 domini
1034 998 1163 1029 Roberti
1188 999 1271 1040 regis
1293 998 1398 1039 primi,
1422 998 1461 1029 de

407 1049 510 1080 tribus
532 1049 679 1080 terminis
701 1048 787 1079 infra
809 1048 869 1079 hoc
892 1051 1085 1089 compotum,
1109 1048 1187 1089 xxiij
1212 1048 1245 1080 fi.
1269 1048 1325 1088 xiij
1343 1052 1365 1079 ἔ.
1382 1048 1413 1089 vj
1431 1047 1461 1079 d.

407 1099 450 1129 Et
466 1099 629 1140 capellano
647 1098 820 1129 celebranti
835 1098 869 1128 in
885 1098 995 1129 eadem
1019 1097 1153 1128 ecclesia
1175 1108 1232 1138 pro
1256 1098 1363 1129 anima
1378 1097 1461 1138 regis

407 1149 567 1185 Duncani,
584 1158 623 1179 ex
639 1148 721 1179 dono
745 1147 907 1188 quondam
931 1147 1012 1188 regis
1029 1147 1208 1178 Alexandri
1231 1147 1372 1184 secundi,
1389 1157 1460 1188 per-

408 1198 540 1238 cipienti
563 1197 731 1228 annuatim
754 1196 966 1237 quadraginta
989 1196 1111 1227 solidos
1130 1197 1169 1228 de
1193 1197 1293 1227 firmis
1309 1197 1402 1237 burgi
1418 1196 1457 1228 de

407 1248 522 1289 Elgyn,
538 1248 666 1288 dempta
678 1247 785 1283 tercia,
802 1246 840 1277 de
864 1246 983 1277 eisdem
1007 1246 1162 1284 terminis,
1179 1246 1212 1277 xl
1236 1251 1258 1278 s.
1304 1246 1347 1277 Et
1363 1245 1456 1277 alteri

406 1297 570 1338 capellano
593 1296 768 1328 celebranti
790 1296 825 1326 in
853 1296 938 1326 dicta
964 1296 1098 1327 ecclesia
1124 1295 1300 1327 cathedrali
1323 1295 1458 1326 fundato

406 1356 500 1387 super
511 1346 651 1376 dominio
664 1346 702 1376 de
713 1345 881 1376 Lambride
891 1355 947 1385 per
960 1345 1109 1376 baronem
1123 1345 1274 1385 ejusdem,
1287 1345 1325 1375 de
1338 1344 1458 1376 eisdem

404 1395 551 1426 terminis
567 1398 599 1426 et
614 1395 673 1425 sub
689 1394 829 1435 periculo
853 1394 1074 1434 compotantis,
1099 1394 1130 1434 vj
1148 1393 1179 1424 Π.
1225 1394 1268 1424 Et
1290 1394 1456 1434 capellano

409 1444 531 1475 domini
542 1445 624 1485 regis
638 1443 811 1474 celebranti
822 1443 856 1473 in
869 1443 989 1483 capella
1004 1443 1100 1474 castri
1116 1443 1155 1474 de
1172 1443 1306 1484 Elgyng,
1322 1443 1456 1474 fundato

403 1504 461 1535 per
476 1494 638 1535 quondam
650 1493 672 1524 J
674 1494 807 1524 acobum
820 1493 858 1524 de
874 1493 1010 1523 Dunbar
1023 1493 1171 1524 comitem
1185 1493 1340 1529 Moravie,
1356 1493 1456 1533 perci-

403 1543 506 1584 pienti
529 1543 696 1573 annuatim
719 1542 828 1573 decem
851 1552 983 1579 marcas,
1007 1542 1158 1573 videlicet
1184 1545 1255 1573 octo
1278 1552 1400 1573 marcas
1417 1541 1456 1573 de

402 1593 495 1623 terris
512 1592 550 1623 de
567 1591 784 1632 Pettyndrech
807 1595 839 1623 et
856 1592 934 1622 duas
951 1602 1072 1623 marcas
1094 1592 1130 1622 de
1153 1591 1183 1623 le
1201 1591 1399 1632 Greveschip
1416 1591 1455 1622 de

402 1642 536 1682 Elgyne,
569 1641 699 1682 dempta
721 1641 820 1672 tercia
850 1641 957 1672 debita
981 1641 1020 1672 de
1044 1640 1163 1672 eisdem
1185 1640 1340 1678 terminis,
1365 1641 1396 1681 vj
1419 1640 1450 1671 fi.

401 1692 457 1731 xiij
472 1695 493 1722 s.
507 1691 552 1731 111]
571 1690 601 1721 d.
618 1690 665 1722 ob.
712 1691 754 1721 Et
770 1690 934 1731 capellano
957 1690 1042 1721 beati
1058 1689 1214 1721 Leonardi
1230 1699 1327 1730 prope
1349 1684 1454 1726 Fores,

399 1740 589 1782 percipienti
612 1740 779 1771 annuatim
802 1740 944 1780 quinque
961 1739 1057 1771 libras
1074 1739 1112 1770 de
1135 1739 1235 1770 firmis
1252 1739 1330 1770 dicti
1353 1739 1449 1769 comi-

399 1794 495 1827 tatus,
511 1790 640 1831 dempta
655 1790 753 1821 tercia
769 1792 806 1820 ut
829 1799 932 1829 supra,
951 1789 989 1820 de
1006 1789 1100 1820 dictis
1116 1789 1270 1824 terminis,
1293 1798 1315 1818 v
1330 1788 1362 1819 li.
1408 1788 1451 1819 Et

338 1876 341 1878 v
400 1840 564 1880 capellano
587 1839 709 1870 domini
732 1839 813 1879 regis
838 1838 1012 1869 celebranti
1034 1838 1068 1868 in
1085 1841 1185 1868 castro
1202 1837 1240 1868 de
1263 1837 1377 1879 Elgyn,
1394 1847 1450 1878 pro

398 1899 491 1930 pane,
513 1889 597 1925 vino,
621 1891 653 1919 et
676 1898 756 1924 cera,
784 1887 822 1918 de
846 1887 939 1918 dictis
967 1888 1070 1918 tribus
1095 1887 1250 1924 terminis,
1277 1897 1298 1917 v
1321 1891 1344 1917 s.
1361 1887 1395 1927 iij
1420 1886 1449 1917 d.

399 1939 442 1970 Et
473 1938 606 1969 allocate
638 1937 834 1977 compotanti
862 1937 901 1968 de
931 1937 1031 1967 firmis
1063 1936 1196 1967 dominii
1219 1936 1258 1967 de
1281 1936 1449 1967 Lambride

399 1987 574 2029 supradicti
600 1987 640 2018 ad
664 1986 917 2018 anniversarium
950 1987 1111 2027 quondam
1138 1986 1260 2016 domini
1290 1985 1449 2016 Johannis

399 2037 437 2068 de
454 2037 621 2077 Invernys,
644 2035 824 2067 cancellarii
847 2035 978 2067 ecclesie
1002 2036 1040 2067 de
1057 2036 1189 2076 Elgyne,
1207 2035 1247 2066 ad
1269 2035 1449 2072 luminaria,

396 2097 522 2127 panem,
538 2090 570 2117 et
593 2086 705 2117 vinum
722 2085 852 2116 ecclesie
869 2085 1019 2126 predicte,
1036 2085 1075 2116 de
1091 2085 1185 2116 dictis
1200 2085 1355 2121 terminis,
1372 2084 1406 2115 xl
1423 2089 1448 2116 s.

397 2137 439 2166 Et
466 2136 612 2176 episcopo
635 2135 833 2166 Moraviensi
856 2144 913 2175 pro
944 2135 1008 2165 situ
1035 2134 1212 2165 molendini
1239 2134 1278 2165 de
1309 2133 1446 2165 Schiref-

395 2185 513 2225 mylne,
529 2195 584 2227 pro
608 2184 705 2216 tercia
727 2187 817 2225 parte
840 2183 878 2214 de
902 2184 1038 2225 Duffoys
1061 2184 1218 2215 existente
1240 2183 1274 2214 in
1298 2183 1445 2215 manibus
