1551 2462
361 283 421 330 182
670 279 835 312 ROTULI
859 279 1095 312 SCAOCARH
1317 283 1331 311 1
1338 282 1409 312 463.

404 374 594 415 Compotum
624 372 746 404 domini
784 373 915 404 Roberti
951 373 1056 412 Mure,
1086 372 1251 404 camerarii
1281 372 1409 404 domine

358 426 466 455 nostre
495 423 603 464 regine
634 426 799 460 terrarum,
830 423 1054 460 dominiorum,
1092 426 1124 455 et
1159 423 1340 460 comitatus,
1370 422 1410 453 de

360 472 637 513 Strivelingschire
667 476 700 504 et
730 472 888 510 Menteth,
916 473 1076 514 [Stirliwffi
1107 473 1128 503 8
1157 472 1286 513 Auqast
1314 472 1411 510 1463,

352 522 445 563 from
461 522 482 552 8
497 521 623 562 Α’ῑιφιεί
639 521 735 559 1462).

405 570 530 611 C'harye.
576 570 720 601 Arrmrs.
767 571 867 602 &2122
882 571 945 601 les.
959 569 1049 612 572d]
1095 571 1188 608 Item,
1198 570 1285 602 idem
1300 573 1411 602 onerat

359 630 392 651 se
416 620 455 651 de
482 620 537 661 xxj
564 620 597 652 11.
621 620 665 660 vij
691 624 712 651 Ξ.
738 620 769 661 vj
795 619 822 650 d.
845 620 857 660 j
879 620 986 651 celdra
1016 620 1072 661 xiij
1105 620 1199 651 bellis
1229 619 1328 651 brasii
1353 630 1411 660 per

358 669 499 710 integras
536 669 643 700 firmas
681 669 811 700 baronie
841 669 881 700 de
917 669 1023 700 Skeok
1054 679 1128 700 cum
1158 669 1351 700 molendinis
1378 671 1411 700 et

359 718 615 760 Ingramysland,
652 722 720 749 tam
758 718 965 759 pecuniarum
1007 729 1104 759 quam
1145 728 1324 759 granorum,
1354 728 1412 758 per

358 770 486 809 tempus
509 768 655 809 compoti.
702 768 744 799 Et
766 768 806 799 de
828 769 860 809 vj
884 768 916 799 11.
940 768 998 808 xiij
1021 772 1046 800 8.
1071 768 1117 809 iiij
1141 767 1171 799 d.
1193 770 1348 798 terrarum
1371 767 1410 798 de

359 818 547 858 Auldepark
577 817 616 849 de
648 827 732 848 anno
762 818 908 858 compoti.
965 818 1008 849 Et
1037 818 1077 849 de
1109 817 1166 858 viij
1194 817 1226 848 fi.
1253 820 1411 848 terrarum

359 867 399 899 de
430 867 574 908 Roploch
602 877 659 908 per
688 867 775 898 idem
804 871 939 908 tempus.
996 868 1038 898 Et
1068 867 1107 898 de
1137 878 1181 898 xx
1206 871 1228 898 8.
1255 870 1410 898 terrarum

361 965 582 1004 Quenishalch
599 966 637 997 de
661 965 755 997 dictis
777 966 931 997 terminis.
977 966 1019 997 Et
1042 966 1082 997 de
1098 966 1154 1005 xiij
1171 966 1203 997 11.
1221 967 1252 1007 vj
1266 970 1288 997 8.
1305 966 1361 1007 viij
1381 966 1409 997 d.

359 1015 460 1046 annui
489 1014 632 1046 redditus
663 1018 820 1046 terrarum
849 1015 889 1046 (18
915 1015 1089 1056 Oraggorth
1116 1015 1154 1046 de
1181 1015 1293 1046 eodem
1319 1025 1410 1046 anno.

358 1065 402 1095 Et
417 1064 456 1095 de
472 1075 494 1095 x
508 1064 540 1096 11
557 1064 579 1104 ij
605 1064 719 1095 celdris
742 1064 894 1096 frumenti
911 1065 933 1105 ij
958 1065 1073 1099 celdris
1096 1065 1183 1096 ordei
1203 1067 1235 1096 eb
1250 1065 1273 1105 ij
1298 1064 1412 1096 celdris

291 1155 296 1159 -
359 1124 534 1145 avenarum
563 1117 720 1145 terrarum
750 1114 789 1145 de
820 1114 1034 1146 Inneraloune
1061 1117 1093 1146 et
1117 1114 1157 1146 de
1184 1114 1294 1145 eodem
1319 1124 1409 1145 anno.

359 1164 402 1195 Et
417 1164 456 1195 de
472 1174 493 1194 x
508 1163 543 1196 fi.
557 1167 714 1195 terrarum
730 1164 769 1194 de
785 1164 973 1205 Fossoquhy
989 1164 1028 1195 de
1044 1164 1156 1195 eodem
1177 1173 1267 1194 anno.
1314 1164 1356 1194 Et
1372 1164 1412 1194 de

359 1223 381 1243 x
404 1213 436 1244 fi.
460 1215 617 1244 terrarum
639 1213 679 1244 de
702 1213 857 1254 Lupnoch
881 1212 921 1244 de
944 1213 1056 1245 eodem
1082 1223 1172 1244 anno.
1219 1213 1262 1244 Et
1286 1213 1326 1244 de
1341 1224 1362 1243 x
1377 1213 1409 1243 11.

360 1268 517 1295 terrarum
529 1264 568 1296 de
584 1264 783 1296 Lossinbrule
800 1264 838 1295 de
851 1265 961 1296 eodem
974 1275 1065 1296 anno.
1112 1265 1154 1296 Et
1169 1264 1208 1296 de
1220 1264 1266 1305 liij
1285 1269 1307 1295 8.
1322 1265 1368 1305 iiij
1380 1264 1409 1295 d.

359 1315 381 1355 ij
408 1314 523 1345 celdris
550 1314 647 1345 brasii
672 1314 750 1345 ville
773 1314 812 1345 de
835 1315 922 1356 Logy
949 1314 988 1346 de
1011 1315 1163 1355 predictis
1185 1315 1339 1352 terminis,
1355 1315 1412 1346 sed

360 1364 528 1395 consuevit,
557 1363 697 1395 assedari
726 1364 760 1394 in
791 1364 925 1404 anniquo
956 1363 1071 1395 rentali
1100 1374 1157 1405 pro
1188 1364 1290 1395 tribus
1320 1363 1411 1395 libris

359 1412 495 1453 pecunie
524 1416 557 1443 eb
587 1412 730 1454 quinque
760 1412 873 1443 celdris
904 1412 1009 1449 brasii,
1036 1415 1073 1443 ut
1108 1415 1197 1453 patet
1227 1413 1261 1444 111
1292 1413 1409 1444 80(18111.

359 1462 402 1493 Et
424 1462 467 1497 (18
483 1461 529 1502 iiij
545 1461 577 1492 fi.
591 1462 604 1502 j
629 1461 734 1493 celdra
759 1461 912 1493 frumenti
929 1462 941 1502 j
960 1461 1065 1493 celdra
1081 1462 1178 1493 brasii
1200 1465 1357 1493 terrarum
1372 1462 1411 1493 de

359 1510 529 1551 Blarelogy
545 1510 584 1541 de
600 1519 684 1542 anno
701 1510 846 1551 compoti.
892 1511 935 1541 Et
951 1510 989 1541 de
1004 1511 1035 1551 vj
1052 1510 1084 1542 fi.
1098 1511 1111 1552 j
1129 1511 1234 1542 celdra
1257 1511 1411 1542 frumenni

355 1561 368 1601 j
394 1560 500 1592 celdra
522 1560 620 1591 brasii
642 1562 799 1591 terrarum
823 1560 862 1592 de
885 1560 988 1593 Pullis
1011 1570 1067 1601 per
1082 1560 1168 1592 idem
1184 1563 1318 1601 tempus.
1365 1560 1410 1591 Er.

359 1610 399 1641 de
425 1610 471 1651 xlj
497 1609 529 1640 l-i.
557 1609 613 1650 xiij
642 1613 664 1641 8.
691 1610 746 1650 viij
773 1609 801 1641 d.
828 1609 859 1650 xj
889 1609 1003 1640 celdris
1027 1610 1083 1650 viij
1110 1610 1204 1641 bollis
1230 1609 1326 1641 brasii
1355 1620 1412 1650 per

359 1660 499 1700 integras
530 1659 637 1689 firmas
669 1659 797 1690 baronie
828 1659 867 1690 (18
897 1659 1073 1690 Tulicultre
1103 1661 1170 1691 tam
1200 1659 1410 1700 pecuniarum

359 1718 457 1749 quam
486 1717 658 1749 granorum
687 1718 744 1750 per
773 1711 901 1749 tempus
932 1708 1078 1749 compoti.
1123 1709 1166 1740 Et
1196 1709 1235 1740 de
1266 1719 1288 1739 v
1315 1707 1346 1739 fi.
1372 1708 1412 1740 de

359 1758 459 1789 firmis
475 1761 632 1789 terrarum
647 1757 686 1788 de
709 1757 980 1789 Lethbertschelis
1003 1761 1035 1789 et
1055 1757 1226 1790 Sandelioh
1242 1757 1282 1789 de
1298 1757 1410 1789 eodem

360 1818 451 1839 anno.
498 1807 540 1838 En
563 1807 602 1839 de
625 1807 656 1848 vj
680 1807 712 1839 11.
730 1807 787 1848 xiij
812 1812 834 1838 8.
859 1807 904 1847 iiij
923 1807 951 1839 d.
969 1810 1125 1839 terrarum
1148 1807 1186 1839 de
1210 1807 1412 1848 Litilsauchy

360 1856 400 1888 (18
430 1856 542 1888 eodem
572 1866 663 1887 anno.
709 1856 751 1887 Et
775 1856 814 1888 de
840 1857 916 1897 xxvj
941 1861 963 1888 8.
981 1857 1038 1898 viij
1071 1857 1098 1888 d.
1127 1857 1166 1888 de
1196 1857 1296 1888 firmis
1318 1857 1357 1888 de
1381 1856 1412 1888 18

360 1905 485 1936 Το1118(1
508 1905 548 1937 (18
570 1916 654 1937 anno
677 1906 824 1946 compoti,
840 1906 895 1937 sed
918 1906 1028 1937 valent
1051 1906 1263 1948 quadraginta
1285 1906 1409 1938 solidos.

361 1955 493 1986 Summa
509 1955 643 1996 pecunie
659 1955 755 1996 hujus
771 1955 883 1992 oneris,
896 1954 968 1996 jclxj
985 1956 1016 1988 fi.
1034 1957 1103 1997 xiiij
1124 1961 1146 1989 8.
1161 1957 1193 1997 vj
1210 1957 1239 1988 d.
1279 1956 1410 1987 Summa

361 2054 496 2085 Summa
510 2054 605 2091 ordei,
621 2054 643 2094 ij
660 2054 772 2085 celdre.
819 2054 950 2086 Summa
966 2065 1148 2093 avenarum,
1163 2056 1185 2096 ij
1205 2055 1316 2087 celdre.

404 2103 651 2134 Memorandum
667 2103 750 2144 quod
768 2106 953 2144 compotans
969 2115 1032 2136 non
1057 2109 1168 2137 onerat
1191 2115 1224 2136 se
1247 2105 1286 2136 de
1309 2105 1412 2136 firmis

360 2156 517 2183 terrarum
547 2153 587 2184 de
611 2152 713 2184 Pullis
743 2153 782 2184 de
810 2153 942 2194 Playne,
967 2164 1028 2194 que
1059 2158 1136 2185 sunt
1165 2154 1204 2185 de
1235 2158 1410 2194 conquestu

360 2201 488 2233 domine
504 2202 621 2243 regine,
637 2212 711 2233 eum
735 2202 852 2243 quibus
875 2203 1049 2236 intromisit
1072 2203 1223 2245 magister
1243 2203 1410 2236 Johannes
