1551 2462
403 251 463 279 644
713 248 876 281 ROTULI
901 249 1136 281 SCACCARII
1359 253 1449 282 1469.

186 345 351 375 Respondebit
396 340 410 380 j
457 340 538 372 lasta
584 342 640 383 xiij
685 342 806 374 barilia.
866 343 998 374 Summa
1041 353 1262 384 expensarum,
1306 343 1329 384 ij
1368 343 1449 375 laste

185 375 311 428 fgssifssior,
401 390 445 431 vij
462 391 582 422 barilia
628 392 670 422 Et
685 392 731 423 sic
746 396 869 423 restant
893 393 927 433 iij
945 392 1026 424 laste
1049 393 1071 433 ij
1096 392 1216 424 barilia.
1263 393 1315 424 De
1331 393 1449 433 quibus

399 441 541 482 pendent
556 451 651 482 super
665 442 824 473 Jacobum
840 442 938 473 Innes
962 442 1000 473 de
1016 442 1128 473 eodem
1151 442 1190 473 de
1206 452 1290 473 anno
1306 443 1460 483 computi

399 495 432 523 et
447 491 570 522 duobus
586 491 678 522 annis
701 491 944 532 precedentibus
967 491 1027 523 hoc
1049 485 1449 533 computumjcapientem

399 540 440 572 ad
466 551 580 571 manus
607 541 750 581 proprias
781 541 925 582 quolibet
956 551 1040 572 anno
1067 546 1198 572 centum
1223 546 1256 572 et
1283 541 1450 583 sexaginta

399 590 566 627 salmones,
589 590 665 621 licet
691 590 769 621 alias
792 591 1008 622 summonitus
1030 591 1136 622 fuerat
1159 601 1216 632 per
1237 591 1346 622 literas
1367 591 1449 632 regis

399 643 431 671 et
447 639 592 670 dominos
603 639 641 670 de
654 639 788 671 concilio
801 640 841 671 ad
855 640 1089 671 ostendendum
1106 640 1191 681 quod
1203 640 1287 681 juris
1301 640 1399 672 habet
1414 641 1450 672 in

399 689 571 730 premissis,
586 689 683 730 iiijclx
699 689 866 727 salmones,
881 700 946 731 que
962 700 995 721 se
1011 689 1191 721 extendunt
1207 690 1383 722 annuatim.

184 788 268 829 Pety
283 793 317 820 et
444 788 640 829 Computum
679 788 828 829 Hugonis
869 788 978 826 Rosse,
1023 789 1151 820 baronis
1192 789 1231 820 de
1276 789 1449 831 Kilrawag,

184 831 333 874 BffiChlJ,
398 837 563 869 camerarii
586 834 708 868 d‘omini
722 837 805 878 regis
821 837 860 869 de
882 838 975 869 terris
991 838 1188 879 subscriptis,
1204 839 1413 880 [Effinburyh
1427 840 1451 870 3

184 879 242 906 etc·
398 888 524 927 Auqnst
539 887 640 927 1469]
657 897 674 917 a
690 890 834 927 tempore
849 887 1000 919 introitus
1016 888 1066 919 sui
1081 888 1116 919 in
1131 888 1216 919 dicto
1232 888 1344 926 officio,
1359 889 1448 920 vide-

397 937 474 968 licet
503 937 542 968 de
573 937 708 968 termino
738 937 965 968 Penthecostes
1003 936 1127 975 ultimo,
1157 941 1189 969 et
1224 938 1270 969 sic
1307 938 1346 969 de
1383 948 1449 969 uno

397 986 534 1017 termino
549 986 634 1016 instra
649 986 709 1017 hoc
722 990 916 1027 computum

441 1035 533 1066 Idem
556 1038 667 1066 onerat
683 1046 717 1066 se
737 1035 772 1066 in
794 1035 906 1076 primis
929 1035 968 1066 de
991 1036 1080 1076 xxvij
1097 1035 1129 1067 11.
1145 1046 1167 1066 v
1182 1039 1207 1067 ἓ.
1229 1046 1286 1077 per
1308 1036 1448 1077 integras

397 1085 504 1116 firmas
520 1085 649 1115 baronie
667 1084 705 1116 de
724 1084 857 1116 Leffaris
880 1084 919 1115 de
942 1085 1078 1116 termino
1102 1085 1329 1116 Penthecostes
1351 1085 1448 1126 hujus

398 1135 550 1175 computi.
593 1134 636 1165 Et
651 1134 691 1165 de
707 1145 750 1164 xv
765 1134 797 1164 11.
811 1134 853 1165 de
869 1134 969 1165 firmis
984 1134 1024 1165 de
1040 1134 1192 1165 Bonnoch
1215 1138 1248 1165 et
1271 1134 1448 1176 Banquhry

397 1184 437 1215 de
467 1183 579 1215 eodem
608 1183 754 1215 termino.
800 1184 842 1214 Et
872 1183 912 1215 de
934 1183 969 1214 xl
990 1183 1022 1214 11.
1047 1183 1081 1224 iij
1106 1187 1130 1214 ἓ.
1154 1183 1200 1224 iiij
1225 1183 1254 1214 d.
1279 1184 1318 1215 de
1349 1184 1448 1215 firmis

397 1233 527 1264 baronie
551 1233 590 1263 de
617 1233 700 1273 Pety
726 1237 759 1264 et
782 1232 946 1274 Brauchly
972 1233 1012 1263 de
1037 1233 1124 1264 (110ῖο
1150 1233 1294 1264 termino.
1340 1234 1383 1265 Et
1408 1233 1448 1265 de

397 1283 474 1323 xxvj
490 1282 523 1313 11.
547 1282 604 1323 xiij
621 1286 644 1313 s.
667 1282 715 1322 iiij
738 1282 768 1313 d.
792 1282 831 1313 de
854 1282 954 1313 firmis
976 1282 1112 1313 dominii
1133 1282 1172 1313 de
1196 1282 1382 1314 Stratherne
1409 1283 1448 1314 de

396 1332 507 1363 eodem
523 1332 666 1363 termino.
712 1331 755 1362 Et
771 1331 810 1363 de
825 1331 952 1372 lxxxiiij
969 1331 1001 1362 11.
1021 1331 1089 1372 xiiij
1106 1336 1130 1363 s.
1146 1332 1178 1372 vj
1195 1331 1224 1363 d.
1242 1342 1298 1373 per
1308 1333 1448 1373 integras

396 1382 503 1412 firmas
533 1381 738 1412 baroniarum
760 1381 799 1412 de
823 1380 936 1412 Avach
959 1385 991 1412 et
1013 1380 1189 1412 Eddirdule
1211 1391 1273 1422 que
1296 1381 1448 1412 dicuntur

395 1430 601 1462 Ardmanoch
618 1430 657 1461 de
672 1430 757 1461 dicto
773 1430 917 1461 termino.
964 1430 1096 1461 Summa
1111 1429 1220 1461 totalis
1241 1430 1447 1468 oneracionis,

392 1479 559 1520 jclxxxxiij
577 1479 608 1510 E
625 1480 679 1520 xvj
697 1483 719 1510 ἔ.
736 1479 758 1520 ij
776 1479 805 1510 d.

439 1529 588 1569 Evpense
606 1528 756 1569 ejusdem.
803 1528 845 1559 In
866 1528 987 1569 primis,
1010 1528 1144 1560 allocate
1167 1529 1367 1570 computanti
1388 1540 1446 1571 per
1508 1565 1514 1569 ,

396 1578 592 1609 solucionem
631 1577 748 1608 factam
785 1577 950 1618 capellano
979 1577 1018 1608 de
1055 1578 1170 1609 Avach
1207 1583 1240 1610 et
1269 1578 1445 1610 Eddirdule
1502 1571 1506 1577 ’

396 1627 570 1659 celebranti
585 1627 619 1657 in
635 1631 738 1658 castro
753 1627 906 1667 ejusdem,
916 1627 1104 1668 percipienti
1119 1627 1286 1659 annuatim
1302 1628 1446 1669 quinque
1502 1621 1510 1626 ”

394 1677 493 1708 libras
509 1687 548 1708 ex
565 1676 756 1707 fundacione
773 1676 915 1717 antiqua,
931 1676 970 1707 de
985 1676 1123 1707 termino
1138 1677 1290 1717 computi,
1306 1677 1318 1707 l
1333 1681 1357 1708 ἔ.
1402 1677 1446 1708 Et

395 1726 559 1767 capellano
575 1725 750 1757 celebranti
772 1726 807 1756 in
829 1726 963 1757 ecclesia
985 1726 1071 1757 beati
1093 1726 1236 1757 Duthaci
1258 1726 1298 1758 de
1321 1726 1444 1768 Thayn,

395 1775 529 1807 fundato
559 1785 616 1816 per
645 1775 812 1806 dominum
841 1785 949 1816 regem
979 1775 1063 1806 clare
1093 1776 1244 1807 memorie
1285 1776 1444 1807 Jacobum

393 1825 569 1856 secundum
585 1824 625 1856 de
644 1825 737 1856 terris
753 1825 792 1856 de
814 1825 1002 1856 Dunscathe
1025 1827 1058 1856 et
1079 1826 1233 1866 passagio,
1255 1826 1445 1867 percipienti
1489 1834 1498 1843 ³

393 1875 562 1906 annuatim
587 1875 697 1906 decem
720 1885 851 1912 marcas,
875 1879 912 1905 ut
936 1877 1027 1916 patet
1052 1874 1087 1905 in
1109 1874 1230 1906 eisdem
1255 1875 1377 1913 rotulis,
1403 1875 1444 1907 de
1496 1876 1499 1879 '

393 1925 479 1956 dicto
495 1924 640 1962 termino,
655 1924 690 1965 iij
707 1924 740 1955 n
758 1924 788 1965 vj
805 1928 828 1956 s.
849 1924 904 1964 viij
921 1924 951 1955 d.
996 1924 1039 1955 Et
1060 1924 1159 1965 priori
1174 1924 1214 1955 de
1238 1924 1328 1956 Bello
1351 1925 1443 1962 Loco,
1483 1921 1489 1925 ’

392 1984 450 2015 pro
476 1984 582 2005 annuo
605 1974 733 2005 redditu
755 1974 817 2005 sibi
840 1974 948 2005 debito
974 1973 1014 2005 (10
1041 1973 1153 2005 eodem
1179 1974 1315 2005 termino
1337 1978 1444 2015 preter

392 2023 508 2054 libram
537 2023 656 2064 piperis
679 2023 822 2054 debitam
847 2022 889 2054 ad
919 2023 1038 2054 festum
1069 2022 1178 2053 Sancti
1207 2023 1352 2060 Martini,
1381 2022 1442 2054 sub
1474 2020 1483 2023 ”

391 2072 534 2114 periculo
557 2073 781 2113 computantis,
804 2083 849 2103 xx
869 2076 892 2103 ἓ.
937 2072 980 2103 Et
1003 2071 1164 2104 Celestino
1186 2071 1226 2103 de
1249 2072 1379 2109 hsulis,
1401 2082 1441 2104 ex
1478 2089 1488 2096 ·

391 2122 593 2153 concessione
619 2122 740 2153 domini
763 2122 846 2163 regis
871 2121 1008 2163 predicti
1030 2131 1088 2163 pro
1110 2121 1255 2153 custodia
1284 2121 1380 2153 castri
1401 2121 1442 2153 de
1473 2118 1496 2155 ⁴.

392 2172 568 2204 Eddirdule
583 2171 624 2203 de
644 2172 755 2204 eodem
771 2172 916 2209 termino,
933 2171 989 2212 xiij
1006 2171 1038 2202 fi.
1055 2171 1086 2212 vj
1104 2175 1127 2203 ἓ.
1145 2171 1200 2212 viij
1217 2170 1246 2202 d.
1291 2171 1334 2203 Et
1355 2180 1441 2202 maro
