1551 2462
77 0 125 8 ,,,.,
196 0 198 2 ,

0 0 48 96 ⁵5
95 51 105 55 Α

6 86 29 109 s!
347 90 363 93 ’

0 114 44 126 *a*

15 155 35 180 ’Ἰ

102 303 192 332 1460.
411 297 572 329 REGUM
597 296 842 329 SCOTORUM.
861 297 865 301 '
1109 297 1147 326 27

140 392 231 424 Idem
252 395 362 423 onerat
377 402 410 423 sc
433 391 466 422 in
490 391 601 432 primis
617 390 656 422 de
671 390 706 421 ix
721 390 753 421 fi.
770 390 802 431 vj
820 394 842 421 5.
867 389 922 430 viij
941 389 969 421 d.
986 389 1025 420 de
1049 389 1149 420 firmis

95 446 250 474 terrarum
267 441 306 472 de
321 440 550 472 Gervanehede
566 440 604 471 de
628 440 765 471 termino
788 439 898 470 Sancti
913 439 1049 470 Martini
1065 439 1149 470 infra

96 492 156 523 hoc
178 494 368 532 compotum.
413 491 456 521 Et
479 490 517 521 de
542 501 562 521 v
584 490 618 521 fi.
635 490 672 521 de
685 489 784 520 firmis
800 492 958 520 terrarum
974 489 1013 520 de
1029 489 1148 520 Turne-

97 541 173 582 bery
188 541 227 572 de
249 540 359 571 eodem
375 539 518 571 termino.
565 540 608 570 Et
623 539 662 570 de
678 539 712 580 iij
730 539 761 570 fi.
779 539 810 580 vj
828 543 850 570 5.
868 539 924 580 viij
949 538 978 570 d.
995 538 1034 570 de
1048 538 1149 569 firmis

97 593 250 621 terrarum
274 590 313 621 de
327 589 522 631 ‘Traboyach
549 589 588 620 de
615 589 700 620 dicto
723 589 867 620 termino.
913 589 956 619 Et
978 588 1017 619 de
1040 589 1096 629 viij
1116 588 1149 620 fi.

97 640 131 681 iij
155 644 178 671 5.
209 639 288 680 iiijd.
321 639 360 670 de
383 639 482 670 firmis
505 643 661 670 terrarum
685 638 725 670 de
749 638 946 670 Dundonald
973 638 1011 670 de
1038 638 1150 669 eodem

98 689 240 726 termino,
271 699 333 730 que
363 689 472 720 omnia
502 692 578 719 sunt
609 688 648 719 de
684 688 876 729 proprietate
907 688 1029 719 domini
1058 689 1150 730 regis,

98 738 259 771 residuum
289 750 364 770 vero
403 739 481 770 dicti
511 739 645 770 dominii
683 739 722 770 de
764 738 969 776 Dundonald,
1000 738 1151 770 videlicet

35 807 43 812 -
63 829 66 832 Ι
97 788 229 830 triginta
239 789 300 820 due
315 788 396 819 libre
413 791 550 829 quatuor
565 788 659 820 solidi
675 788 714 819 de
730 788 840 819 eadem
856 788 1058 829 proprietate,
1074 791 1151 819 sunt

97 838 132 869 in
146 838 294 870 manibus
310 838 522 879 compotantis
538 841 570 869 et
585 838 620 868 in
637 838 784 869 manibus
808 838 975 879 eujusdam
993 838 1151 879 capellani

98 888 301 929 percipientis
325 888 491 919 annuatim
521 888 671 919 undecim
701 898 831 920 marcas
892 888 1024 919 Summa
1053 888 1151 929 hujus

97 938 210 976 oneris,
225 949 291 969 xxv
305 938 337 970 fi.
355 939 408 979 xvj
426 942 448 969 5.
465 938 521 979 viij
539 938 568 970 d.

140 987 290 1029 Expense
321 988 471 1028 ejusdem.
518 988 559 1018 In
581 987 702 1028 primis,
726 987 859 1018 allocate
890 988 1088 1029 compotanti
1111 988 1150 1019 de

97 1037 196 1068 firmis
207 1040 361 1068 terrarum
371 1037 410 1068 de
420 1036 616 1068 Dundonald
629 1047 702 1068 cum
712 1037 829 1077 quibus
844 1041 1031 1078 compotans
1041 1048 1150 1078 super-

97 1087 148 1118 ius
165 1087 349 1130 [oneratur]‚
365 1097 426 1127 que
438 1090 521 1118 terre
537 1090 734 1127 occupantur
745 1097 801 1127 per
817 1087 983 1117 dominum
994 1087 1150 1119 Cathkert

99 1146 140 1167 ex
155 1136 356 1167 concessione
372 1136 493 1167 domini
509 1136 591 1177 regis
607 1136 659 1177 pie
674 1136 834 1174 memorie,
846 1136 901 1177 viij
919 1136 950 1167 li.
967 1137 1001 1177 iij
1020 1140 1042 1168 5.
1055 1137 1102 1177 iiij
1120 1137 1149 1169 d.

102 1185 233 1216 Summa
248 1185 344 1226 hujus
360 1195 497 1226 expense
512 1189 608 1226 patet.
654 1185 697 1216 Et
719 1185 764 1216 sic
780 1189 902 1217 restant
921 1186 987 1227 xvij
1004 1186 1035 1216 Π.
1049 1186 1105 1227 xiij
1124 1191 1147 1219 5.

100 1234 147 1275 iiij
154 1234 182 1265 d.
207 1235 268 1266 Pro
279 1245 473 1276 quasumma
482 1235 635 1266 solvenda
648 1235 777 1265 domino
787 1235 852 1276 regi
863 1235 903 1266 ad
916 1235 1033 1266 festum
1040 1236 1150 1267 Sancti

100 1284 259 1315 Johannis
290 1284 436 1325 Baptiste
466 1285 649 1325 proximum
673 1284 777 1315 dictus
808 1284 957 1316 dominus
989 1285 1150 1327 Kennedy

100 1332 288 1364 deliberavit
333 1344 424 1365 suam
461 1334 694 1375 obligacionem
734 1344 792 1364 suo
830 1333 936 1375 sigillo
974 1334 1149 1375 sigillatam

101 1382 251 1423 magistro
273 1382 456 1414 Alexandro
480 1383 622 1424 Murray,
645 1383 815 1423 recipienti
837 1394 933 1425 super
957 1389 1150 1425 compotum,
1164 1395 1330 1424 Respondebit

103 1435 136 1463 et
149 1442 207 1473 pro
223 1443 287 1474 qua
302 1433 517 1474 respondebit.
562 1433 605 1465 Et
620 1432 666 1464 sio
682 1443 771 1474 eque.
1166 1426 1272 1454 Murray.
