1551 2462
142 269 231 298 1465.
454 267 616 299 REGUM
640 268 885 300 SCOTORUM.
1129 274 1166 302 32
1173 274 1191 301 9

102 388 103 392 ,
139 360 245 391 firmas
269 360 371 401 prime
397 361 497 402 partis
521 361 656 392 dominii
681 361 719 392 de
742 361 978 403 Uchtirmukty
1002 362 1040 394 (10
1065 363 1188 395 duobus

138 409 282 441 terminis
305 410 402 451 hujus
425 411 574 451 computi.
621 411 663 442 Et:
690 411 728 442 de
755 412 787 452 vj
815 411 846 443 fi.
873 422 917 443 xv
939 416 960 443 5.
984 413 996 453 3
1025 413 1130 444 celdra
1155 415 1187 454 xj

138 458 231 490 bonis
259 459 414 490 frumenti
443 459 465 500 ij
498 459 612 491 celdris
640 461 653 501 j
686 460 771 492 bolla
801 461 835 501 iij
868 461 991 493 ferlotis
1022 463 1101 493 ordii
1132 473 1188 503 per

136 508 276 550 integras
307 509 413 540 firmas
447 510 584 541 secunde
615 510 715 551 partis
746 511 873 542 eisdem.
919 511 962 542 Et
991 511 1030 543 de
1054 513 1142 553 xxvij
1164 517 1185 544 5.

137 557 160 598 ij
191 557 219 588 d.
244 558 291 589 ob.
315 569 337 588 v
360 558 453 589 bollis
479 559 492 599 3
518 559 633 590 1611016
659 559 813 591 frumenti
837 560 867 600 vj
900 561 993 591 bouis
1020 561 1041 602 13
1065 562 1187 593 ferlotis

137 608 217 638 ordii
249 608 288 639 de
318 609 418 640 firmis
445 609 611 649 cujusdam
642 609 742 650 partis
768 610 911 650 ejusdem
935 610 1019 641 dicte
1051 611 1186 642 Gervas-

136 657 237 688 lande.
284 658 326 689 Et
356 658 396 689 de
418 659 474 699 viij
495 658 526 689 l-i.
553 659 576 699 13
601 659 716 690 celdris
748 659 902 691 frumenti
933 661 953 701 ij
987 660 1101 692 celdris
1128 662 1184 702 viij

137 707 230 738 bonis
260 708 342 739 ordii
370 708 416 739 de
453 709 554 739 firmis
592 709 758 749 cujusdam
789 709 889 750 partis
925 711 1067 750 ejusdem
1102 711 1186 742 dicte

135 756 340 788 Bondehalfe.
401 758 443 788 Et
481 757 520 788 de
557 768 624 788 xxx
656 762 678 789 5.
703 758 742 789 de
766 758 865 790 firmis
888 760 1054 800 eujusdam
1085 761 1186 800 partis

135 805 278 846 ejusdem
301 806 384 837 dicte
414 807 628 848 Maryslande.
675 807 717 837 Et
739 807 776 838 de
799 808 845 849 iiij
874 808 905 839 fi.
932 819 953 839 v
979 813 1002 839 5.
1030 809 1064 840 ix
1092 809 1120 839 d.
1147 810 1186 841 de

135 855 234 887 firmis
257 857 496 897 quatuordecim
513 857 707 897 cotagiorum
733 857 810 888 dieti
833 857 967 888 dominii
990 858 1029 889 de
1054 859 1185 889 Ucbtir-

134 905 258 946 mukty.
306 905 348 936 Et
364 906 402 937 de
418 906 440 946 ij
458 906 571 937 celdris
594 907 650 947 viij
676 906 769 938 bonis
791 907 871 938 ordii
897 908 986 946 firme
1009 908 1185 939 molendini

135 955 278 994 ejusdem
308 955 346 986 de
377 965 460 986 anno
491 955 641 996 computi.
688 956 730 986 En
760 956 799 987 de
830 967 850 986 Χ
882 956 913 1000 Ti.
945 957 985 988 de
1015 957 1114 988 firmis
1145 958 1184 989 de

134 1004 346 1045 Westirrossy
378 1005 417 1035 de
448 1005 533 1036 dicto
564 1015 656 1036 anno.
702 1005 744 1036 Et
768 1005 806 1037 de
829 1006 860 1046 vj
885 1006 916 1037 fi.
942 1007 998 1047 xiij
1025 1011 1046 1037 5.
1079 1007 1124 1047 iiij
1153 1007 1182 1038 d.

134 1054 309 1085 molendini
335 1054 373 1085 (16
396 1055 581 1095 Lumquhab
605 1055 645 1085 (16
668 1055 779 1086 eodem
803 1066 892 1086 anno.
939 1056 981 1086 Et
1006 1056 1044 1087 de
1068 1057 1098 1097 vj
1123 1057 1182 1098 fij

133 1105 239 1136 celdra
250 1106 405 1137 frumenti
416 1106 438 1146 ij
452 1106 566 1137 celdris
582 1106 639 1146 viij
659 1106 750 1137 bonis
767 1107 848 1137 ordii
864 1118 885 1137 Χ
897 1107 990 1138 bonis
1002 1118 1183 1145 avenarum,

133 1154 172 1186 (16
189 1155 289 1186 firmis
305 1158 387 1186 terre
410 1156 449 1187 (16
465 1156 551 1187 Estir
567 1156 669 1197 Rossy
687 1156 725 1187 de
749 1156 834 1188 (116ὺο
858 1167 949 1188 anno.
995 1158 1037 1188 Et
1059 1158 1098 1189 de
1114 1169 1134 1189 v
1150 1159 1182 1189 11.

133 1205 164 1245 vj
176 1209 198 1236 5.
212 1205 267 1245 viij
286 1205 314 1236 d.
331 1205 370 1236 dc
386 1206 486 1237 firmis
502 1205 586 1236 AuIe
603 1206 641 1236 de
658 1206 761 1247 Rossy
778 1206 816 1238 de
832 1207 926 1238 dictis
943 1208 1094 1239 terminis.
1140 1209 1183 1240 Ec

132 1254 171 1286 de
190 1255 268 1295 xxvj
289 1259 311 1285 5.
339 1255 395 1295 viij
416 1255 444 1286 d.
464 1256 477 1296 3
504 1256 610 1287 celdra
632 1267 653 1286 Χ
677 1255 771 1287 bouis
795 1256 816 1297 ij
842 1257 964 1288 ferlotis
988 1267 1060 1288 cnm
1085 1258 1182 1289 tercia

133 1307 221 1344 parte
237 1303 350 1335 ferlote
365 1314 539 1335 avenarum
556 1305 594 1335 de
610 1305 710 1336 firmis
727 1308 882 1336 terrarum
899 1307 937 1337 de
950 1307 983 1337 N
984 1311 1129 1338 ewtoune
1143 1307 1181 1339 dc

132 1353 308 1385 Balkancol
329 1354 368 1385 de
387 1364 471 1385 anno
488 1355 638 1394 computi.
685 1355 727 1385 Et
750 1355 789 1386 de
812 1366 834 1386 v
856 1355 887 1386 fi.
912 1356 943 1396 vj
969 1360 990 1387 5.
1015 1356 1071 1397 viij
1096 1356 1124 1387 d.
1142 1357 1181 1388 de

130 1404 230 1435 firmis
253 1404 292 1435 de
315 1403 548 1445 Bannaehtyne
564 1404 602 1435 de
626 1404 737 1435 eodem
761 1415 852 1435 anno.
898 1406 941 1436 Et
963 1405 1003 1437 de
1025 1417 1070 1436 xx
1093 1406 1123 1437 11.
1142 1407 1180 1438 (16

130 1454 230 1485 firmis
242 1456 323 1484 terre
336 1453 375 1484 de
392 1453 549 1495 Petlocby
562 1454 743 1485 Bordlande
754 1464 827 1485 cum
841 1455 1024 1486 molendino
1037 1456 1180 1495 ejusdem

130 1503 169 1534 de
185 1503 328 1534 terminis
344 1502 503 1543 predictis.
550 1503 592 1534 Et
608 1503 647 1534 de
672 1504 727 1544 xiij
752 1503 783 1534 11.
808 1504 839 1544 vj
858 1508 879 1535 5.
904 1504 960 1545 viij
978 1504 1007 1535 d.
1025 1505 1063 1535 de
1080 1505 1179 1536 firmis

130 1557 285 1584 terrarum
308 1553 347 1583 de
373 1552 537 1584 Urcharde
558 1553 597 1584 de
618 1553 736 1584 eisdem
760 1554 912 1584 terminis.
958 1554 1001 1585 Et
1024 1554 1063 1585 de
1086 1555 1118 1595 vj
1147 1555 1179 1586 11.

130 1602 185 1642 xiij
203 1606 226 1633 ἔ.
242 1602 288 1643 1113
306 1602 335 1633 d.
352 1602 391 1633 de
414 1602 513 1633 firmis
536 1602 575 1633 de
598 1602 628 1633 16
651 1602 824 1634 Westende
841 1603 879 1634 (16
897 1603 1089 1645 Stramiglou
1106 1614 1179 1635 cum

129 1651 310 1682 molendino
326 1651 469 1692 ejusdem
485 1651 523 1682 de
548 1651 634 1682 dicto
651 1662 742 1683 anno.
788 1653 831 1683 Et
854 1652 893 1684 de
912 1653 968 1694 viij
993 1653 1024 1684 11.
1050 1664 1093 1684 xv
1109 1653 1137 1684 d.
1155 1654 1176 1694 ij

129 1700 243 1732 caldi-is
269 1701 325 1741 viij
354 1700 448 1732 bolh's
470 1701 551 1732 ordii
574 1712 595 1732 v
619 1701 733 1733 celdris
761 1712 934 1733 avenarum
959 1705 1116 1734 terrarum
1139 1703 1178 1734 de

131 1799 334 1841 Kquuhisch
350 1800 389 1831 de
405 1800 525 1831 eisdem
547 1800 700 1832 terminis.
747 1801 789 1831 Et
812 1800 851 1832 de
873 1812 894 1831 Χ
910 1801 941 1831 ri.
966 1811 1022 1841 per
1038 1801 1177 1842 integras

130 1849 235 1881 firma-s
259 1849 298 1881 de
320 1849 351 1881 16
373 1850 478 1891 Myris
502 1850 541 1881 (16
565 1850 801 1891 Uchtirmukty
823 1850 862 1881 de
886 1851 1006 1882 eisdem
1023 1851 1175 1881 terminis.

130 1898 260 1930 Summa
275 1899 384 1930 totalis
401 1899 536 1940 pecunie
553 1899 706 1940 quarterii
722 1899 760 1930 de
778 1900 1022 1941 Uchtirmuffiy,
1034 1899 1129 1940 j⁰xxv
1144 1900 1175 1931 111

128 1947 171 1988 vij
189 1952 211 1979 5.
229 1948 259 1988 vj
277 1948 305 1979 d.
323 1948 370 1979 ob.
417 1948 549 1980 Summa
565 1949 721 1980 frumenti
744 1949 823 1980 dicti
846 1949 1006 1990 quarnarii,
1022 1949 1053 1989 vj
1072 1949 1176 1981 celdre

128 1997 161 2038 xj
187 1997 269 2028 bolle
288 1997 299 2038 j
325 1997 446 2029 ferlota.
494 1998 626 2028 Summa
649 1998 731 2028 ordii
753 1998 906 2038 ejusdem,
928 1999 997 2038 xiiij
1023 1999 1129 2029 celdre
1155 2009 1176 2029 Χ

129 2046 219 2077 bolle.
266 2046 397 2077 Summa
423 2057 597 2078 avenarum
622 2047 700 2078 dieti
727 2047 890 2088 quarterii,
918 2047 962 2088 vij
991 2047 1096 2078 celdre
1127 2047 1172 2088 iiij

128 2095 211 2126 bolle
227 2095 248 2135 13
267 2095 377 2127 ferlote
394 2105 467 2127 cum
482 2096 580 2127 tercia
596 2099 686 2137 parte
702 2095 821 2127 ferlote.

171 2144 263 2182 Item,
279 2145 364 2176 idem
380 2149 490 2176 onerat
513 2155 546 2176 se
562 2145 600 2176 de
624 2145 658 2175 Χ1
675 2149 697 2176 5.
715 2156 735 2175 x
753 2145 847 2176 bouis
871 2145 951 2176 ordii
965 2146 978 2186 j
1003 2145 1108 2177 celdra
1125 2146 1172 2186 iiij

129 2193 220 2224 bullis
232 2204 405 2226 avenarum
417 2205 473 2236 per
485 2194 624 2236 integras
638 2195 743 2225 firmas
756 2198 913 2225 terrarum
926 2194 964 2226 (16
978 2195 1174 2226 Oameroune
