1551 2462
189 1277 354 1308 Respondebit

189 1310 297 1337 Murray.

371 232 411 266 '2
715 232 880 265 ROTULI
905 230 1121 263 SCACOARI
1352 230 1442 259 1460·
1475 279 1482 282 .
1514 223 1518 225 ’

392 328 431 360 de
448 328 554 368 Cluny
570 327 609 358 de
625 326 736 358 eodem
751 326 895 357 termino.
941 325 983 356 Et
999 324 1038 355 de
1061 334 1105 354 xx
1119 323 1152 355 fi.
1169 323 1208 354 de
1224 322 1324 353 firmis
1339 319 1444 352 warde

393 378 432 409 de
448 376 679 418 Ballegarnaoh
695 376 734 407 de
757 376 868 407 eodem
891 375 1036 405 termino.
1081 374 1124 404 Et
1147 373 1186 404 (18
1199 373 1211 413 j
1228 372 1310 403 libra
1325 370 1445 412 piperis
1502 367 1508 370 '

394 428 465 459 albe
481 427 571 458 firme
586 430 742 457 terrarum
758 425 796 456 de
813 425 895 456 Rate
918 434 980 465 que
995 423 1147 455 dicuntur
1158 421 1314 453 Freeland
1326 421 1366 452 de
1381 423 1444 451 ter·
1498 442 1503 445 -

394 477 481 508 mino
497 475 686 507 Nativitatis
711 474 843 513 Domini
865 474 949 505 infra
971 473 1031 504 hoc
1054 475 1246 513 compotum,
1269 471 1346 512 quia
1367 473 1446 501 tuuc

395 526 538 558 redditur
554 528 689 556 tantum.
734 525 777 555 Et
799 524 838 555 de
855 535 899 554 xx
915 527 937 555 s.
962 523 1062 554 annui
1077 521 1220 553 redditus
1237 525 1391 552 terrarum
1407 519 1447 550 de

395 575 630 616 Kynbachlach
645 574 712 616 regi
727 574 828 605 debiti
850 573 889 604 de
912 573 997 604 dicto
1020 572 1156 603 termino
1173 571 1282 603 Sancti
1305 569 1448 601 Martini.

396 626 438 656 Et
455 625 493 656 de
509 636 531 655 x
547 629 568 656 s.
586 625 686 655 annui
702 624 844 655 redditus
867 627 1024 654 terrarum
1040 622 1078 653 (18
1101 623 1266 662 Torsoppy
1282 620 1321 651 de
1336 619 1449 651 eodem
1510 610 1515 613 ¹

396 674 541 706 termino.
586 674 628 704 Et
644 674 682 704 de
698 674 720 714 ij
738 678 761 705 s.
777 673 833 714 viij
853 674 881 704 d.
899 673 998 704 annui
1020 672 1163 703 redditus
1180 671 1218 702 de
1234 670 1451 710 Monorgount

398 724 437 755 de
454 724 563 755 eodem
579 724 723 754 termino.
769 723 812 754 Et
827 723 866 754 (18
881 723 925 763 xij
942 722 975 754 fi.
987 721 1123 762 receptis
1140 720 1318 761 amagistro
1329 719 1451 750 Thoma
1486 707 1509 716 ‘¹

398 773 493 811 Esok,
519 776 598 804 tunc
625 772 796 804 camerario
823 772 862 804 de
889 771 1047 809 Menteth,
1074 773 1111 802 ut
1136 773 1225 811 patet
1247 770 1282 801 in
1305 771 1452 810 compoto

399 823 550 864 ejusdem.
596 823 638 853 Et
664 823 703 854 de
730 833 751 853 x
778 822 810 854 fi.
834 822 873 853 de
896 821 995 852 firmis
1018 821 1123 852 warde
1146 821 1185 852 de
1201 819 1381 860 Garnetuly
1397 828 1454 860 per

399 873 484 904 idem
500 876 636 913 tempus.
683 872 815 903 Summa
829 872 926 912 hujus
943 871 1055 908 oneris,
1068 869 1210 911 j⁰1xxxiij
1227 869 1259 900 fi.
1272 870 1294 910 ij
1313 873 1334 900 ἔ.
1352 869 1407 909 viij
1421 867 1451 899 d.
1511 870 1517 892 ἱ

400 922 532 954 Summa
554 922 663 953 totalis
686 921 881 953 oneracionis
905 931 978 951 cum
1002 920 1174 961 arreragiis,
1196 917 1278 960 ij⁰xlj
1303 918 1335 951 fi.
1359 918 1402 959 vij
1428 921 1455 948 ἔ.
1497 917 1503 919 ’

399 972 455 1013 viij
473 971 503 1003 d.
861 1004 867 1012 ‚

443 1021 486 1052 Et
512 1031 577 1051 non
602 1023 712 1052 onerat
733 1030 766 1051 se
793 1020 833 1051 de
859 1020 959 1051 firmis
983 1023 1147 1056 terrarum,
1175 1017 1397 1054 dominiorum,
1421 1019 1454 1048 et

401 1070 603 1102 baroniarum
619 1070 657 1101 de
674 1070 830 1101 Methven
848 1072 880 1100 et
903 1068 1077 1100 Kinclevin
1101 1068 1140 1099 de
1156 1068 1241 1099 dicto
1257 1067 1402 1104 termino,
1417 1076 1454 1098 eo

402 1119 487 1160 quod
518 1119 647 1150 domina
677 1119 786 1160 regina
815 1118 913 1150 habet
937 1117 1064 1149 easdem
1090 1121 1190 1148 terras
1219 1117 1254 1147 in
1284 1116 1455 1157 conjuncta

402 1169 632 1206 infeodacione,
648 1173 680 1200 et
704 1168 848 1201 officiarii
870 1168 997 1199 domine
1021 1168 1128 1209 regine
1151 1167 1291 1209 predicte
1307 1177 1340 1198 se
1355 1166 1455 1197 intro·
1515 1185 1519 1188 ·

403 1219 539 1249 mittunt
555 1229 628 1249 cum
645 1218 771 1250 eisdem.

447 1269 596 1309 Expense
620 1268 771 1309 ejusdem.
817 1268 858 1299 In
881 1268 994 1309 primis
1019 1267 1153 1298 allocate
1178 1265 1375 1307 compotanti
1399 1275 1457 1306 per
1514 1284 1520 1311 3

406 1318 601 1349 solucionem
628 1318 746 1348 factam
776 1317 927 1358 magistro
957 1317 1143 1348 Alexandro
1173 1316 1316 1356 Murray,
1342 1315 1460 1346 fatenti

405 1371 569 1409 receptum
600 1378 696 1408 super
727 1372 918 1408 compotum,
947 1367 1051 1398 lxxxv
1074 1367 1106 1398 fi.
1133 1367 1190 1407 xiij
1217 1370 1239 1398 ἔ.
1271 1366 1305 1407 iij
1331 1366 1370 1403 d„
1400 1376 1458 1406 pro

407 1418 524 1458 quibus
554 1417 767 1458 respondebit.
813 1418 855 1448 Et
887 1417 1000 1454 eidem,
1030 1427 1086 1457 per
1115 1416 1310 1447 solucionem
1341 1415 1458 1446 factam
1510 1414 1514 1419 ’

408 1467 583 1498 Laurencio
597 1467 740 1498 Dridane
757 1466 795 1498 de
812 1467 963 1497 mandato
979 1466 1099 1497 domini
1116 1466 1197 1506 regis
1209 1476 1265 1507 per
1281 1465 1460 1503 consilium,
1511 1494 1514 1496 .

409 1519 627 1557 compotorum
657 1516 830 1547 rotulatore
860 1519 998 1547 testante
1031 1516 1220 1547 mandatum
1250 1525 1345 1556 super
1375 1525 1460 1546 com-

410 1570 530 1608 potum,
561 1569 597 1596 ut
627 1569 718 1606 patet
747 1576 804 1606 per
833 1565 942 1596 literas
975 1565 1098 1596 domini
1127 1564 1208 1605 regis
1239 1564 1298 1596 sub
1335 1564 1460 1605 signeto

411 1619 553 1648 ostensas
584 1625 679 1655 super
708 1617 900 1656 compotum,
930 1624 988 1655 pro
1018 1615 1109 1645 firma
1139 1614 1252 1645 domus
1290 1614 1396 1645 avarie
1426 1614 1461 1645 in
1503 1614 1518 1645 f-

412 1665 583 1706 Strivelyn,
608 1665 667 1696 sub
683 1664 823 1705 periculo
851 1664 1071 1705 compotantis,
1087 1664 1122 1695 xl
1144 1668 1167 1695 ἔ.
1213 1664 1255 1695 Et
1278 1663 1390 1701 eidem,
1405 1673 1463 1705 per
1492 1702 1495 1703 ⁷

411 1715 606 1747 solucionem
637 1714 755 1745 factam
781 1713 911 1744 heraldo
941 1713 1072 1754 Albany
1103 1713 1141 1745 de
1171 1713 1282 1745 eodem
1312 1713 1463 1744 mandato
1509 1744 1511 1747 ,

411 1765 596 1801 literatorio,
606 1764 690 1795 dicto
703 1767 921 1804 compotorum
932 1763 1104 1794 rotulatore
1116 1766 1254 1794 testante
1267 1763 1464 1801 mandatum,

412 1825 468 1856 per
483 1813 651 1845 consilium
668 1823 724 1854 pro
741 1813 832 1844 feodo
856 1823 912 1843 suo
937 1813 976 1844 de
1001 1813 1080 1844 festo
1098 1813 1207 1844 Sancti
1222 1812 1356 1843 Martini
1379 1813 1463 1844 infra
1506 1806 1516 1847 ¹,

412 1864 474 1895 hoc
497 1866 689 1903 compotum,
717 1873 738 1893 v
761 1862 793 1893 fi.
839 1862 881 1893 Et
907 1862 1019 1898 eidem,
1047 1872 1102 1902 per
1127 1862 1322 1893 solucionem
1344 1862 1464 1893 factam
1496 1853 1508 1903 *-

414 1913 542 1945 domine
567 1912 704 1944 Matilde
730 1911 909 1953 Lyndesay,
935 1922 973 1942 ex
1000 1912 1104 1952 gracia
1126 1911 1248 1942 domini
1271 1912 1352 1953 regis
1376 1915 1408 1943 et
1424 1912 1463 1943 de

414 1962 565 1994 mandato
581 1961 723 2002 ejusdem
748 1971 783 1992 ae
811 1960 944 1998 consilii,
967 1961 1118 2001 magistro
1142 1960 1263 1991 Jacobo
1287 1960 1464 2002 Lyndesay,

415 2011 546 2044 custode
561 2011 678 2052 privati
695 2010 800 2052 sigilli,
811 2013 948 2042 testante
964 2010 1151 2041 mandatum
1168 2011 1479 2054 supercompet-ums
1507 2040 1514 2053 (Α

416 2062 455 2093 (18
468 2062 553 2092 dicto
569 2061 717 2098 termino,
732 2071 752 2091 x
768 2059 800 2092 fi.
846 2060 888 2097 Et
911 2059 1089 2100 eidem,pro
1105 2063 1226 2100 septem
1245 2060 1355 2090 martis
1371 2059 1466 2091 dietis
1507 2090 1510 2092 ,

416 2110 613 2147 stukmartis,
637 2110 778 2151 precium
801 2109 888 2150 pecie
911 2119 966 2140 sex
990 2108 1083 2140 solidi
1106 2113 1176 2140 octo
1193 2108 1323 2146 denarii,
1339 2109 1466 2141 intratis
1506 2110 1514 2150 ι’

417 2160 556 2192 inlibris
583 2159 741 2191 dietarum
764 2162 796 2190 et
819 2158 961 2190 liberatis
988 2160 1207 2198 compotorum
1233 2157 1399 2190 rotulatori
1426 2157 1466 2190 ad
