1551 2462
399 209 458 236 242
709 206 873 238 ROTULI
898 205 1133 238 SCAOOARH
1354 209 1448 238 1464.

396 304 536 345 integras
552 304 658 336 firmas
683 306 835 346 quarterii
859 306 897 337 de
920 305 1154 346 Uchtirmukty
1177 305 1254 336 dicti
1278 305 1448 336 comitatus

397 353 436 385 de
462 353 546 385 dicto
570 355 706 386 termino
731 355 841 386 Sancti
868 355 1012 393 Martini,
1035 359 1141 396 preter
1170 365 1276 396 grana,
1299 355 1449 386 videlicet

397 414 453 435 sex
478 404 598 436 celdras
625 405 656 445 xj
680 405 781 436 bollas
803 406 815 446 j
841 406 989 436 fei-lotam
1012 405 1166 437 frumenti
1189 405 1257 446 xiiij
1283 405 1403 436 coldras
1427 415 1449 435 x

397 453 498 484 bollas
527 454 612 485 ordei
637 454 680 495 vij
711 454 832 486 celdras
853 455 899 495 iiij
924 454 1026 486 bollas
1049 455 1070 496 ij
1096 454 1226 486 ferlotas
1250 465 1323 486 cum
1349 454 1449 486 tercia

397 506 488 543 parte
513 504 626 535 furloti
649 515 831 541 avenarum,
855 505 978 536 debitas
1002 498 1037 535 in
1060 504 1146 536 dicto
1173 505 1311 536 termino
1339 504 1449 535 Sancti

397 553 540 584 Martini.
586 554 629 584 Et
653 554 691 585 de
719 554 810 594 xxiiij
833 554 864 584 li.
891 554 913 594 ij
939 558 963 585 ἔ.
987 554 1020 585 ix
1044 553 1073 585 (1.
1097 564 1153 595 per
1175 554 1314 595 integra-s
1341 554 1448 585 firmas

397 604 551 644 quarterii
567 603 605 634 de
622 603 804 635 Fauclande
827 603 905 635 dicti
929 604 1098 635 comitatus
1122 607 1154 634 et
1177 603 1288 634 eodem
1303 603 1449 640 termino,

396 656 502 693 preter
537 664 642 694 grana,
672 653 823 684 videlicet-
851 654 863 693 j
896 652 1034 684 celdram
1073 663 1094 684 v
1123 653 1225 684 bollas
1253 654 1266 693 j
1299 653 1448 684 ferlotam

396 702 550 734 frumenti
566 703 598 744 xj
616 703 737 734 celdras
759 703 782 743 ij
808 702 929 733 firlotas
946 703 1033 733 ordei
1048 702 1126 743 xviij
1146 702 1266 733 celdras
1283 703 1326 743 xij
1346 702 1447 733 bollas

395 751 418 792 ij
444 752 575 783 ferlotas
600 763 774 784 avenarum
798 756 830 784 et
859 752 949 792 xxxij
975 752 1097 783 celdras
1124 752 1297 783 carbonum
1324 752 1448 783 debitas

396 801 434 832 de
452 801 536 832 dicto
553 802 697 833 termino.
742 802 784 832 Et
801 802 839 833 de
858 801 961 832 lxxxx
976 801 1008 832 fi.
1026 802 1057 842 vj
1074 806 1098 833 ἔ.
1115 802 1172 842 viij
1191 801 1219 833 d.
1237 812 1293 842 per
1308 801 1447 842 integras

394 851 501 882 firmas
523 851 676 892 quarterii
700 851 739 882 de
762 851 857 892 Edyn
881 851 920 882 de
943 851 1062 882 eisdem
1081 852 1236 882 comitatu
1253 855 1285 882 et
1300 852 1446 888 termino,

393 902 499 939 preter
522 910 627 940 grana,
643 900 801 937 videlicet,
818 900 850 940 xj
868 900 990 931 celdras
1013 900 1047 941 iij
1073 900 1174 931 bollas
1198 900 1352 931 frumenti
1375 901 1444 941 xiiij

395 949 516 981 celdras
540 960 615 980 cum
639 949 762 981 duabus
793 950 938 990 partibus
968 950 1086 981 furlote
1117 950 1204 981 ordei
1223 951 1235 990 j
1261 950 1401 981 celdram
1426 961 1447 981 x

395 998 496 1029 bonas
518 999 539 1039 ij
558 998 692 1030 furlotas
715 999 737 1039 ij
762 1009 874 1040 peccas
896 1009 1078 1030 avenarum.
1124 1000 1167 1031 Et
1183 999 1220 1031 de
1237 1000 1282 1040 iiij
1300 999 1333 1031 11,
1349 1000 1405 1040 viij
1423 1004 1447 1031 s.

394 1050 451 1090 viij
477 1050 506 1081 d.
532 1061 589 1091 per
611 1051 751 1092 integras
777 1051 884 1082 firmas
907 1051 1060 1092 quarterii
1084 1051 1122 1082 de
1153 1052 1252 1092 Largo
1283 1051 1322 1082 de
1352 1051 1446 1082 dictis

395 1100 550 1131 comitatu
581 1103 612 1131 et
643 1100 788 1138 termino,
810 1104 916 1141 preter
946 1111 1051 1142 grana,
1076 1100 1224 1132 videlicet
1255 1101 1298 1141 xij
1325 1101 1446 1132 celdras

395 1149 430 1190 iij
454 1149 556 1181 bollas
584 1150 596 1190 j
625 1149 776 1181 furlotam
808 1151 829 1190 ij
858 1160 969 1191 peccas
996 1150 1150 1181 frumenti
1175 1150 1231 1181 xix
1262 1150 1383 1182 celdras
1412 1150 1448 1181 ix

395 1199 497 1230 bollas
524 1199 558 1239 iij
588 1199 721 1230 furlotas
744 1199 831 1230 ordei
854 1200 898 1240 vij
925 1199 1044 1231 oeldras
1068 1199 1124 1240 viij
1149 1199 1250 1231 bollas
1274 1209 1448 1231 avenarum

396 1252 428 1280 et
451 1249 472 1289 ij
498 1248 599 1279 bollas
623 1248 740 1280 farrine
767 1249 940 1287 avenatice‚
963 1249 1086 1280 debitas
1117 1248 1156 1280 de
1186 1249 1271 1280 dicto
1302 1249 1447 1281 termino.

396 1299 439 1330 Et
469 1299 507 1330 de
533 1298 603 1339 lxiij
631 1299 664 1331 Ti.
689 1299 724 1339 iij
751 1303 773 1331 s.
798 1299 833 1330 ix
857 1298 887 1331 d.
914 1309 971 1339 per
997 1298 1137 1340 integras
1164 1299 1270 1330 firmas
1294 1299 1447 1340 quarterii

396 1348 435 1380 dc
459 1349 615 1380 Lundoris
639 1349 678 1379 de
702 1349 787 1380 dicto
810 1349 956 1385 termino,
977 1352 1083 1389 preter
1104 1359 1211 1389 grana,
1228 1348 1377 1380 videlicet
1399 1349 1446 1389 iiij

395 1397 516 1428 celdras
543 1398 589 1438 iiij
618 1398 718 1429 bollas
742 1408 923 1435 avenarum,
947 1398 1070 1429 debitas
1095 1399 1134 1429 de
1159 1398 1270 1430 eodem
1300 1399 1446 1430 termino.

396 1446 498 1489 [Suom
517 1448 612 1479 ‚9225
626 1448 692 1478 133.
737 1448 794 1478 Do*
813 1448 888 1479 with
904 1458 1037 1484 arrectos,
1053 1448 1151 1478 „3232
1166 1448 1208 1478 83.
1225 1446 1301 1489 Sssqd.

437 1496 611 1535 Diselzaoye.
653 1495 695 1526 To
721 1496 928 1527 Dominieans
949 1497 986 1536 of
1006 1496 1121 1536 Cupcm
1136 1497 1191 1528 ,EQ
1214 1497 1278 1528 103.
1291 1508 1304 1534 ,·
1329 1497 1444 1537 Bislzop

393 1545 433 1586 of
443 1545 598 1581 Dunlceld,
613 1545 665 1576 ΕΙ
684 1546 724 1576 68.
748 1545 798 1575 Sd.
811 1555 824 1582 ;
847 1545 1028 1576 Alexander
1049 1546 1190 1586 Ramsay
1215 1546 1252 1586 of
1271 1546 1445 1583 Brekmont,

394 1596 435 1626 63.
453 1595 503 1626 Sd.
517 1606 529 1633 ;
553 1595 639 1625 laird
654 1595 691 1636 of
705 1595 947 1636 Mmqulcaomy,
963 1596 1017 1626 A?
1032 1595 1097 1627 15³s.
1112 1595 1164 1633 fid.
1176 1606 1189 1633 ;
1215 1596 1281 1626 ancl
1296 1595 1445 1636 chaplain

394 1645 431 1685 of
451 1644 579 1684 Collessy
602 1648 636 1674 at
657 1645 731 1681 risle,
754 1645 809 1676 A?
833 1645 874 1676 63.
890 1645 940 1676 &a
954 1655 966 1682 ;
991 1655 1026 1675 as
1043 1644 1178 1685 221962]
1231 1644 1274 1675 Et
1296 1645 1444 1685 episcopo

397 1694 633 1731 Sanotiandree,
648 1704 705 1734 pro
722 1704 800 1725 cana
816 1693 855 1725 de
872 1694 978 1735 Cupro
994 1693 1055 1724 sibi
1072 1696 1103 1724 et
1118 1693 1250 1725 ecclesie
1266 1704 1321 1725 sue
1337 1693 1445 1725 debita

395 1743 435 1774 ab
460 1743 592 1784 antiquo
617 1743 792 1780 annuatim,
809 1743 841 1774 in
865 1743 1002 1775 termino
1026 1742 1136 1773 Sancti
1158 1742 1294 1773 Martini
1316 1745 1445 1774 tantum

399 1791 560 1829 solvenda,
575 1795 613 1823 ut
636 1796 725 1834 patet
740 1792 775 1823 in
797 1792 910 1824 rotulis
927 1792 1077 1833 antiquis,
1094 1791 1153 1823 sub
1169 1791 1279 1823 eodem
1294 1791 1444 1833 periculo,

392 1841 438 1882 iiij
456 1841 487 1872 ii.
506 1841 538 1871 ix
556 1845 578 1872 ἓ.
627 1841 670 1872 Et
685 1841 827 1882 Georgeo
843 1841 882 1872 de
909 1841 1147 1882 Bannachtyne
1163 1851 1220 1882 pro
1243 1841 1444 1882 reparacione

393 1897 425 1924 et
440 1893 676 1924 sustentacione
699 1903 792 1934 parce
808 1893 847 1924 de
863 1892 1026 1924 Faucland
1042 1892 1081 1924 (16
1097 1892 1182 1924 dicto
1198 1893 1343 1930 termino,
1359 1903 1403 1923 xx
1419 1897 1442 1924 s.

392 1943 435 1973 Et
457 1943 478 1973 J
482 1942 599 1973 ohanni
616 1943 656 1974 de
672 1942 811 1980 Balsour,
827 1942 1060 1974 constabulario
1080 1942 1175 1974 castri
1191 1942 1230 1973 de
1252 1942 1443 1979 Fauclande,

392 2002 449 2032 pro
480 1991 625 2024 custodia
661 1992 739 2023 dicti
770 1991 864 2023 castri
901 1991 940 2022 de
972 1991 1056 2023 dicto
1083 1992 1228 2029 termino,
1250 1992 1285 2023 ix
1314 1992 1346 2023 fi.
1400 1992 1443 2023 Et

392 2041 558 2072 WVillelmo
598 2041 739 2073 Dravare
791 2051 849 2082 pro
902 2041 1104 2082 reparacione
1154 2041 1353 2082 aqueductus
1398 2041 1438 2072 ad

394 2091 500 2122 locum
533 2090 571 2122 de
610 2091 773 2122 Faucland
797 2091 836 2122 de
872 2090 957 2122 dicto
990 2090 1136 2128 termino,
1165 2101 1187 2121 v
1209 2095 1232 2122 Ξ.
1255 2091 1288 2132 vj
1312 2090 1341 2122 d.
1398 2091 1441 2122 Et

394 2143 531 2181 quatuor
569 2140 723 2181 serjandis
764 2140 1005 2173 vicecomitatus
1041 2140 1080 2173 de
1115 2141 1214 2182 Fyffe,
1245 2151 1302 2183 pro
1339 2141 1440 2172 feodis
