1551 2462
449 283 511 311 558
761 280 927 313 ROTULI
950 279 1187 314 SCACOARII
1407 283 1496 313 1468.

447 374 550 406 dictas
567 374 676 406 decem
692 374 791 406 libras
806 374 846 406 de
861 374 994 415 prefatis
1008 373 1180 416 grassumis
1195 373 1235 406 de
1250 373 1442 411 Gmiauch,
1455 383 1511 407 ex

447 434 484 455 eo
507 424 593 465 quod
618 428 809 465 computans
832 424 990 465 obligatur
1012 424 1158 455 edificare
1180 427 1213 455 et
1234 427 1418 455 construere
1438 432 1498 456 sex-

446 474 630 506 molendina
659 474 744 506 infra
774 474 896 505 dictum
927 474 1115 505 comitatum
1141 474 1181 505 de
1211 473 1402 511 Garviauch,
1432 483 1509 515 qne

233 551 379 574 Onerabitur
446 534 511 554 non
530 527 678 564 poterant
701 523 844 555 construi
866 524 951 554 infra
974 523 1097 554 dictum
1119 523 1271 564 precium,
1286 523 1358 554 ideo
1380 523 1408 554 si
1429 532 1510 563 ιιοιι·Δ

231 584 373 610 computans
447 576 610 603 construat
625 573 711 603 dicta
733 572 917 604 molendina
939 573 1124 604 onerabitur
1147 582 1221 603 cum
1243 572 1382 603 sedecim
1403 571 1498 604 libris-

231 617 288 633 ⁰²²³¹¹
299 618 354 640 ‘¹¹¹⁰'
445 622 481 653 in
495 623 640 664 proximo
657 626 805 664 computo
823 633 888 654 suo.
935 623 1068 653 Summa
1089 622 1187 663 hujus
1209 622 1322 659 oneris,
1345 621 1447 653 xxxix
1460 621 1495 654 11.

446 683 468 703 x
494 677 518 704 5.
564 672 698 704 Summa
734 672 842 704 totalis
875 672 1071 704 oneracionis
1105 675 1212 713 preter
1242 671 1408 713 arreragia,
1438 670 1502 713 vij

447 722 547 762 xxxvj
570 721 602 752 Ῐῗ.
636 722 680 762 xij
705 726 729 753 ὲ.
760 732 781 752 ν
803 721 833 752 d.
879 722 1012 753 Summa
1041 722 1151 753 totalis
1187 721 1384 753 oneracionis
1420 730 1495 753 cum

446 771 620 812 arreragiis,
642 769 816 812 viijcxxxiij
840 771 871 802 li.
896 772 930 802 ix
954 776 976 803 5.
1001 772 1035 812 iij
1059 771 1089 803 d.
1113 771 1158 812 xij
1183 770 1378 802 columbaria
1397 772 1411 812 j
1437 771 1498 812 par

446 820 677 852 cirothecarum
692 821 714 860 ij
731 820 797 852 albi
812 820 932 852 meruli.
1495 814 1498 818 Δ

490 870 639 911 Expense
661 870 812 911 ejusdem.
858 870 898 901 In
922 869 1043 911 primis,
1066 869 1202 901 allocate
1224 869 1424 911 computanti
1448 883 1471 897 ι-

446 919 664 951 decidenciam
680 920 844 950 firmarum
860 919 994 951 dominii
1009 919 1048 951 de
1070 919 1220 951 Strathde
1235 919 1269 950 in
1286 919 1440 951 comitatu
1460 934 1465 947 ι

445 969 543 1006 Marr,
559 980 598 1001 ex
614 980 651 1000 eo
674 969 759 1010 quod
782 969 904 1000 reutale
923 969 1029 1000 solum
1045 969 1189 1000 continet
1210 969 1245 1000 in
1261 979 1294 1000 se
1310 968 1458 1009 octuagin
1468 984 1494 995 r·

444 1022 582 1059 quatuor
593 1018 690 1050 libras
705 1018 874 1049 tresdecim
890 1018 1008 1049 solidos
1024 1022 1056 1049 et
1073 1022 1144 1049 octo
1160 1017 1314 1055 denarios,
1327 1021 1360 1049 et
1371 1017 1468 1049 rotul
1542 1031 1544 1033 ·

444 1068 588 1099 continet
604 1072 735 1100 centum
750 1072 783 1099 et
794 1068 904 1099 decem
913 1067 1011 1099 libras
1021 1078 1077 1100 sex
1087 1067 1204 1100 solidos
1214 1071 1247 1099 et
1258 1071 1329 1099 octo
1341 1067 1413 1099 den
1441 1067 1462 1095 ἰ
1474 1082 1488 1095 z>

444 1121 483 1148 ut
498 1122 587 1158 patet
603 1118 637 1148 in
652 1118 774 1149 eisdem
789 1117 1025 1158 particulariter
1047 1118 1238 1149 examinatis
1254 1127 1350 1158 super
1365 1114 1490 1159 comptiv

445 1170 524 1204 tum,
540 1177 606 1198 xxv
629 1167 660 1198 Ῐῖ.
678 1167 734 1208 xiij
752 1171 774 1198 5.
821 1167 863 1198 Et
885 1167 998 1204 eidem,
1013 1177 1069 1208 per
1091 1167 1309 1198 decidenciam
1331 1167 1413 1198 firm
1446 1181 1495 1193 ·=·-·

443 1217 578 1248 dominii
601 1217 640 1249 dc
663 1217 838 1248 Strathdon
861 1217 939 1248 dicti
962 1217 1141 1255 comitatus,
1164 1227 1204 1248 ex
1234 1226 1271 1248 eo
1290 1216 1380 1258 quod
1433 1230 1469 1247 υι»

443 1270 562 1307 putans
577 1267 650 1307 plus
666 1271 817 1298 oneratur
839 1267 873 1298 in
895 1267 1000 1299 rotulo
1023 1267 1266 1308 quamrentale
1280 1267 1424 1299 continet
1447 1275 1488 1295 ιῖ

442 1317 576 1358 triginta
592 1321 656 1348 tres
671 1317 770 1348 libras
793 1317 968 1348 octodecim
992 1317 1109 1349 solidos
1132 1320 1166 1349 et
1187 1320 1326 1358 quatuor
1341 1317 1421 1349 dena
1440 1316 1448 1324 ”
1474 1327 1488 1343 Α

444 1370 481 1396 ut
498 1370 585 1407 patet
601 1366 634 1397 in
650 1366 778 1403 eisdem,
794 1366 896 1407 xxxiij
921 1366 953 1397 ri.
978 1367 1056 1408 xviij
1081 1370 1104 1398 5.
1121 1367 1168 1408 iiij
1192 1366 1223 1398 d.
1245 1367 1289 1397 Et
1310 1366 1423 1404 eidem,
1447 1381 1471 1393 ιε

443 1416 660 1447 decidenciam
676 1416 841 1447 firmarum
857 1416 897 1447 de
914 1416 1080 1447 Croomarr
1095 1416 1134 1447 de
1146 1416 1231 1447 dicto
1247 1426 1341 1453 anno,
1354 1419 1391 1448 ut
1405 1425 1446 1458 pa
1466 1430 1471 1443 ι
1486 1422 1488 1424 ’
1532 1440 1535 1441 ⁷

445 1465 481 1496 in
496 1465 606 1497 eodem
623 1466 740 1497 rentali
763 1466 801 1497 de
817 1466 903 1497 dicto
926 1476 1019 1503 anno,
1043 1467 1096 1507 xvj
1122 1466 1153 1497 Ῑῖἰ
1179 1466 1233 1507 xvj
1257 1470 1280 1497 ἔ.
1305 1466 1361 1507 viij
1377 1466 1408 1498 d.

445 1514 557 1552 eidem,
573 1519 703 1556 propter
717 1515 902 1546 vastitatem
919 1519 1075 1546 terrarum
1091 1515 1131 1546 de
1147 1515 1297 1546 Strathde
1309 1515 1348 1547 de
1358 1513 1450 1547 term*
1461 1530 1473 1544 ι,

443 1564 553 1595 Sancti
570 1564 705 1595 Martini
721 1563 806 1594 infra
821 1563 880 1595 hoc
896 1567 1091 1604 computum,
1107 1564 1139 1604 vj
1156 1563 1188 1595 fi.
1205 1563 1271 1604 xvij
1288 1567 1311 1595 5.
1328 1564 1360 1604 vj
1377 1563 1407 1595 d.
1463 1558 1477 1589 ἶ

444 1613 557 1650 eidem,
572 1618 702 1655 propter
717 1613 902 1644 vastitatem
920 1618 1077 1644 terrarum
1099 1612 1234 1644 dominii
1255 1613 1295 1644 de
1319 1612 1461 1645 Strathd-

443 1663 482 1695 de
499 1663 584 1694 dicto
607 1663 754 1700 termino,
777 1662 810 1703 iij
835 1662 866 1694 ii.
891 1663 948 1703 xiij
972 1673 994 1694 s.
1019 1662 1066 1703 iiij
1090 1662 1119 1693 d„
1165 1662 1208 1693 Et
1230 1662 1344 1700 eidem,
1365 1672 1387 1704 p
1409 1674 1467 1689 nv

444 1712 629 1743 vastitatem
645 1716 802 1742 terrarum
818 1712 852 1742 in
876 1711 1044 1743 Groomarr
1066 1711 1106 1743 de
1129 1711 1214 1743 dicto
1236 1712 1383 1749 termino,
1419 1711 1426 1719 ’
1467 1752 1469 1754 v

443 1761 465 1802 ij
482 1761 511 1792 d.
558 1762 600 1792 Et
617 1761 729 1798 eidem,
751 1765 884 1802 propter
905 1761 1090 1792 vastitatem
1113 1764 1269 1792 terrarum
1287 1761 1328 1792 de
1342 1760 1472 1793 earnm.

442 1811 526 1842 skist
541 1811 574 1842 in
591 1810 759 1842 Strathdee
776 1810 814 1841 de
830 1811 966 1842 termino
983 1810 1209 1842 Penthecostes
1232 1810 1317 1842 infra
1331 1810 1391 1842 hoc
1412 1824 1469 1847 nvn

442 1864 568 1901 putum,
594 1871 660 1891 xxv
687 1864 710 1891 ἓ.
756 1860 800 1891 Et
824 1859 937 1897 eidem,
963 1869 1019 1901 per
1049 1859 1298 1891 defalcaeionem
1327 1859 1348 1891 fi
1375 1874 1408 1887 u:
1431 1874 1467 1904 ‘ug
1526 1873 1534 1901 2,

442 1916 524 1942 terre
539 1910 580 1942 de
601 1910 780 1941 Westoune
795 1909 830 1940 in
853 1909 1027 1946 Croomarr,
1043 1919 1082 1940 ex
1105 1919 1142 1940 eo
1165 1909 1251 1950 quod
1272 1908 1394 1940 rentale
1420 1922 1451 1935 1
1514 1907 1534 1950 'j-

442 1962 527 1993 tinet
557 1962 667 1993 decem
693 1961 792 1993 libras
823 1964 856 1992 et
881 1960 996 1992 deinde
1021 1960 1181 1992 falcantur
1209 1960 1326 2002 viginti
1347 1959 1463 2002 quinq
1520 1980 1532 2009 A

442 2011 546 2048 solidi,
572 2021 615 2042 xx
646 2015 669 2042 ἐ.
717 2011 759 2041 Et
791 2010 957 2041 Fratribus
981 2009 1097 2041 Sancte
1122 2009 1290 2041 Trinitatis
1319 2009 1358 2041 de
1396 2022 1404 2035 -·
1426 2015 1467 2044 ⁸²11-
1516 2014 1534 2042 2'

441 2060 531 2098 dene,
548 2060 798 2102 percipientibus
826 2059 993 2090 annuatim
1017 2058 1127 2090 decem
1153 2069 1275 2090 marcas
1297 2057 1397 2090 annui
1526 2074 1532 2105 5

441 2110 528 2141 ditus
543 2109 583 2141 de
606 2110 785 2141 Westoune
809 2109 843 2139 in
859 2108 1034 2145 Croomarr,
1050 2108 1089 2139 de
1104 2108 1199 2139 dictis
1214 2107 1358 2139 terminis
1372 2109 1406 2138 et
1430 2111 1463 2152 ²¹}
1523 2115 1524 2118 ’

442 2159 584 2200 periculo
600 2158 827 2199 computantis,
842 2158 875 2198 vj
891 2157 923 2188 fi.
940 2157 997 2198 xiij
1022 2161 1044 2189 ᾗ
1066 2157 1114 2198 iiij
1136 2157 1167 2188 d.
1212 2157 1254 2188 Et
1268 2167 1326 2198 pro
1344 2170 1373 2183 :¹-
1399 2170 1403 2181 .
1422 2161 1463 2181 12³

443 2209 574 2240 decimis
605 2207 740 2239 dominii
771 2207 809 2238 de
849 2206 942 2238 Coull
980 2210 1014 2238 et
1051 2205 1158 2238 Oneill
1196 2205 1312 2238 debitis
1340 2205 1401 2246 epi
1414 2218 1461 2243 ww,
1508 2203 1529 2223 '¹'
