1551 2462
346 216 408 245 568
657 212 821 244 RorULI
845 211 1081 244 SCACCARII
1144 200 1150 203 “
1301 213 1392 242 1468.
1446 204 1489 250 ,ἢ

387 307 535 347 Expense
559 305 708 346 ejusdem.
755 305 796 336 In
819 305 939 346 primis,
961 304 1095 336 allocatc
1118 303 1318 345 computanti
1334 313 1392 344 pro

343 355 588 397 superexpensis
599 355 666 386 suis
684 354 774 385 factis
787 354 822 385 in
833 354 948 386 ultimo
960 358 1109 395 computo
1121 364 1187 391 suo,
1202 358 1239 385 ut
1254 358 1344 394 patet
1357 353 1394 384 in
1463 347 1465 349 ’

343 405 424 445 pede
440 404 592 445 ejusdem,
605 402 686 444 jexvj
705 404 737 435 Ti.
761 403 830 444 xiiij
848 407 871 434 ἒ.
917 403 963 434 Et
984 413 1041 444 per
1061 403 1257 435 solucionem
1271 403 1392 434 factam
1439 426 1443 427 γ
1462 402 1466 406 ’

344 454 473 485 domino
499 454 647 495 episcopo
678 453 904 484 Sanctiandree
930 463 988 494 pro
1015 463 1095 484 cana
1124 452 1164 483 de
1195 450 1301 493 Cupro
1329 451 1393 484 sibi
1459 480 1471 486 „

343 504 452 535 debita
461 504 501 535 ab
513 504 656 544 antiquo,
668 507 706 533 ut
717 507 806 543 patet
821 503 857 533 in
871 502 984 533 rotulis
996 501 1148 542 antiquis,
1160 501 1198 532 de
1210 511 1296 532 anno
1307 511 1392 533 com-
1441 541 1446 543 Δ

343 553 425 594 puti,
443 553 489 594 iiij
514 552 546 583 11
563 553 597 583 ix
620 556 642 583 ἐ.
688 552 731 583 Et
753 552 918 583 Fratribus
941 551 1197 582 Predicatoribus
1219 551 1259 582 de
1275 550 1391 592 Cupra,
1464 551 1470 554 ’

343 602 594 644 percipientibus
617 601 657 633 ad
680 612 795 632 manus
816 601 960 643 proprias
983 601 1022 632 de
1045 601 1139 632 terris
1158 600 1197 632 de
1213 600 1408 632 Rothulute

344 653 383 683 de
409 652 495 683 dicto
521 662 615 689 auno,
640 661 660 682 v
685 651 729 682 iij
765 651 808 682 Et
831 650 960 682 domino
986 650 1134 691 episcopo
1157 649 1392 688 Dunkeldensss

343 702 533 743 percipienti
549 701 717 732 annuatim
731 703 869 741 quatuor
891 710 1013 731 marcas
1034 700 1134 731 annui
1149 699 1294 731 redditus
1309 702 1393 731 terre
1438 700 1442 703 “
1457 694 1472 735 5³

344 752 383 782 de
409 751 610 792 Urquharde,
634 750 673 781 (18
699 750 823 791 prefato
845 759 930 780 anno
952 752 986 781 et
1008 750 1069 780 sub
1095 749 1246 790 periculo·
1261 759 1391 790 compa·
1424 771 1430 776 -

344 801 453 838 tantis,
468 801 515 841 liij
532 805 556 831 ἓ.
572 800 618 840 iiij
636 800 666 831 d.
711 800 754 830 Et
769 799 954 830 Alexandro
969 799 1110 839 Ramsay
1124 798 1164 829 (18
1180 798 1390 835 Βηὶῐιιιοηώ,

344 850 534 891 percipienti
562 849 731 880 annuatim
753 858 854 879 unam
879 858 1019 879 marcam
1042 848 1142 879 annui
1167 847 1311 879 redditus
1333 858 1391 889 pro
1455 878 1459 880 .

345 899 529 939 aqueductu
543 899 584 929 ad
600 897 820 929 molendinum
843 897 882 928 de
905 896 1133 932 Thomastoun‚
1149 897 1188 928 de
1206 897 1291 928 dicto
1306 908 1391 928 anuo

345 952 377 979 et
392 948 452 979 sub
467 948 578 979 eodem
594 946 745 988 periculo,
759 946 817 987 xiij
835 951 859 977 ἓ.
882 946 929 986 iiij
950 945 979 976 d.
1025 946 1068 976 Et
1083 946 1225 987 Georgeo
1240 946 1391 978 Balfoure

344 997 384 1028 de
406 996 633 1037 Munquhany,
648 996 839 1037 percipienti
861 995 1029 1026 annuatim
1052 999 1123 1026 octo
1145 1005 1267 1026 marcas
1289 996 1391 1026 annui
1456 992 1458 994 ’

344 1046 488 1077 redditus
518 1050 600 1077 terre
631 1046 670 1077 de
699 1045 890 1086 Isstirfemy‚
916 1045 955 1076 de
985 1055 1069 1076 anno
1099 1045 1243 1085 computi
1272 1049 1305 1076 et
1330 1046 1400 1082 suh

345 1096 486 1136 periculo
516 1095 742 1137 computantis,
771 1106 793 1126 v
822 1095 855 1127 fi.
885 1095 917 1136 vj
949 1099 972 1126 Ξ,
1002 1095 1059 1136 viij
1091 1095 1122 1127 d.
1177 1095 1221 1126 Et
1250 1095 1392 1138 Georgeo

345 1145 587 1186 Bannochtyne,
602 1155 659 1185 pro
685 1144 887 1185 reparacione
914 1148 947 1175 et
971 1144 1208 1176 sustentacione
1232 1155 1326 1186 parce
1351 1145 1392 1177 de

345 1194 515 1225 Faukiand
530 1194 570 1225 de
591 1194 677 1225 dicto
693 1204 777 1225 anno
793 1198 825 1225 et
848 1194 908 1225 sub
931 1193 1043 1225 eodem
1065 1194 1214 1234 periculo,
1230 1194 1265 1225 xl
1280 1199 1303 1225 ἔ.
1348 1195 1392 1226 Et

345 1243 483 1274 Roberto
498 1243 656 1280 Huntare,
673 1242 825 1274 hostiario
843 1253 966 1274 camere
981 1243 1103 1274 domini
1118 1243 1208 1284 regis,
1223 1254 1281 1284 pro
1298 1244 1391 1276 feodo

345 1304 402 1324 suo
418 1293 457 1324 de
473 1293 572 1324 firmis
594 1297 752 1324 terrarum
773 1293 812 1324 (18
835 1292 997 1330 ΒαΙΙςει-οε,
1019 1292 1224 1330 Cameroune,
1247 1298 1280 1324 et
1294 1293 1394 1325 Baln-

344 1343 428 1380 kirk,
443 1343 483 1374 de
505 1353 590 1374 anno
605 1343 747 1383 computi
767 1345 801 1373 et
815 1342 875 1373 sub
898 1342 1010 1373 eodem
1031 1342 1181 1383 periculo,
1203 1342 1248 1384 xij
1271 1342 1304 1374 11³.
1349 1343 1393 1375 Et

345 1392 496 1424 Lansloto
511 1393 550 1424 de
566 1392 764 1432 Aberuethy,
779 1401 837 1433 pro
852 1391 944 1422 feodo
959 1401 1016 1422 suo
1032 1391 1071 1423 de
1095 1402 1179 1423 anno
1193 1393 1337 1434 computi
1352 1393 1392 1425 (18
1453 1418 1466 1425 ,

344 1442 444 1473 firmis
474 1446 630 1472 terrarum
661 1441 701 1472 de
730 1441 976 1478 Thomastoune,
1002 1441 1192 1482 percipienti
1221 1443 1390 1474 annuatim

345 1491 454 1522 decem
469 1491 576 1528 libras,
592 1491 632 1522 (18
647 1501 733 1521 anno
749 1490 891 1531 computi
907 1494 939 1521 et
953 1490 1014 1521 sub
1029 1490 1140 1522 eodem
1154 1491 1306 1532 periculo,
1321 1502 1344 1523 x
1357 1492 1390 1524 fi.

345 1541 386 1571 Et
401 1541 534 1582 Lyoune
548 1540 615 1581 regi
630 1550 798 1577 armorum,
810 1550 866 1580 pro
882 1539 1047 1571 feodo-suo
1062 1539 1102 1571 de
1117 1540 1218 1571 firmis
1233 1544 1391 1573 terrarum

345 1590 384 1621 (18
401 1590 536 1631 Culessy
550 1590 590 1621 de
612 1600 696 1621 anno
719 1589 870 1630 computi,
893 1588 963 1629 xiiij
986 1588 1018 1620 ii.
1063 1589 1107 1620 Et
1128 1589 1293 1630 capellano
1309 1591 1390 1623 celc-

345 1640 453 1671 branti
467 1639 508 1670 ad
530 1639 631 1671 altare
655 1639 765 1671 Sancti
787 1639 956 1670 Laurencii
977 1638 1012 1670 in
1034 1635 1167 1671 ecclesi‘a
1189 1639 1229 1671 de
1253 1639 1391 1682 Culessy
1457 1635 1467 1677 ”,

345 1700 385 1721 ex
409 1689 602 1721 fundacione
625 1693 861 1721 antecessorum
884 1688 1007 1720 domini
1028 1688 1121 1729 regis,
1135 1688 1174 1720 de
1197 1699 1282 1721 anuo
1303 1700 1389 1722 com·
1443 1692 1450 1696 ”

345 1740 417 1780 puti
438 1743 472 1771 et
487 1739 546 1770 sub
568 1739 711 1780 periculo
733 1739 958 1779 computantis,
980 1738 1012 1779 vj
1036 1737 1068 1768 u
1088 1738 1145 1779 xiij
1168 1742 1192 1770 ε
1208 1739 1255 1780 iiij
1271 1739 1301 1771 <t
1346 1740 1391 1772 Et.
1431 1732 1438 1736 “

344 1789 367 1820 J
368 1789 488 1820 ohanni
503 1789 730 1830 Scrimgeonre‚
745 1788 913 1828 clavigero,
927 1793 985 1828 pro
1000 1787 1092 1819 feodo
1106 1798 1164 1819 suo
1179 1788 1219 1820 de
1233 1789 1334 1821 firmis
1350 1790 1391 1822 (18
1446 1817 1452 1821 .

344 1839 375 1871 18
400 1839 506 1880 Myris
528 1838 568 1869 de
595 1837 855 1878 Ouchtermukty
877 1837 1067 1878 percipienti
1089 1838 1257 1870 annuatim
1279 1838 1390 1871 decem
1437 1842 1447 1848 ”

344 1898 474 1925 marcas,
489 1888 529 1919 de
544 1897 628 1918 anno
643 1887 795 1928 computi,
811 1887 842 1927 vj
865 1886 898 1918 Ῐί.
919 1887 975 1927 xiij
992 1891 1016 1918 ἔ.
1033 1887 1080 1927 iiij
1103 1886 1133 1918 d.
1178 1887 1221 1919 Et
1242 1887 1390 1921 ortulano

344 1937 384 1968 de
409 1936 587 1974 Faukland,
609 1936 800 1977 percipienti
825 1936 993 1967 annuatim
1019 1940 1156 1977 quatuor
1185 1946 1306 1969 marcas
1331 1948 1390 1979 pro

344 1986 437 2018 feodo
452 1996 519 2023 suo,
535 1986 574 2017 de
589 1996 673 2017 anno
696 1985 839 2026 computi
861 1989 894 2017 et
915 1985 976 2016 snb
998 1985 1108 2017 eodem
1131 1986 1281 2027 periculo,
1300 1986 1389 2028 11in
1455 1988 1457 1992 “

343 2036 390 2077 iiij
407 2035 436 2067 d„
481 2036 525 2067 Et
540 2035 652 2072 eidem,
666 2045 724 2076 pro
746 2034 934 2072 mutacione,
948 2035 1145 2072 induceione,
1167 2040 1200 2067 et
1215 2036 1390 2073 falcacione
1456 2035 1459 2037 ’

343 2085 410 2116 feni
426 2088 590 2126 pratorum
605 2084 645 2116 de
660 2084 829 2115 Faukland
844 2088 877 2116 et
893 2084 1152 2126 Onchtermukty
1167 2085 1207 2116 de
1222 2096 1307 2118 anno
1319 2097 1390 2128 pm-

343 2134 476 2166 cedente
492 2134 552 2165 hoc
574 2138 770 2175 computum,
785 2137 880 2175 prout
895 2137 1102 2166 consueverat
1124 2134 1203 2166 alias
1217 2137 1398 2178 perciperes
1417 2141 1421 2145 ’
1448 2130 1453 2133 s
