1551 2462
163 1281 227 1304 Nota
237 1288 302 1303 man-

163 1311 253 1334 (latum.

166 1503 278 1534 Marte.

367 268 405 298 27
411 268 428 296 4
678 265 841 297 ROTULI
865 263 1101 297 SGAOCARII
1335 267 1425 296 1464.

367 357 527 389 consimili
549 358 664 399 gracia,
689 357 735 399 iiij
759 357 791 389 11¹.
852 358 894 389 Et
909 357 1089 399 granitario,
1104 367 1162 398 pro
1185 356 1277 388 feodo
1301 367 1358 388 suo
1381 356 1421 388 de

368 408 462 438 dictis
478 408 579 442 annis,
595 408 641 448 iiij
658 408 691 439 11'.
737 408 778 439 Et
794 408 917 439 duobus
933 408 1085 448 vigilibus
1098 407 1193 438 castri
1209 407 1247 438 de
1261 408 1353 445 Bute,
1364 417 1424 448 pro

368 457 469 488 feodis
492 457 558 488 suis
582 457 620 488 de
644 457 738 488 dictis
762 457 862 494 annis,
893 458 969 498 xxvj
995 461 1018 488 s.
1043 457 1098 497 viij
1130 456 1159 489 d.
1205 457 1248 487 Et
1277 457 1425 488 Johanni

368 506 526 543 Huntare,
537 516 594 547 pro
610 506 754 537 custodia
765 506 933 537 damarum
948 507 987 538 de
1003 506 1244 547 Litilcumbray,
1256 516 1313 547 pro
1329 506 1424 537 feodo

371 566 428 587 suo
445 556 483 587 de
500 556 594 587 dictis
611 556 712 593 annis,
728 555 762 586 xl
778 560 803 587 Ξ.
848 557 890 587 Et
906 567 962 597 pro
978 556 1095 597 viginti
1111 555 1225 587 celdris
1247 566 1423 586 avenarum

369 605 485 637 debitis
502 615 558 646 per
573 605 757 636 husbandos
777 605 815 636 de
839 606 922 636 Bute
946 605 985 637 de
1008 606 1102 637 dictis
1125 605 1250 636 duobus
1273 605 1374 643 annis,
1393 609 1426 636 et

370 655 514 686 liberatis
527 655 669 696 janitori,
684 655 865 695 granitario,
881 654 1040 697 vigilibus,
1057 659 1089 687 et
1109 655 1233 686 custodi
1256 655 1425 686 damarum

371 705 571 745 supradietis,
588 705 628 736 ad
645 715 755 735 eorum
771 708 909 745 pastum,
932 715 988 745 pro
1012 715 1149 746 quarum
1172 705 1316 746 qualibet
1339 704 1428 736 bolla

372 755 551 786 allocantur
566 754 743 785 husbandis
760 754 951 795 supradictis
975 754 1141 785 duodecim
1166 754 1297 792 denarii,
1320 754 1375 795 xvj
1394 753 1428 786 ri.

371 804 414 835 Et
436 814 493 844 pro
517 803 730 844 quadraginta
754 807 827 834 octo
850 804 962 835 martis
985 803 1079 834 dictis
1101 803 1298 835 malemartis
1321 803 1429 834 insule

373 853 413 884 de
439 854 533 890 Bute,
556 863 693 894 quarum
717 853 880 884 intrantur
906 853 940 883 in
966 853 1057 884 libris
1081 853 1236 884 domicilii
1259 853 1298 884 de
1321 854 1428 894 primo

373 913 457 934 anno
487 902 584 943 hujus
615 902 759 943 computi
789 902 907 943 viginti
938 913 994 933 sex
1022 905 1133 939 marte,
1161 906 1193 933 et
1218 903 1335 944 viginti
1367 902 1430 933 due

373 955 494 983 restant
524 952 559 982 in
589 951 732 989 Torwod,
762 961 819 992 pro
853 951 970 992 quibus
1007 952 1212 992 respondebit
1247 952 1430 984 Malcomus

373 1002 539 1032 Forestare
570 1001 609 1032 de
647 1001 790 1038 Torwod,
820 1011 877 1041 pro
909 1011 1045 1041 quarum
1075 1002 1220 1042 qualibet
1249 1002 1430 1033 allocantur

373 1050 549 1082 husbandis
573 1050 716 1091 quinque
740 1050 844 1087 solidi,
868 1051 911 1091 xij
936 1050 968 1082 fi.
1014 1051 1056 1082 Et
1080 1051 1250 1082 camerario
1274 1051 1313 1082 de
1336 1051 1430 1089 Bute,

374 1110 430 1142 pro
448 1099 539 1131 feodo
563 1110 620 1131 suo
644 1100 682 1131 de
715 1100 810 1131 dictis
841 1100 943 1137 annis,
967 1111 988 1131 x
1010 1100 1053 1138 112,
1076 1104 1108 1132 et
1131 1101 1304 1132 mandatur
1326 1100 1431 1131 eidem

378 1150 467 1191 quod
489 1160 557 1180 non
595 1149 700 1180 solvat
731 1149 826 1180 dictis
863 1150 985 1181 Jacobo
1016 1150 1161 1187 Stewart,
1184 1150 1430 1188 constabulario,

371 1199 513 1241 janitori,
558 1199 719 1240 vigilibus
757 1199 941 1240 grauitario,
986 1199 1111 1230 custodi
1155 1200 1330 1236 damarum,
1374 1203 1432 1231 aut,

376 1249 438 1281 sibi
475 1249 546 1290 ipsi,
576 1249 639 1280 nisi
669 1249 806 1289 desuper
836 1248 953 1280 habeat
986 1259 1106 1280 novum
1143 1247 1331 1281 mandatum
1370 1250 1430 1281 sub

375 1299 478 1331 literis
523 1299 612 1340 regis.
673 1299 717 1330 Et
755 1308 811 1339 pro
846 1298 1022 1339 agitacione
1057 1299 1216 1330 dictarum
1253 1303 1429 1330 martarum

378 1359 435 1390 per
465 1348 592 1379 eosdem
615 1348 804 1388 annos‚xxvj
829 1352 852 1379 s.
876 1348 932 1389 viij
958 1348 987 1379 d.
1033 1348 1165 1379 Summa
1195 1358 1417 1389 expensarum,

376 1397 515 1438 ij⁰lxxxij
538 1397 570 1429 fi.
597 1408 618 1428 x
634 1402 658 1429 s.
682 1398 714 1438 vj
732 1397 754 1428 d
808 1397 852 1428 Et
874 1397 920 1428 sic
941 1400 1064 1429 restant
1086 1397 1178 1439 ij⁰vijj
1195 1398 1226 1429 fi.
1244 1399 1278 1439 iij
1303 1403 1326 1430 s.
1343 1399 1377 1429 ix
1392 1398 1432 1437 d„

375 1451 482 1488 preter
497 1457 602 1488 grana.

422 1497 516 1534 Item,
532 1496 617 1527 idem
634 1498 745 1527 onerat
762 1505 795 1526 se
822 1495 861 1527 de
885 1496 977 1536 xxiiij
996 1496 1107 1527 martis
1123 1496 1216 1528 dictis
1239 1497 1436 1529 malemartis

379 1556 437 1587 per
453 1546 612 1586 arreragia
628 1545 735 1576 ultimi
753 1545 895 1585 computi
913 1546 972 1582 sui,
987 1549 1024 1576 ut
1039 1549 1129 1586 patet
1144 1546 1178 1576 in
1190 1546 1270 1586 pede
1282 1547 1435 1587 ejusdem,

380 1605 442 1636 que
459 1598 538 1627 sunt
558 1598 760 1626 remanentes
779 1594 884 1625 insule
908 1594 948 1625 de
969 1594 1086 1627 Arane.
1132 1595 1263 1627 Summa
1285 1597 1434 1637 arreragii

377 1648 475 1686 patet.

426 1694 521 1730 Item,
536 1693 623 1724 idem
640 1695 750 1724 onerat
773 1703 807 1724 se
831 1692 870 1723 de
885 1692 977 1733 lxxxj
995 1693 1106 1724 martis
1129 1693 1223 1725 dictis
1239 1694 1435 1727 malemartis

378 1743 484 1775 insule
508 1743 546 1774 de
570 1743 655 1773 Bute
679 1742 717 1773 de
741 1741 867 1773 duobus
891 1743 1037 1773 terminis
1062 1743 1171 1774 Sancti
1194 1744 1329 1775 Martini
1352 1745 1436 1777 infra

379 1792 440 1823 hoc
478 1795 675 1833 computum,
712 1801 769 1832 pro
807 1802 944 1833 quarum
983 1792 1128 1833 qualibet
1166 1793 1324 1825 allocandi
1361 1798 1438 1825 sunt

379 1842 558 1873 husbandis
590 1842 625 1872 in
656 1841 722 1872 suis
746 1841 845 1872 firmis
875 1841 1017 1882 quinque
1041 1842 1143 1874 solidi.
1188 1843 1231 1874 Et
1259 1843 1299 1874 de
1322 1844 1436 1885 xxxiiij

380 1892 493 1923 martis
508 1891 613 1922 insule
629 1891 668 1922 de
685 1891 794 1922 Arane
807 1890 845 1921 de
860 1890 953 1922 dietis
966 1891 1089 1922 duobus
1105 1892 1258 1930 terminis,
1271 1893 1436 1925 allocando

380 1941 537 1972 similiter.
585 1941 717 1971 Summa
754 1939 863 1971 totalis
901 1941 1098 1972 oneracionis
1136 1946 1242 1982 preter
1280 1943 1438 1983 arreragia

378 1994 563 2027 mattarum,
579 1989 673 2021 v¹³xv
691 1993 801 2020 marte.
848 1989 983 2021 Summa
999 1990 1107 2022 totalis
1130 1991 1329 2023 oneracionis
1351 2002 1435 2023 mar-

378 2044 485 2071 tarum
501 2050 574 2071 cum
587 2039 759 2080 arreragiis,
772 2037 855 2080 j⁰xix
871 2043 980 2070 marte.

421 2089 576 2130 Ejusdem
593 2099 738 2130 expense.
786 2089 827 2119 In
850 2088 971 2129 primis,
994 2089 1127 2121 allocate
1152 2091 1357 2131 computanti
1379 2101 1436 2132 per

378 2139 603 2170 liberacionem
619 2139 737 2169 factam
753 2137 793 2169 ad
810 2148 964 2179 expensas
981 2138 1135 2170 domicilii
1151 2139 1271 2171 domini
1297 2141 1378 2182 regis
1402 2144 1434 2172 et

378 2189 495 2220 intrate
524 2189 557 2219 in
580 2188 670 2219 libris
694 2187 859 2225 domicilii,
882 2192 919 2218 ut
942 2192 1031 2229 patet
1053 2189 1088 2219 in
1110 2189 1197 2220 dieta
1220 2190 1327 2230 quarti
1349 2190 1433 2222 Julii
