1551 2462
102 252 191 280 1461.
411 249 572 280 REGUM
597 248 841 280 SCOTORUM.
1107 252 1146 280 59

99 343 214 374 factam
231 342 376 383 serjando
395 343 433 374 de
458 342 620 383 Strivelyn
644 353 700 383 pro
717 342 808 374 feodo
831 353 888 373 suo
905 342 943 373 de
960 353 1043 373 anno
1059 353 1145 374 com-

99 392 174 433 poti,
201 403 245 423 xx
275 397 298 424 s.
359 393 401 423 Et
425 403 481 433 per
512 393 746 434 reparacionem
777 403 974 424 camerarum
1001 392 1083 433 regis
1114 396 1147 423 et

99 442 213 483 regine,
244 442 315 473 aule
346 443 525 483 garderobe,
556 443 590 473 in
620 443 722 479 tectis,
754 443 873 483 tigulis,
899 443 993 479 calce,
1025 443 1147 479 sabulo,

98 491 265 532 stipendiis
284 491 497 523 laborancium
512 493 594 523 circa
611 492 729 523 dictam
745 492 981 533 reparacionem
993 493 1027 523 in
1043 496 1146 523 castro

99 541 138 572 de
154 541 324 582 Strivelyn,
341 545 378 572 ut
393 544 482 582 patet·
497 542 530 572 in
547 542 660 573 cedula
677 542 890 582 compotantis
911 542 1147 583 particulariter

99 591 280 621 examinata
303 601 398 631 super
420 594 603 632 compotum
627 595 659 622 et
682 591 741 622 sub
764 591 907 632 periculo
924 591 1146 632 compotantis,

99 640 169 680 xliij
194 645 216 672 ἔ.
273 641 316 671 Et
342 651 398 672 sex
421 641 572 682 vigilibus
600 645 632 673 et
662 642 717 672 uni
745 641 893 682 garitario
916 641 949 671 in
978 644 1080 672 castro
1107 642 1146 673 de

100 690 261 732 Strivelyn
277 701 334 731 pro
350 691 450 722 feodis
474 692 540 722 suis
564 691 603 722 de
619 701 702 722 anno
726 691 873 732 compoti,
886 691 1030 732 quolibet
1046 691 1146 732 perci-

99 740 206 781 piente
229 741 262 771 in
287 751 370 772 anno
394 741 507 782 viginti
532 741 658 778 solidos,
674 741 734 771 sub
756 741 897 781 periculo
924 741 1146 782 compotantis,

99 790 142 830 vij
159 789 191 820 ri.
237 791 279 821 Et
305 790 424 821 Thome
451 790 559 831 Laing,
584 790 765 831 placitatori
792 790 920 821 domine
946 791 1063 831 regine,
1090 801 1147 831 pro

53 864 56 866 v
100 839 191 870 feodo
207 850 264 870 suo
280 840 318 870 de
335 850 418 871 anno
443 840 589 880 compoti,
605 839 736 871 custode
759 840 876 881 privati
893 840 990 881 sigilli
1007 844 1146 872 testante

99 889 285 920 mandatum
309 900 403 930 super
426 894 609 930 compotum
632 893 663 921 et
687 891 745 921 sub
769 890 910 931 periculo
926 891 1148 931 compotantis,

98 949 120 969 v
145 938 177 970 fi.
222 939 264 970 Et
295 950 350 980 per
377 939 573 970 solucionem
600 939 715 970 factam
741 939 904 970 Willelmo
930 940 968 971 de
993 940 1148 977 Morav1a,

100 988 224 1019 custodi
240 989 334 1019 castri
350 989 388 1019 de
406 989 577 1029 Strivelyn,
594 999 650 1029 pro
673 989 818 1020 custodia
842 989 984 1030 ejusdem
1008 989 1047 1021 de
1063 1000 1147 1020 anno

99 1038 239 1079 compoti
254 1042 286 1069 et
301 1039 361 1069 sub
378 1039 487 1069 eodem
511 1039 660 1079 periculo,
684 1039 786 1079 xxxiij
811 1038 842 1069 l-i.
867 1039 898 1079 vj
916 1043 938 1070 ἓ.
957 1039 1059 1079 viij'd.
1105 1040 1148 1070 Et

98 1098 154 1128 pro
171 1087 343 1119 falcacione
359 1091 391 1119 et
405 1088 585 1119 lucracione
601 1088 667 1119 feni
690 1091 850 1128 pratorum
873 1088 913 1119 de
936 1088 1099 1129 Strivelyn
1117 1092 1149 1119 et

99 1138 186 1178 Logy
204 1137 241 1168 de
257 1148 340 1168 anno
360 1138 515 1178 compoti,v
529 1137 574 1178 iiij
599 1137 631 1168 fi.
677 1138 719 1168 Et
741 1147 797 1178 per
819 1138 1014 1169 solucionem
1031 1139 1148 1170 factam

100 1187 250 1228 magistro
296 1187 440 1218 Gilberto
485 1187 627 1227 Heryng,
672 1187 825 1218 advocato
867 1188 994 1219 domine
1031 1188 1147 1229 regine,
1184 1221 1186 1225 ,

101 1237 243 1268 venienti
267 1237 305 1268 de
333 1237 519 1277 Edinburgh
545 1247 656 1268 versus
683 1236 846 1268 Faucland
873 1247 929 1278 pro
960 1237 1078 1278 placito
1108 1238 1240 1288 (188011ήὶ
1269 1271 1294 1287 er

99 1287 203 1318 Soltre
226 1286 377 1317 vicesimo
403 1286 575 1323 Februarii,
599 1287 659 1317 sub
683 1286 768 1317 dicto
794 1286 944 1327 periculo,
971 1297 1014 1318 xv
1038 1291 1060 1318 ἒ.
1106 1287 1148 1318 Et
1162 1272 1297 1324 Lyndesgy.

100 1336 250 1377 magistro
262 1335 457 1366 Archibaldo
472 1335 644 1373 Quhitlaw,
657 1336 836 1366 transeunti
853 1346 961 1367 versus
979 1336 1146 1372 Sanctum-

100 1385 250 1416 audream
273 1395 329 1425 pro
360 1385 445 1415 dicto
468 1385 606 1425 negocio,
634 1384 673 1415 de
704 1385 854 1415 mandato
881 1385 1010 1416 domine
1033 1386 1148 1427 regine,

101 1445 120 1465 x
132 1439 156 1466 ἔ.
190 1435 233 1465 Et
244 1445 300 1475 pro
313 1434 464 1475 carriagio
477 1434 716 1475 quatuordecim
729 1444 871 1465 asserum
882 1435 1041 1466 dictorum
1051 1437 1148 1476 gestis

101 1484 227 1516 domine
242 1485 348 1525 regine
372 1485 412 1515 ad
435 1484 589 1515 fabricam
612 1483 649 1515 de
674 1484 926 1525 Ravynnyscrag
948 1485 988 1515 ab
1011 1495 1094 1526 aqua
1110 1486 1149 1516 (18

100 1534 186 1566 Alon
201 1545 310 1565 versus
326 1537 454 1574 portum
470 1534 508 1564 de
526 1533 707 1574 Striveling,
723 1544 762 1564 ex
785 1534 935 1564 mandato
959 1534 1102 1574 ejusdem
1118 1539 1150 1566 et

101 1585 161 1615 sub
184 1584 294 1616 eodem
317 1583 466 1624 periculo,
484 1583 526 1623 vij
544 1587 566 1614 s.
614 1583 656 1613 Et
671 1583 692 1614 J
696 1583 792 1614 acobo
809 1583 985 1621 Wilsoune,
1002 1585 1149 1616 ortulano

101 1635 140 1665 de
157 1634 328 1675 Strivelyn,
343 1644 399 1674 pro
412 1633 503 1664 feodo
515 1643 571 1664 suo
588 1632 627 1664 de
639 1633 775 1663 termino
793 1632 902 1664 Sancti
916 1634 1050 1665 Martini
1066 1635 1150 1665 infra

101 1684 161 1715 hoo
176 1687 368 1725 compotum,
381 1694 402 1714 x
418 1687 440 1714 s.
486 1683 528 1713 Et
538 1693 594 1723 per
606 1682 831 1713 liberacionem
842 1683 960 1714 factam
971 1684 1150 1725 Margarete

102 1735 140 1766 de
156 1734 306 1765 Balfoure
322 1734 362 1764 ad
378 1733 489 1764 coffras
505 1732 632 1764 domine
649 1732 763 1773 regine,
776 1732 814 1763 de
831 1732 982 1764 mandato
999 1733 1150 1774 ejusdem,

52 1778 57 1781 ’
102 1784 231 1815 custode
247 1783 364 1824 privati
380 1783 476 1824 sigilli
493 1786 631 1813 testante
652 1782 838 1813 mandatum
855 1793 949 1823 super
965 1786 1149 1824 compotum

101 1837 133 1865 et
156 1834 215 1865 sub
237 1833 379 1874 periculo
403 1832 623 1873 compotantis,
647 1831 681 1862 lx
704 1831 735 1862 li.
782 1832 823 1862 Et
846 1842 902 1872 per
924 1832 1150 1864 liberacionem

101 1883 218 1914 factam
235 1882 342 1913 David
359 1882 452 1922 Boys,
475 1882 626 1922 magistro
646 1881 764 1912 fabrice
781 1881 819 1912 de
837 1882 1094 1923 Ravynnyscrag,
1112 1882 1150 1913 de

103 1933 253 1964 mandato
276 1932 404 1969 domine
434 1932 550 1973 regine,
580 1931 711 1962 custode
742 1931 859 1971 privati
890 1932 987 1972 sigilli
1012 1935 1151 1962 testante

103 1982 288 2013 mandatum
316 1991 411 2021 super
441 1984 633 2021 compotum,
664 1981 731 2021 ipso
763 1980 862 2012 eciam
894 1981 1000 2011 David
1031 1982 1151 2012 fatente
1166 2010 1211 2032 Res
1231 2017 1244 2032 ο
1263 2011 1277 2033 d
1292 2011 1329 2034 h't

102 2035 274 2072 receptum,
291 2031 367 2071 xxvj
385 2030 416 2060 ΠΖ
434 2030 480 2071 iiij
498 2035 521 2061 ἓ.
546 2030 588 2071 vij
606 2030 635 2061 d.
660 2031 717 2067 0²5„
733 2041 789 2071 pro
806 2030 922 2071 quibus
939 2031 1150 2071 respondebit.
1165 2017 1325 2070 Da'viidnssgysl.

104 2081 145 2112 Et
160 2091 217 2122 per
239 2080 433 2111 solucionem
457 2080 575 2110 factam
598 2079 727 2110 domino
751 2079 891 2110 Henrico
915 2080 952 2111 de
976 2080 1152 2120 Kingorne,

104 2129 285 2166 senescallo,
310 2129 349 2160 ad
387 2139 542 2169 expensas
573 2128 727 2159 domicilii
765 2128 891 2159 domine
930 2129 1045 2169 regine,
1083 2128 1152 2168 ipso

104 2179 233 2211 domino
277 2178 416 2210 chrico
454 2178 575 2209 fatente
620 2181 783 2218 receptum
828 2188 922 2218 super
959 2181 1151 2219 compotum,
