1551 2462
124 195 216 224 1463.
436 186 598 223 REGUM
622 191 868 223 SCOTORUM.
1112 195 1170 223 193

122 294 295 316 avenarum
323 284 362 316 de
388 284 488 316 firmis
509 287 665 316 terrarum
692 284 731 315 de
752 284 915 325 Balbreky
938 284 1023 314 infra
1043 287 1171 325 tempus

123 334 269 375 compoti.
314 335 356 365 Et
376 334 415 366 de
438 334 473 375 iij
499 334 531 366 u.
562 334 600 365 de
627 334 730 374 prima
753 333 959 365 dimedietate
984 333 1023 364 de
1045 333 1172 364 Aldhill

122 393 195 414 cum
211 384 393 415 molendino
410 384 449 415 de
465 384 626 424 Balbreky
640 383 725 414 infra
741 386 869 424 tempus
885 383 1032 424 compoti.
1078 383 1121 414 Et
1133 383 1172 415 de

120 431 156 472 iij
180 432 212 464 fi.
235 432 275 464 de
293 433 356 464 alia
377 433 575 465 dimidietate
599 433 741 474 ejusdem
764 433 850 464 infra
872 435 999 473 tempus
1023 433 1169 473 compoti.

121 481 164 512 Et
181 481 220 513 de
243 482 277 524 iij
301 482 332 514 fi.
355 483 387 524 vj
409 487 433 514 ἔ.
457 483 513 524 viij
534 483 563 514 d.
584 483 622 514 (16
644 482 743 514 firmis
764 485 847 514 terre
871 482 910 514 de
934 482 1118 513 Ballinkirk
1134 482 1173 513 de

122 532 216 565 dictis
232 535 383 566 terminis.
429 535 472 566 Et
486 535 526 566 de
548 535 606 576 xiij
625 539 649 566 ἓ.
673 534 718 575 iiij
744 534 773 566 d.
797 534 836 565 de
852 534 952 565 firmis
968 534 1173 575 proprietatis

84 601 87 604 ·
122 583 229 624 regine
244 584 278 614 in
295 584 467 626 Ballingall
482 595 539 626 per
554 585 678 616 dictum
702 588 838 625 tempus.
883 584 926 615 Et
949 584 988 615 de
1006 584 1037 614 ix
1054 588 1076 615 ἓ.
1093 584 1125 624 vj
1144 583 1172 614 d.

123 632 161 663 de
171 643 276 664 annuo
293 634 418 665 redditu
431 635 514 666 dicte
527 634 605 665 ville
621 644 678 675 per
693 634 778 665 idem
796 636 932 674 tempus.
977 633 1020 664 Et
1036 633 1074 664 de
1091 633 1122 674 vj
1141 633 1174 664 fi.

121 681 178 722 xiij
195 686 217 714 ἔ.
234 682 280 723 iiij
298 683 326 715 d.
347 683 480 724 pecunie
500 684 522 725 ij
551 683 666 715 oeldris
684 683 697 724 j
715 683 801 714 bolla
813 683 825 724 j
843 683 959 714 ferlota
982 693 1055 714 eum
1073 683 1173 714 tercia

121 833 196 873 poti.
242 834 285 865 Et
311 834 350 865 de
373 845 419 875 111]
448 834 479 865 fi.
506 835 640 876 peounie
664 835 676 875 j
705 834 811 865 eeldra
836 834 882 875 iiij
913 834 1007 865 bonis
1032 833 1120 865 ordei
1149 833 1172 874 ij

123 882 236 913 celdris
275 883 331 924 viij
371 884 465 915 bollis
509 894 684 916 avenarum
722 883 761 914 de
798 883 900 914 firmis
939 885 1096 914 terrarum
1134 882 1175 913 de

125 931 357 964 Drumtenand.
403 933 446 964 Et
469 933 508 964 de
535 933 592 973 viij
617 933 651 964 H.
676 933 810 973 pecunie
833 933 845 973 j
875 932 982 964 celdra
1006 943 1027 963 v
1050 932 1144 963 bollis
1161 932 1173 972 j

124 980 237 1012 ferlota
252 982 406 1013 frumenti
419 983 431 1023 j
449 982 555 1014 oeldra
572 993 592 1013 x
608 982 703 1013 bonis
726 982 747 1022 ij
766 982 889 1013 ferlotis
906 981 994 1013 ordei
1009 982 1043 1022 iij
1061 981 1175 1012 celdris

126 1039 146 1059 v
162 1029 256 1061 bouis
271 1030 305 1071 iij
324 1031 446 1063 ferlotis
466 1032 488 1072 ij
513 1032 618 1072 peocis
641 1041 815 1063 avenarum
837 1031 877 1062 de
899 1031 1000 1061 firmis
1019 1033 1176 1061 terrarum

126 1078 165 1109 de
181 1079 336 1121 Fruquhy
350 1091 407 1122 per
422 1081 507 1112 idem
523 1085 658 1122 tempus.
705 1081 748 1112 Et
771 1080 809 1111 de
825 1080 872 1120 liij
891 1084 912 1114 ἓ.
930 1080 977 1120 iiij
995 1079 1023 1110 d.
1041 1080 1175 1120 pecunie

123 1127 136 1168 j
154 1128 259 1159 celdra
274 1139 317 1160 xv
329 1129 423 1161 bollis
439 1131 460 1171 ij
478 1130 601 1162 ferlotis
618 1140 691 1161 cum
708 1130 783 1161 bina
799 1133 889 1170 parte
905 1129 1017 1160 serlone
1033 1129 1120 1160 ordei
1136 1129 1175 1160 de

128 1178 310 1210 molendino
341 1180 484 1220 ejusdem
513 1180 552 1212 de
582 1180 677 1211 dietis
709 1180 863 1211 terminis.
909 1179 953 1211 Et
982 1179 1022 1210 de
1053 1179 1112 1219 viij
1142 1178 1174 1210 Ῐΐ.

127 1229 260 1268 pecunie
275 1229 296 1269 ij
315 1229 428 1260 celdris
452 1229 507 1270 viij
530 1229 623 1260 bollis
647 1229 734 1260 ordei
755 1240 777 1260 v
800 1229 914 1261 celdris
937 1238 1113 1259 avenarum
1136 1228 1176 1259 de

127 1276 226 1308 firmis
241 1278 279 1309 de
295 1278 326 1309 16
348 1279 502 1310 Neutoun
518 1279 557 1311 de
580 1279 746 1310 Faucland
768 1279 807 1310 de
830 1288 914 1309 anno
937 1277 1103 1318 compotis
1133 1278 1176 1308 Et

127 1326 165 1358 de
182 1338 225 1358 xx
240 1327 272 1359 fi.
299 1328 337 1360 de
360 1329 451 1360 firma
469 1329 547 1360 ville
568 1329 607 1360 (16
631 1329 794 1360 Faucland
819 1329 857 1360 de
880 1328 1002 1360 eisdem
1022 1328 1176 1359 terminis.

127 1377 170 1408 Et
184 1377 223 1408 de
239 1378 306 1418 xxij
323 1382 345 1409 ἔ.
362 1378 401 1410 (16
417 1379 516 1410 firmis
533 1379 630 1410 unius
647 1379 770 1410 fabrilis
790 1378 934 1420 ejusdem
950 1378 1026 1412 vine
1043 1378 1081 1410 de
1093 1378 1177 1409 dicto

127 1476 203 1507 ville
219 1476 258 1508 de
274 1477 438 1509 Faueland
454 1478 493 1509 de
509 1478 620 1510 eodem
636 1489 727 1509 anno.
774 1479 817 1509 Et
833 1478 872 1509 de
887 1478 899 1508 1
916 1482 937 1509 ἓ.
956 1478 995 1509 (16
1012 1478 1111 1508 firmis
1121 1488 1177 1509 sex

127 1526 320 1567 cotagiorum
345 1528 488 1568 ejusdem
513 1528 590 1559 ville
616 1528 654 1559 de
680 1528 845 1560 Faucland
870 1528 909 1559 de
934 1527 1028 1558 dictis
1053 1527 1177 1559 duobus

128 1576 280 1608 terminis.
325 1577 367 1608 Et
390 1578 429 1609 de
453 1577 498 1618 iiij
516 1577 549 1611 ῙῙΪ.
572 1578 611 1609 (16
635 1578 736 1609 firmis
760 1577 936 1611 molendini
952 1577 990 1608 de
1014 1576 1178 1607 Faueland

127 1625 166 1656 de
193 1635 275 1657 anno
306 1627 452 1668 compoti.
497 1627 540 1660 Et
566 1627 605 1658 de
631 1627 687 1668 viij
709 1627 741 1659 u.
767 1638 824 1668 per
846 1628 986 1668 integras
1009 1627 1115 1657 firmas
1139 1626 1179 1657 de

129 1674 242 1706 Balbla
257 1675 296 1707 (16
312 1676 423 1707 eodem
439 1687 530 1708 anno.
576 1677 619 1707 Et
634 1677 680 1708 ’(16
704 1677 794 1717 xxxij
819 1676 933 1708 celdris
950 1676 1122 1707 carbonum
1140 1676 1178 1707 de

128 1723 228 1756 firmis
238 1724 277 1756 (16
289 1726 462 1757 Neutoune
472 1726 511 1757 de
527 1726 701 1758 Markinch
714 1726 752 1758 de
765 1737 848 1757 anno
859 1726 1007 1767 compoti.
1045 1726 1177 1757 Summa

128 1774 261 1814 pecunie
292 1775 445 1817 quarterii
475 1775 514 1807 de
545 1775 718 1813 Faucland,
748 1776 867 1816 lxxxiij
898 1775 929 1806 H.
963 1775 1007 1816 xij
1040 1779 1062 1806 ἓ.
1094 1775 1116 1815 ij
1149 1774 1177 1805 d.

129 1822 259 1856 Summa
292 1824 446 1857 frumenti
483 1825 637 1866 ejusdem,
666 1825 678 1866 j
712 1825 818 1857 celdra
849 1835 870 1855 v
900 1824 985 1856 boile
1011 1825 1023 1864 j
1056 1824 1178 1855 ferlota.

129 1871 260 1904 Summa
275 1874 383 1905 totalis
400 1875 495 1912 ordei,
519 1875 550 1916 xj
569 1875 675 1907 celdre
698 1875 720 1916 ij
746 1875 865 1918 ferlote.
913 1874 1046 1905 Summa
1070 1873 1179 1904 totalis

128 1931 309 1960 avenarum,
325 1924 404 1964 xviij
422 1924 526 1956 celdre
543 1925 586 1965 xij
604 1924 688 1956 boHe
712 1925 733 1965 ij
755 1924 874 1956 ferlote.
922 1923 1054 1954 Summa
1070 1922 1179 1954 totalis

129 1972 303 2005 carbonum
320 1976 416 2013 patet.

172 2021 265 2059 Item,
281 2022 366 2053 idem
382 2026 493 2054 onerat
509 2033 542 2055 se
559 2023 598 2054 de
614 2024 691 2064 xxvj
710 2028 732 2054 ἓ.
757 2023 812 2064 viij
831 2023 860 2054 d.
882 2023 894 2062 j
920 2022 1026 2052 eeldra
1042 2032 1062 2051 x
1086 2020 1180 2052 bollis

130 2070 153 2111 ij
170 2070 293 2102 ferlotis
309 2071 330 2112 ij
349 2072 452 2112 peocis
469 2083 643 2104 avenarum
660 2073 699 2104 de
715 2073 814 2103 firmis
830 2076 914 2103 terre
931 2071 969 2102 (16
982 2070 1181 2101 Maristoune

130 2119 165 2150 in
181 2121 341 2160 quarterio
358 2121 396 2152 de
415 2121 509 2163 Edyn
533 2122 571 2154 de
595 2122 719 2154 duobus
744 2121 889 2153 terminis
913 2120 1009 2160 hujus
1032 2119 1179 2160 compoti.

174 2177 243 2201 VOL.
260 2178 314 2202 V11.
1029 2177 1051 2200 N
