1551 2462
372 242 433 270 280
679 237 844 271 ROTULI
868 239 1104 272 SCACCARH
1328 242 1416 271 1464.

368 331 494 362 cionem
510 331 580 363 albe
593 332 683 364 firme
694 343 751 374 per
765 333 917 364 saisinam
934 333 1041 364 datam
1058 333 1190 374 Hugoni
1205 333 1366 374 Kennedy
1379 333 1418 364 de

368 380 496 412 eisdem.
543 382 676 413 Summa
698 382 794 423 hujus
817 383 929 420 oneris,
951 382 1019 423 xiiij
1037 382 1068 414 fi.
1093 383 1150 423 viij
1174 386 1196 414 s.
1215 393 1235 413 x
1251 382 1280 414 d,
1298 382 1319 423 ij
1336 382 1418 414 libre

367 431 494 472 piperis.

412 480 506 517 Item,
515 480 601 512 idem
617 484 727 520 onerat
742 492 775 513 se
791 481 829 513 de
845 481 939 522 ij01xx
954 481 985 512 ti
1003 491 1059 522 per
1069 481 1174 512 exitus
1185 482 1280 513 unius
1292 481 1416 512 itineris

364 530 542 570 justiciarie
558 531 641 562 tenti
656 531 742 572 apud
760 532 946 568 Drumfreis,
963 535 1000 562 ut
1017 531 1153 572 patetsin
1170 534 1317 562 extractu
1331 531 1416 562 vice-

367 579 492 610 comitis
525 579 563 611 de
593 580 765 611 Drumfrez
795 581 995 622 computanti
1033 581 1153 611 directo
1187 580 1326 612 secundo
1365 580 1416 611 die

366 628 532 660 Februarii
548 639 632 660 anno
656 632 712 661 etc.
737 631 941 671 sexagesimo.
987 631 1030 661 Et
1053 630 1091 661 de
1114 629 1163 671 ijcl
1185 631 1217 661 li.
1238 641 1295 671 per
1311 630 1417 661 exitus

366 677 498 710 alterius
521 678 645 710 itineris
665 679 841 719 justiciarie
863 680 947 711 tenti
970 680 1098 717 ibidem,
1113 684 1150 711 ut
1172 684 1262 721 patet
1282 680 1316 710 in
1333 680 1416 710 altro

366 730 512 758 extractu
539 728 617 760 dicti
643 728 839 760 vicecomitis
870 730 971 760 eciam
1002 730 1202 770 computanti
1226 729 1345 761 directo
1376 729 1416 760 de

364 776 440 807 data
467 777 610 808 vicesimi
636 778 768 809 secundi
791 779 913 820 Aprilis
938 779 1082 820 ejusdem
1109 780 1186 810 anni
1216 779 1413 820 sexagesimi.

365 825 408 856 Et
432 825 470 857 de
494 837 561 857 xxx
584 827 615 857 fi.
634 827 673 858 de
698 828 952 860 amerciamentis
974 829 1073 860 trium
1096 839 1304 870 personarum
1331 829 1415 860 infra

364 874 497 906 bailiam
512 877 729 916 computantis
752 887 808 917 per
830 877 962 908 terciam
984 878 1191 909 indenturam
1214 879 1414 919 computanti

363 934 420 965 per
433 925 555 958 dictum
571 925 791 957 vicecomitem
810 926 970 960 directam.
1016 927 1059 958 Et
1075 927 1113 959 de
1129 938 1151 958 x
1165 927 1198 959 fi.
1215 927 1254 959 de
1264 928 1414 959 amercia-

364 977 473 1004 mento
500 974 622 1005 domini
649 974 688 1006 de
714 975 886 1016 Apilgarth
912 976 947 1007 in
978 980 1127 1017 computo
1152 976 1350 1008 vicecomitis
1375 977 1414 1008 de

363 1023 546 1055 Drumfreis
578 1024 655 1055 anni
684 1025 849 1065 presentis.
895 1025 939 1056 Et
969 1025 1008 1056 de
1038 1026 1093 1065 viij
1124 1026 1158 1058 fi„
1189 1026 1228 1057 de
1259 1026 1414 1058 eschaetis

364 1072 500 1105 duorum
517 1083 744 1114 suspensorum
760 1074 794 1104 in
810 1074 897 1105 curia
907 1075 1129 1116 computantis.
1177 1076 1309 1107 Summa
1318 1075 1414 1117 hujus

364 1122 477 1160 oneris,
523 1121 650 1154 v‘lxviii
679 1123 713 1155 li.
759 1124 891 1156 Summa
925 1125 1035 1156 totalis
1073 1126 1269 1157 oneracionis
1308 1130 1414 1167 preter

364 1172 528 1213 arreragia,
555 1171 661 1213 vij⁰lix
687 1172 718 1203 fi.
743 1173 777 1204 ix
797 1178 821 1205 s.
849 1174 872 1215 ij
897 1174 925 1205 d.
949 1174 971 1215 ij
998 1175 1080 1206 libre
1106 1176 1233 1216 piperis.
1281 1176 1414 1208 Summa

362 1221 473 1253 totalis
496 1222 692 1254 oneraciouis
715 1233 789 1254 cum
812 1224 988 1265 arreragiis,
1011 1223 1171 1266 ix⁰lxxxvj
1195 1225 1230 1256 fi.
1253 1226 1285 1267 vj
1303 1230 1327 1257 ἓ.
1345 1236 1366 1257 x
1383 1226 1412 1258 d.

363 1271 385 1311 ij
402 1271 482 1303 libre
499 1271 626 1313 piperis.

407 1321 450 1351 Et
472 1331 537 1352 non
561 1325 672 1353 onerat
694 1332 728 1353 se
751 1322 790 1353 de
813 1323 920 1365 warda
942 1326 1098 1355 terrarum
1122 1324 1161 1355 de
1180 1324 1364 1356 Driffisdale
1380 1327 1413 1356 et

363 1370 573 1407 Carrutheris‚
586 1370 661 1411 quia
674 1371 893 1403 conceduntur
908 1373 931 1404 J
933 1373 1052 1404 ohanni
1068 1373 1192 1405 Carlele
1209 1374 1247 1405 de
1263 1375 1411 1406 Tortbor-

361 1419 453 1456 wald,
469 1420 575 1456 militi,
598 1431 655 1461 pro
678 1423 745 1455 toto
767 1424 911 1462 tempore
933 1423 1048 1460 warde,
1070 1426 1107 1454 ut
1122 1426 1211 1464 patet
1231 1433 1288 1465 per
1302 1424 1410 1456 literas

362 1469 484 1500 domini
499 1470 580 1510 regis
596 1470 656 1501 sub
678 1470 804 1510 privato
827 1471 906 1502 alias
930 1475 1072 1503 ostensas
1094 1483 1191 1514 super
1214 1478 1407 1514 computum.

361 1519 432 1550 Nec
448 1518 486 1550 de
502 1518 663 1559 aliquibus
687 1519 758 1550 aliis
774 1519 898 1556 wamiis,
921 1520 1057 1558 releviis,
1080 1522 1264 1563 maritagiis,
1281 1523 1408 1559 finibus=

361 1568 526 1605 eschaetis,
542 1571 598 1599 aut
621 1568 762 1599 exitibus
778 1569 863 1600 curie
886 1579 951 1608 sue,
974 1571 1050 1611 quia
1070 1572 1174 1603 *nichil
1196 1572 1270 1613 plus
1293 1573 1409 1604 accidit

359 1627 416 1658 per
438 1620 568 1658 tempus
592 1617 744 1658 computi,
767 1620 804 1648 ut
826 1619 939 1650 asserit
962 1623 1151 1661 computans
1173 1621 1208 1652 in
1231 1632 1289 1652 suo
1305 1632 1407 1654 sacra-

359 1669 477 1698 mento.

403 1716 550 1756 Expense
569 1715 720 1756 ejusdem.
766 1716 806 1747 In
829 1717 950 1757 primis,
973 1718 1106 1751 allocate
1129 1721 1328 1761 computanti
1351 1731 1408 1762 per

359 1765 554 1796 solucionem
567 1765 686 1797 factam
699 1764 844 1797 Johanm‘
857 1766 997 1801 Carelele
1011 1768 1049 1799 de
1061 1769 1288 1807 Torthorwald,
1300 1770 1407 1808 militi,

358 1815 524 1855 capitaneo
534 1814 629 1845 castri
640 1814 678 1845 de
690 1814 919 1853 Lochmabane,
930 1826 986 1857 pro
997 1818 1140 1853 custodia
1150 1819 1245 1850 castri
1255 1819 1406 1859 ejusdem,

357 1864 547 1905 percipienti
577 1864 744 1894 annuatim
775 1864 907 1905 triginta
943 1866 1041 1898 libras
1079 1868 1117 1899 de
1155 1869 1291 1909 propriis
1327 1869 1406 1901 dicti

358 1913 501 1949 dominii,
535 1913 573 1943 de
606 1916 743 1954 quatuor
775 1914 866 1945 annis
892 1915 988 1955 hujus
1019 1918 1169 1958 computi,
1182 1917 1254 1958 j‘xx
1284 1919 1316 1951 ti.
1362 1920 1405 1950 Et

357 1963 473 2000 eidem,
488 1962 526 1995 de
543 1962 615 1996 alba
630 1962 721 1993 firma
736 1963 775 1994 de
792 1963 971 2004 Spryngeld
994 1965 1033 1997 de
1055 1967 1159 1998 tribus
1181 1968 1293 2008 primis
1312 1969 1404 2000 annis

356 2013 454 2053 hujus
471 2012 621 2052 computi,
638 2012 713 2053 quia
728 2016 827 2050 vasta,
843 2023 887 2043 xx
904 2017 926 2044 “s
972 2014 1015 2045 Et
1030 2015 1142 2053 eidem,
1158 2020 1287 2058 propter
1304 2019 1403 2049 vasti-

355 2065 457 2093 tatem
494 2064 651 2092 terrarum
682 2061 721 2093 de
752 2062 917 2093 Ferisland
955 2074 1028 2095 cum
1066 2065 1182 2106 quibus
1213 2070 1402 2107 computans

356 2111 501 2152 superius
532 2114 680 2141 oneratur
711 2111 750 2142 de
780 2111 873 2142 annis
903 2112 1000 2153 hujus
1024 2115 1174 2155 computi,
1204 2120 1299 2156 prout
1323 2117 1401 2148 fides

355 2161 440 2192 facta
456 2160 518 2191 fuit
533 2170 629 2201 super
645 2164 839 2202 computum,
862 2161 918 2202 xiij
943 2162 974 2193 11⁴.
993 2164 1023 2203 vj
1048 2167 1071 2195 s.
1089 2164 1143 2204 viij
1157 2164 1185 2195 d„
1232 2165 1274 2196 Et
1290 2165 1400 2197 eidem.
