1551 2462
115 1348 281 1378 Respondebit

116 1378 215 1413 Guthre,
226 1379 278 1401 the-

115 1414 241 1431 saurarius.

114 2108 160 2130 Res
179 2108 277 2131 ondebit

113 2138 161 2160 Gut
182 2145 212 2171 re,
229 2138 279 2161 the-

112 2174 237 2191 saux-anus,

337 230 353 257 2
360 230 397 258 32
648 227 812 258 ROTULI
836 226 1072 258 SOAOGARH
1295 229 1308 256 1
1316 228 1385 256 464.

334 320 424 351 libr1s
441 320 607 351 annuatim
623 320 684 351 sibi
696 320 821 357 debitis,
834 320 873 351 de
885 320 1022 351 termino
1036 319 1146 351 Sancti
1157 319 1292 350 Martini
1302 319 1386 350 infra

333 369 393 401 hoc
418 373 605 411 computum
635 373 667 401 et
697 370 840 411 quinque
872 369 1016 400 terminis
1049 368 1293 410 precedentibus
1324 368 1385 399 hoc

334 423 530 459 computum,
547 422 582 450 ut
606 422 696 460 patet
719 419 753 449 in
778 422 928 459 computo
955 419 1032 449 anni
1059 418 1267 459 precedentis,
1291 417 1326 448 lx
1351 417 1383 448 H.

333 469 375 499 Et
392 469 522 499 Hectori
539 468 710 505 Meldrum,
723 468 887 509 clavigero,
898 468 1087 509 percipienti
1098 468 1265 499 annuatim
1274 468 1384 499 decem

332 518 429 549 libras
457 518 494 550 de
518 518 618 549 firmis
642 518 719 549 dicti
743 518 887 559 thauagii
910 528 965 558 pro
989 518 1082 549 feodo
1105 528 1172 555 suo,
1188 518 1227 549 de
1246 518 1383 549 termino

334 568 443 598 Sancti
459 568 593 598 Martini
606 568 689 598 infra
705 567 764 598 hoc
780 572 976 607 computum,
988 578 1006 598 v
1023 567 1055 598 fi.
1093 568 1135 598 Et
1152 567 1237 598 dicto
1250 566 1383 598 Hectori

331 627 389 657 pro
400 618 464 648 suis
480 617 641 648 laboribus
654 628 693 648 ex
710 617 911 648 concessione
927 617 1129 648 dominorum
1142 617 1180 648 de
1197 616 1308 648 eodem
1320 619 1384 647 ter-

332 667 428 703 mino,
441 667 590 708 magistro
601 667 708 697 David
719 667 853 703 Guthre,
862 666 1068 703 thesaurario,
1078 669 1217 697 testante
1229 667 1382 697 concessi-

333 726 425 747 onem
437 716 637 747 dominorum
649 726 745 756 super
757 719 953 756 computum,
963 716 1002 746 de
1014 715 1125 746 eodem
1137 716 1282 753 termino,
1293 716 1348 756 viij
1361 720 1382 746 ἔ.

332 765 374 795 Et
401 766 513 802 eidem,
536 776 592 806 pro
618 766 766 806 expensis
793 765 914 796 domiui
938 765 1061 796 abbatis
1086 766 1200 796 Sancte
1218 765 1329 796 Crucis
1345 765 1384 796 de

333 815 520 856 Edinburgh
537 819 568 846 et
584 815 605 845 J
608 815 743 846 ohannis
756 815 933 846 Muncreiff
946 825 1019 845 cum
1032 815 1098 845 suis
1114 814 1329 851 servitoribus,
1348 815 1383 845 in

333 864 533 895 assedacione
564 868 719 895 terrarum
751 864 873 895 domini
911 864 992 905 regis
1024 864 1107 894 infra
1134 864 1313 894 dominium
1343 864 1382 895 de

333 914 518 944 Stratherne
546 917 578 944 et
604 914 739 944 aliarum
764 918 922 944 terrarum
948 913 1033 944 infra
1057 913 1315 944 vicecomitatum
1343 914 1382 944 de

332 963 438 999 Perth,
469 963 609 1003 exceptis
641 963 810 999 frumento,
838 963 950 999 brasio,
981 966 1012 993 et
1040 963 1149 993 avenis
1180 963 1219 994 de
1245 963 1381 1003 propriis

331 1012 453 1043 domini
476 1013 565 1053 regis,
582 1023 638 1053 per
654 1016 790 1053 quatuor
813 1012 888 1049 dies,
905 1016 942 1042 ut
958 1015 1048 1052 patet
1064 1022 1119 1053 per
1135 1012 1281 1043 cedulam
1297 1023 1381 1043 com-

331 1062 475 1102 putantis
493 1062 704 1103 subscriptam
720 1072 818 1093 manu
834 1062 911 1092 dicti
927 1061 1049 1093 domini
1065 1061 1197 1102 abbatis,
1210 1065 1383 1093 testantem

331 1111 516 1151 hujusmodi
532 1121 687 1152 expensas
703 1122 797 1152 super
813 1115 1009 1152 computum,
1236 1111 1269 1142 fi.
1285 1112 1340 1153 viij
1358 1116 1382 1143 ἔ.

331 1161 364 1201 iij
383 1161 412 1192 d.
458 1161 500 1192 Et
523 1161 635 1198 eidem,
658 1171 714 1202 per
737 1161 934 1192 solucionem
958 1161 1076 1192 factam
1099 1161 1249 1202 magistro
1277 1161 1381 1193 David

332 1210 466 1248 Guthre.‚
497 1211 693 1242 thesaurario
723 1211 845 1242 domiui
884 1210 985 1241 nostri
1021 1210 1112 1251 regis,
1149 1210 1189 1241 ad
1227 1221 1381 1252 expensas

332 1260 486 1291 domicilii
508 1260 659 1300 ejusdem,
675 1261 710 1291 in
735 1261 851 1301 quibus
879 1260 1039 1291 dabantur
1064 1259 1215 1301 magistro
1243 1260 1382 1292 Roberto

331 1311 357 1340 F
360 1314 504 1346 orestare,
535 1314 612 1341 tunc
643 1310 816 1342 senescallo
847 1309 1008 1347 domicilii,
1047 1309 1163 1351 viginti
1200 1313 1263 1341 tres
1301 1310 1387 1342 libre

331 1370 387 1390 sex
425 1359 519 1390 solidi
557 1363 627 1390 octo
665 1360 795 1396 denarii,
832 1360 902 1400 ipso
940 1359 1060 1390 fatente
1091 1362 1256 1400 receptum
1286 1370 1382 1400 super

332 1412 527 1449 computum,
543 1408 666 1439 lxxxxv
682 1409 714 1440 fi.
731 1410 763 1449 xj
781 1413 803 1440 s.
821 1409 864 1449 vij
889 1408 928 1445 d,
944 1419 1001 1449 pro
1028 1409 1145 1449 quibus
1168 1409 1381 1449 respondebit,

334 1461 373 1492 Et
389 1460 501 1497 eidem,
517 1470 572 1500 pro
589 1460 683 1491 certis
695 1460 953 1501 reparacionibus
969 1460 1061 1491 factis
1074 1460 1108 1491 in
1120 1461 1219 1501 burgo
1232 1460 1270 1491 de
1282 1460 1381 1492 Perth

331 1510 364 1539 in
381 1509 530 1550 hospiciis
547 1509 568 1540 J
572 1509 705 1540 ohannis
730 1509 888 1540 Chaumer
905 1512 937 1540 et
960 1509 982 1540 J
984 1509 1119 1540 ohannis
1142 1509 1380 1550 Hading‘toune,

331 1559 364 1589 in
381 1559 563 1599 quindecim
580 1558 737 1590 asseribus
753 1558 846 1589 dictis
869 1558 1006 1599 plankis,
1022 1559 1262 1600 quatuordecim
1285 1559 1381 1600 lignis

331 1609 425 1640 dictis
449 1609 574 1649 sparris,
598 1608 729 1649 triginta
756 1608 883 1646 tabulis,
906 1607 1022 1649 viginti
1045 1612 1182 1650 quatuor
1205 1609 1325 1640 caberis
1348 1613 1380 1641 et

331 1658 402 1689 aliis
415 1658 519 1698 liguis,
531 1658 742 1698 quadraginta
754 1658 877 1689 duabus
893 1657 978 1688 ulnis
996 1658 1133 1695 canubii,
1145 1659 1287 1699 precium
1304 1659 1380 1690 ulne

331 1708 499 1739 duodecim
530 1708 652 1739 denarii
675 1707 790 1745 ‚clavis,
823 1708 912 1745 ferro,
955 1710 987 1739 et
1017 1708 1088 1739 aliis
1120 1709 1313 1745 necessariis,
1344 1719 1380 1740 ac

331 1757 490 1798 stipendio
520 1757 746 1794 laboraucium,
771 1758 852 1788 circa
875 1768 973 1788 unam
997 1758 1103 1788 aulam
1136 1759 1170 1789 in
1201 1758 1380 1789 clausuram

330 1807 352 1838 J
356 1807 490 1838 ohannis
508 1806 667 1838 Chaumer
682 1807 808 1844 factam,
824 1807 944 1837 tabulis
960 1807 994 1837 in
1010 1807 1129 1844 eadem,
1145 1817 1244 1848 parva
1261 1807 1379 1839 lar-din-

330 1857 404 1893 aria,
436 1857 608 1887 fenestram
630 1856 769 1897 ligneam
792 1856 827 1886 iu
849 1856 948 1897 gradu
964 1856 1123 1887 Johannis
1139 1856 1380 1897 Hadingtoune,

329 1907 390 1937 tria
407 1907 488 1937 ostia
503 1910 535 1937 et
551 1906 613 1937 alia
630 1906 814 1942 necessaria,
830 1909 867 1936 ut
882 1909 971 1946 patet
987 1905 1020 1936 in
1036 1906 1149 1937 cedula
1164 1907 1379 1947 computantis

329 1955 563 1996 particulariter
575 1956 756 1986 examinata
769 1965 863 1995 super
875 1958 1062 1995 computum
1072 1959 1104 1986 et
1113 1959 1296 1987 remanente
1307 1966 1380 1988 cum

329 2005 442 2037 clerico
458 2005 634 2036 rotulorum
651 2008 683 2036 et
698 2005 831 2046 registri,
847 2005 880 2035 ix
895 2004 927 2035 fi.
939 2004 995 2045 xiij
1013 2008 1037 2036 Ξ.
1054 2005 1110 2045 viij
1128 2005 1156 2036 d.
1202 2006 1245 2037 Et
1267 2005 1379 2043 eidem,

328 2066 384 2096 per
414 2056 610 2086 solucionem
641 2055 758 2086 factam
789 2054 939 2095 magistro
967 2055 1105 2087 Roberto
1136 2055 1309 2092 Forestare,
1338 2055 1377 2086 de

328 2105 478 2136 mandato
502 2105 700 2141 thesaurarii,
729 2105 797 2146 ipso
822 2104 941 2135 fatente
965 2105 1153 2136 mandatum
1177 2115 1271 2145 super
1294 2115 1377 2136 com-

328 2159 452 2196 putum,
474 2156 506 2196 vj
531 2154 562 2186 n'.
588 2155 643 2196 xiij
669 2159 690 2186 s.
716 2155 761 2195 iiij
786 2154 825 2192 d„
848 2164 904 2196 pro
935 2154 1051 2195 quibus
1081 2154 1291 2196 oespondebit.
1336 2154 1379 2185 Et
