1551 2462
291 175 351 204 266
603 173 768 205 ROTULI
792 172 1029 205 SOACOARII
1253 175 1344 205 1464.

291 260 445 292 frumenti
470 260 503 301 iij
531 261 645 292 celdris
663 260 686 302 ij
704 261 798 293 bollis
823 261 905 292 ordii
929 261 968 292 de
993 260 1094 292 firmis
1118 263 1277 292 terrarum
1303 259 1342 291 de

290 311 377 342 Estir
407 310 506 342 Dron.
573 311 617 342 Et
646 311 686 342 de
715 311 763 352 liij
792 315 813 342 s.
846 311 892 352 iiij
921 310 949 342 d.
979 321 1036 352 per
1062 311 1202 352 integras
1234 310 1343 342 firmas

290 360 468 392 molendini
484 360 628 402 ejusdem
650 361 690 392 de
712 361 849 392 termino
869 360 1018 402 computi.
1065 360 1108 391 Et
1131 360 1170 392 de
1184 360 1241 401 viij
1259 359 1291 391 11.
1308 359 1341 400 vj

292 414 314 441 ἔ.
331 409 388 451 viij
406 409 436 441 d.
452 410 487 451 iiJ'
505 410 619 441 celdris
636 409 682 451 iiij
700 409 795 441 bullis
818 409 973 441 frumenti
988 410 1035 450 iiij
1054 409 1169 441 celdris
1185 409 1231 450 111]
1249 408 1344 440 1101115

291 460 372 491 ordii
395 460 434 491 de
455 460 554 491 firmis
580 463 737 491 terrarum
760 460 799 491 de
826 460 930 491 Ardat
957 459 996 491 (10
1022 459 1168 491 terminis
1195 459 1342 501 computi.

291 509 334 541 Et
350 509 389 541 de
404 510 451 550 iiij
468 510 500 541 11.
524 520 581 551 per
603 510 710 541 firmas
733 510 910 541 molendini
933 509 1086 550 ejusdem.
1131 510 1174 541 Et
1196 509 1236 541 de
1259 509 1290 550 vj
1308 508 1341 540 11.

291 559 348 600 xiij
381 563 403 590 ἔ.
435 559 482 600 iiij
521 559 549 590 d.
585 559 598 600 j
637 559 744 591 celdra
781 559 825 600 xij
865 559 959 590 bouis
997 559 1153 590 frumenti
1182 559 1196 600 J'
1235 558 1342 590 celdra

291 618 336 639 xv
365 607 460 639 bollis
490 608 512 649 ij
551 608 674 640 ferlotis
709 619 782 640 cum
820 608 896 639 bina
930 611 1020 649 parte
1051 608 1163 640 ferlote
1194 608 1276 640 ordii
1305 608 1345 639 de

292 657 386 688 terris
416 658 456 689 de
478 658 510 689 10
534 658 613 691 Star.
658 659 700 689 Et
731 658 770 690 de
801 658 844 699 vij
876 658 909 690 11.
939 658 971 698 vj
1004 662 1027 689 ἓ.
1053 658 1110 699 viij
1141 658 1170 689 d.
1196 659 1209 699 J'
1240 657 1346 689 celdra

293 707 350 748 xiij
381 707 475 739 bollis
506 708 661 739 frumenti
690 708 712 749 ij
744 708 859 740 celdris
889 718 910 739 v
947 708 1041 739 bolh's
1072 708 1154 739 ordii
1184 708 1223 739 de
1252 708 1346 739 terris

291 757 331 788 de
361 758 468 799 Ferny
499 758 538 789 (10
569 758 664 789 dictis
687 758 841 796 terminis,
871 761 977 799 preter
1007 761 1078 790 octo
1101 768 1224 789 marcas
1245 758 1346 789 annui

292 807 436 839 redditus
464 818 543 849 quas
570 808 706 849 percipit
742 808 911 839 annuatim
941 807 1096 849 Georgius
1127 807 1278 839 Balfoure
1307 807 1346 839 (10

294 857 536 898 Munquhanny
560 857 599 888 de
622 857 716 888 dictis
739 857 839 889 terris.
884 857 927 888 Et
954 857 993 888 de
1015 858 1049 888 ix
1072 857 1104 888 fi.
1128 867 1184 898 per
1206 857 1346 898 integras

295 906 403 938 firmas
420 907 458 938 de
474 907 561 938 Estir
577 909 608 938 et
630 907 752 938 Westir
768 906 928 948 Balgervy
942 917 999 948 per
1021 907 1107 938 idem
1123 910 1258 948 tempus.
1304 907 1347 938 Et

296 956 336 987 de
352 967 372 987 X
388 956 420 988 11.
437 967 494 997 per
516 957 656 998 integras
679 957 786 988 firmas
810 956 849 988 de
872 956 1106 988 Thomastoune
1129 967 1204 988 cum
1226 956 1348 988 molen-

297 1006 373 1037 dino
389 1006 533 1047 ejusdem
554 1006 593 1038 (10
610 1006 695 1038 dicto
719 1006 865 1038 termino.
910 1006 954 1041 Et
977 1006 1016 1037 de
1040 1006 1096 1047 xiij
1113 1005 1145 1037 11.
1161 1007 1194 1047 vj
1211 1010 1234 1038 ἔ.
1252 1006 1307 1047 viij
1325 1006 1348 1037 d

297 1056 336 1088 de
359 1056 460 1087 firmis
483 1059 638 1088 terrarum
662 1056 701 1088 de
723 1056 958 1098 Murthocarny
981 1056 1020 1088 de
1043 1056 1180 1088 termino
1210 1056 1348 1088 Penthe-

227 1138 231 1142 ,
296 1109 399 1138 costes
415 1107 512 1147 hujus
529 1106 679 1147 computi,
695 1106 751 1138 sed
767 1106 889 1138 solebat
905 1106 1043 1137 assedari
1058 1116 1115 1147 pro
1127 1116 1244 1137 novem
1259 1106 1349 1138 libris

83 1235 250 1258 Oonsulendus

81 1272 93 1288 e
103 1274 105 1277 .
136 1273 141 1277 .

297 1156 422 1188 duabus
439 1156 553 1188 celdris
577 1159 714 1197 quatuor
736 1156 832 1188 bouis
854 1156 1010 1188 frumenti
1032 1156 1156 1187 duabus
1180 1155 1294 1187 celdris
1318 1159 1350 1188 et

295 1206 450 1237 tredecim
472 1206 567 1237 bellis
583 1205 673 1244 ordii,
696 1216 790 1247 super
806 1216 869 1247 quo
892 1206 1107 1238 consulendus
1130 1209 1179 1238 est
1201 1206 1350 1238 dominus

295 1266 360 1289 rex.
405 1256 448 1286 Et
464 1255 503 1286 de
519 1255 596 1296 xxvj
613 1255 644 1286 11.
663 1255 718 1296 xiij
736 1259 759 1287 s.
783 1255 830 1297 iiiJ¹
848 1255 878 1288 d.
894 1266 950 1296 per
965 1256 1105 1297 integras
1129 1256 1236 1287 firmas
1251 1259 1350 1287 terra-

296 1316 370 1336 rum
385 1305 425 1336 de
440 1305 585 1346 Luthery
600 1305 640 1336 de
655 1305 793 1337 termino
810 1306 959 1346 computi.
1006 1306 1049 1336 Et
1064 1305 1103 1337 de
1119 1306 1196 1347 xxvj
1209 1309 1232 1337 ἓ.
1248 1306 1305 1347 viij
1317 1305 1346 1337 d.

296 1355 336 1386 de
350 1355 450 1386 firmis
461 1355 638 1386 molendini
649 1355 792 1396 ejusdem
803 1355 840 1386 de
852 1355 962 1386 eodem
974 1355 1119 1387 termino.
1165 1356 1208 1387 Et
1220 1356 1259 1387 de
1271 1356 1305 1397 iij
1317 1356 1349 1388 n.

296 1405 328 1445 vj
347 1408 370 1436 ἔ.
394 1404 450 1445 viij
469 1404 498 1437 d.
525 1404 564 1435 de
580 1405 673 1436 firma
699 1404 879 1435 molendini
905 1404 944 1436 de
971 1404 1092 1436 Balach
1115 1405 1154 1436 de
1177 1405 1263 1437 dicto
1286 1409 1350 1437 ter-

296 1454 393 1485 mino.
438 1454 482 1484 Et
491 1454 530 1485 de
542 1453 599 1494 xiij
618 1453 650 1484 11.
664 1454 696 1494 vj
710 1457 733 1485 ἓ.
744 1453 801 1494 viij
819 1453 847 1484 d.
858 1447 1065 1495 per'integras
1075 1455 1182 1485 firmas
1192 1458 1351 1486 terrarum

297 1503 336 1534 de
353 1502 494 1534 Kinloch
507 1513 581 1534 cum
591 1503 758 1534 fabrilibus
768 1506 802 1534 et
813 1503 996 1534 molendino
1009 1503 1151 1544 ejusdem
1162 1503 1201 1534 de
1213 1503 1350 1535 termino

297 1553 448 1594 computi.
493 1553 537 1583 Et
552 1552 591 1583 de
607 1552 651 1593 vij
668 1552 701 1584 11.
718 1552 762 1593 xij
780 1552 874 1583 bouis
891 1562 1065 1585 avenarum
1080 1552 1119 1584 de
1136 1552 1254 1594 Colacy
1276 1563 1351 1584 cum

296 1603 424 1634 brasina
440 1602 584 1643 ejusdem
599 1602 638 1633 de
654 1602 791 1633 termino
814 1602 1051 1640 Penthecostes,
1066 1605 1099 1634 et
1114 1602 1211 1634 solvit
1226 1606 1351 1635 tantam

296 1653 467 1695 pecuniam
489 1652 525 1683 in
548 1652 630 1683 festo
654 1651 764 1683 Sancti
779 1651 924 1684 Martini.
970 1652 1013 1683 Et
1036 1652 1075 1683 de
1091 1652 1122 1693 vj
1139 1652 1171 1684 11.
1195 1652 1234 1684 (10
1257 1653 1351 1685 terris

297 1703 336 1734 de
352 1701 568 1743 Woclemylne
584 1701 622 1733 de
639 1701 725 1733 dicto
741 1701 885 1733 termino.
932 1701 975 1732 Et
990 1701 1029 1733 de
1046 1702 1090 1743 xij
1106 1702 1138 1733 11
1158 1702 1199 1743 vij
1217 1706 1240 1734 ἔ.
1254 1703 1267 1744 j
1285 1703 1314 1734 d.
1336 1704 1349 1745 j

298 1752 404 1783 celdra
421 1751 477 1792 viij
494 1751 588 1782 bollis
612 1761 786 1782 avenarum
802 1750 841 1782 de
864 1751 955 1782 terris
971 1751 1010 1783 de
1025 1751 1254 1784 Aldelundoris
1277 1763 1351 1784 cum

300 1801 434 1838 brasina,
462 1800 622 1842 pomeriis,
652 1804 684 1831 et
714 1800 846 1842 cotagiis
873 1801 1025 1842 ejusdem,
1055 1804 1088 1832 et
1117 1801 1215 1833 solvit
1244 1804 1351 1834 tantas

298 1851 450 1892 pecunias
474 1851 508 1881 in
532 1851 614 1882 festo
640 1850 750 1883 Sancti
772 1850 916 1882 Martini.
962 1851 1005 1882 Et
1028 1851 1067 1882 de
1089 1851 1137 1892 liij
1162 1855 1185 1884 ἓ.
1201 1852 1249 1893 iiij
1266 1852 1295 1884 d.
1312 1852 1351 1884 de

297 1901 388 1933 terris
406 1901 444 1932 de
461 1900 599 1942 Inschry
615 1901 654 1932 de
677 1900 787 1932 eodem
809 1901 954 1932 termino.
1000 1901 1043 1932 Et
1058 1900 1097 1932 de
1113 1902 1191 1942 xxvj
1208 1906 1231 1933 s.
1248 1902 1304 1943 viij
1321 1902 1350 1933 d.

297 1952 336 1982 de
353 1951 452 1982 firmis
468 1950 645 1982 molendini
668 1950 707 1981 de
729 1950 844 1981 Denne
867 1950 907 1981 de
930 1950 1039 1981 eodem
1056 1951 1201 1983 termino.
1246 1951 1289 1983 Et
1311 1952 1351 1984 (10

299 2000 400 2041 xxxiij
413 2004 435 2031 ἓ.
453 2000 499 2041 iiij
518 2000 546 2031 (1.
564 1999 604 2031 (10
619 1999 719 2032 firmis
735 2002 818 2031 terre
841 1999 880 2030 de
897 1999 1032 2031 Parkhil
1047 2000 1087 2031 de
1102 2000 1187 2031 dicto
1203 2001 1349 2033 termino.

297 2051 338 2081 Et
355 2050 394 2082 de
411 2050 489 2091 xviij
506 2050 538 2081 11.
555 2050 589 2091 iij
607 2054 630 2082 s.
646 2050 693 2090 iiij
711 2049 739 2080 d.
764 2049 786 2090 ij
804 2049 918 2081 celdris
943 2060 1116 2081 avenarum
1131 2060 1188 2091 per
1210 2050 1349 2092 integras

298 2101 405 2134 firmas
428 2103 585 2132 terrarum
609 2099 649 2132 de
664 2099 833 2131 Dunmure
854 2109 927 2131 cum
951 2102 1043 2141 prato
1059 2101 1091 2131 et
1113 2100 1252 2141 pomerio
1267 2100 1351 2141 ejus-
