<?xml version="1.0" encoding="UTF-8"?>
<!DOCTYPE html PUBLIC "-//W3C//DTD XHTML 1.0 Transitional//EN"
    "http://www.w3.org/TR/xhtml1/DTD/xhtml1-transitional.dtd">
<html xmlns="http://www.w3.org/1999/xhtml" xml:lang="en" lang="en">
 <head>
  <title>
</title>
<meta http-equiv="Content-Type" content="text/html;charset=utf-8" />
  <meta name='ocr-system' content='tesseract 3.04.00' />
  <meta name='ocr-capabilities' content='ocr_page ocr_carea ocr_par ocr_line ocrx_word'/>
</head>
<body>
  <div class='ocr_page' id='page_1' title='image "./rotuliscaccariir07scot_0147.png"; bbox 0 0 1551 2462; ppageno 0'>
   <div class='ocr_carea' id='block_1_1' title="bbox 150 271 1194 303">
    <p class='ocr_par' dir='ltr' id='par_1_1' title="bbox 150 271 1194 303">
     <span class='ocr_line' id='line_1_1' title="bbox 150 271 1194 303; baseline 0.001 -2"><span class='ocrx_word' id='word_1_1' title='bbox 150 272 241 302; x_wconf 85' lang='lat'>1461.</span> <span class='ocrx_word' id='word_1_2' title='bbox 459 271 621 303; x_wconf 81' lang='lat' dir='ltr'><strong>REGUM</strong></span> <span class='ocrx_word' id='word_1_3' title='bbox 644 271 891 303; x_wconf 83' lang='lat' dir='ltr'>SOOTORUM.</span> <span class='ocrx_word' id='word_1_4' title='bbox 1155 274 1171 302; x_wconf 88' lang='grc'><strong>6</strong></span> <span class='ocrx_word' id='word_1_5' title='bbox 1178 274 1194 302; x_wconf 93' lang='grc'><strong>9</strong></span> 
     </span>
    </p>
   </div>
   <div class='ocr_carea' id='block_1_2' title="bbox 138 363 1194 2240">
    <p class='ocr_par' dir='ltr' id='par_1_2' title="bbox 138 363 1194 2240">
     <span class='ocr_line' id='line_1_2' title="bbox 145 363 1194 405; baseline 0.001 -11"><span class='ocrx_word' id='word_1_6' title='bbox 145 372 228 395; x_wconf 87' lang='lat' dir='ltr'>anno</span> <span class='ocrx_word' id='word_1_7' title='bbox 248 363 345 405; x_wconf 89' lang='lat' dir='ltr'>hujus</span> <span class='ocrx_word' id='word_1_8' title='bbox 368 365 516 405; x_wconf 81' lang='lat' dir='ltr'>compoti,</span> <span class='ocrx_word' id='word_1_9' title='bbox 538 364 577 396; x_wconf 87' lang='lat' dir='ltr'>de</span> <span class='ocrx_word' id='word_1_10' title='bbox 600 364 751 396; x_wconf 85' lang='lat' dir='ltr'>mandato</span> <span class='ocrx_word' id='word_1_11' title='bbox 774 364 902 395; x_wconf 89' lang='lat' dir='ltr'>domine</span> <span class='ocrx_word' id='word_1_12' title='bbox 925 364 1041 405; x_wconf 83' lang='lat' dir='ltr'><strong>regine,</strong></span> <span class='ocrx_word' id='word_1_13' title='bbox 1065 363 1194 395; x_wconf 87' lang='lat' dir='ltr'>domino</span> 
     </span>
     <span class='ocr_line' id='line_1_3' title="bbox 144 412 1194 455; baseline 0 -11"><span class='ocrx_word' id='word_1_14' title='bbox 144 412 327 445; x_wconf 84' lang='lat' dir='ltr'>Alexandro</span> <span class='ocrx_word' id='word_1_15' title='bbox 343 414 376 445; x_wconf 86' lang='lat' dir='ltr'>N</span> <span class='ocrx_word' id='word_1_16' title='bbox 377 424 453 455; x_wconf 90' lang='lat' dir='ltr'>apar</span> <span class='ocrx_word' id='word_1_17' title='bbox 468 417 605 445; x_wconf 87' lang='lat' dir='ltr'>testante</span> <span class='ocrx_word' id='word_1_18' title='bbox 622 414 818 451; x_wconf 87' lang='lat' dir='ltr'>mandatum,</span> <span class='ocrx_word' id='word_1_19' title='bbox 831 414 843 454; x_wconf 90' lang='lat' dir='ltr'><strong>j</strong></span> <span class='ocrx_word' id='word_1_20' title='bbox 862 413 974 445; x_wconf 83' lang='lat' dir='ltr'>celdra.</span> <span class='ocrx_word' id='word_1_21' title='bbox 1021 414 1064 444; x_wconf 85' lang='lat' dir='ltr'>Et</span> <span class='ocrx_word' id='word_1_22' title='bbox 1081 413 1194 450; x_wconf 86' lang='lat' dir='ltr'>eidem,</span> 
     </span>
     <span class='ocr_line' id='line_1_4' title="bbox 144 461 1192 504; baseline 0 -11"><span class='ocrx_word' id='word_1_23' title='bbox 144 461 183 493; x_wconf 86' lang='lat' dir='ltr'>de</span> <span class='ocrx_word' id='word_1_24' title='bbox 207 462 306 494; x_wconf 90' lang='lat' dir='ltr'>firmis</span> <span class='ocrx_word' id='word_1_25' title='bbox 330 462 507 494; x_wconf 84' lang='lat' dir='ltr'>molendini</span> <span class='ocrx_word' id='word_1_26' title='bbox 522 464 561 495; x_wconf 89' lang='lat' dir='ltr'>de</span> <span class='ocrx_word' id='word_1_27' title='bbox 585 463 737 495; x_wconf 83' lang='lat' dir='ltr'>Rednach</span> <span class='ocrx_word' id='word_1_28' title='bbox 760 463 917 495; x_wconf 77' lang='lat' dir='ltr'>concessis</span> <span class='ocrx_word' id='word_1_29' title='bbox 947 474 1002 504; x_wconf 88' lang='lat' dir='ltr'>per</span> <span class='ocrx_word' id='word_1_30' title='bbox 1028 463 1192 494; x_wconf 89' lang='lat' dir='ltr'>dominam</span> 
     </span>
     <span class='ocr_line' id='line_1_5' title="bbox 144 512 1193 554; baseline 0 -11"><span class='ocrx_word' id='word_1_31' title='bbox 144 512 285 553; x_wconf 83' lang='lat' dir='ltr'>reginam</span> <span class='ocrx_word' id='word_1_32' title='bbox 322 513 486 545; x_wconf 87' lang='lat' dir='ltr'>Willelmo</span> <span class='ocrx_word' id='word_1_33' title='bbox 523 513 752 551; x_wconf 89' lang='lat' dir='ltr'>Drummonde,</span> <span class='ocrx_word' id='word_1_34' title='bbox 782 513 913 545; x_wconf 84' lang='lat' dir='ltr'>custode</span> <span class='ocrx_word' id='word_1_35' title='bbox 944 513 1065 554; x_wconf 87' lang='lat' dir='ltr'>privati</span> <span class='ocrx_word' id='word_1_36' title='bbox 1095 512 1193 554; x_wconf 82' lang='lat' dir='ltr'>sigilli</span> 
     </span>
     <span class='ocr_line' id='line_1_6' title="bbox 144 563 1193 604; baseline 0.001 -11"><span class='ocrx_word' id='word_1_37' title='bbox 144 565 282 594; x_wconf 78' lang='lat' dir='ltr'>testante</span> <span class='ocrx_word' id='word_1_38' title='bbox 300 563 497 601; x_wconf 87' lang='lat' dir='ltr'>mandatum,</span> <span class='ocrx_word' id='word_1_39' title='bbox 516 563 529 604; x_wconf 83' lang='lat' dir='ltr'>j</span> <span class='ocrx_word' id='word_1_40' title='bbox 555 564 661 595; x_wconf 82' lang='lat' dir='ltr'>oeldra</span> <span class='ocrx_word' id='word_1_41' title='bbox 680 563 736 604; x_wconf 80' lang='lat' dir='ltr'>viij</span> <span class='ocrx_word' id='word_1_42' title='bbox 761 563 853 595; x_wconf 86' lang='lat' dir='ltr'>bolle.</span> <span class='ocrx_word' id='word_1_43' title='bbox 899 563 942 594; x_wconf 89' lang='lat' dir='ltr'>Et</span> <span class='ocrx_word' id='word_1_44' title='bbox 968 573 1025 604; x_wconf 91' lang='lat' dir='ltr'>pro</span> <span class='ocrx_word' id='word_1_45' title='bbox 1048 563 1193 594; x_wconf 86' lang='lat' dir='ltr'>custodia</span> 
     </span>
     <span class='ocr_line' id='line_1_7' title="bbox 143 611 1192 654; baseline 0.002 -12"><span class='ocrx_word' id='word_1_46' title='bbox 143 611 313 652; x_wconf 84' lang='lat' dir='ltr'>quinquies</span> <span class='ocrx_word' id='word_1_47' title='bbox 337 613 453 654; x_wconf 86' lang='lat' dir='ltr'>viginti</span> <span class='ocrx_word' id='word_1_48' title='bbox 472 617 646 644; x_wconf 74' lang='lat' dir='ltr'>marterum</span> <span class='ocrx_word' id='word_1_49' title='bbox 668 613 703 644; x_wconf 89' lang='lat' dir='ltr'>in</span> <span class='ocrx_word' id='word_1_50' title='bbox 728 613 833 644; x_wconf 87' lang='lat' dir='ltr'>warda</span> <span class='ocrx_word' id='word_1_51' title='bbox 857 613 895 644; x_wconf 88' lang='lat' dir='ltr'>de</span> <span class='ocrx_word' id='word_1_52' title='bbox 919 613 1025 653; x_wconf 83' lang='lat' dir='ltr'>Gudy,</span> <span class='ocrx_word' id='word_1_53' title='bbox 1048 616 1192 653; x_wconf 85' lang='lat' dir='ltr'>tempore</span> 
     </span>
     <span class='ocr_line' id='line_1_8' title="bbox 143 661 1193 704; baseline 0.001 -12"><span class='ocrx_word' id='word_1_54' title='bbox 143 671 206 702; x_wconf 91' lang='lat' dir='ltr'>quo</span> <span class='ocrx_word' id='word_1_55' title='bbox 222 661 370 693; x_wconf 89' lang='lat' dir='ltr'>dominus</span> <span class='ocrx_word' id='word_1_56' title='bbox 382 662 565 693; x_wconf 78' lang='lat' dir='ltr'>Alexander</span> <span class='ocrx_word' id='word_1_57' title='bbox 574 663 701 704; x_wconf 85' lang='lat' dir='ltr'>Napare</span> <span class='ocrx_word' id='word_1_58' title='bbox 714 666 781 694; x_wconf 90' lang='lat' dir='ltr'>erat</span> <span class='ocrx_word' id='word_1_59' title='bbox 796 666 1016 704; x_wconf 86' lang='lat' dir='ltr'>compotorum</span> <span class='ocrx_word' id='word_1_60' title='bbox 1028 662 1193 699; x_wconf 88' lang='lat' dir='ltr'>rotulator,</span> 
     </span>
     <span class='ocr_line' id='line_1_9' title="bbox 145 710 1192 753; baseline 0 -11"><span class='ocrx_word' id='word_1_61' title='bbox 145 710 184 742; x_wconf 86' lang='lat' dir='ltr'>de</span> <span class='ocrx_word' id='word_1_62' title='bbox 200 711 350 743; x_wconf 87' lang='lat' dir='ltr'>mandato</span> <span class='ocrx_word' id='word_1_63' title='bbox 365 712 517 753; x_wconf 87' lang='lat' dir='ltr'>ejusdem,</span> <span class='ocrx_word' id='word_1_64' title='bbox 532 712 601 753; x_wconf 89' lang='lat' dir='ltr'>ipso</span> <span class='ocrx_word' id='word_1_65' title='bbox 624 716 763 744; x_wconf 82' lang='lat' dir='ltr'>testante</span> <span class='ocrx_word' id='word_1_66' title='bbox 779 712 967 744; x_wconf 86' lang='lat' dir='ltr'>mandatum</span> <span class='ocrx_word' id='word_1_67' title='bbox 990 722 1085 753; x_wconf 89' lang='lat' dir='ltr'>super</span> <span class='ocrx_word' id='word_1_68' title='bbox 1107 722 1192 743; x_wconf 83' lang='lat' dir='ltr'>com-</span> 
     </span>
     <span class='ocr_line' id='line_1_10' title="bbox 143 761 1192 802; baseline 0.001 -11"><span class='ocrx_word' id='word_1_69' title='bbox 143 763 264 801; x_wconf 83' lang='lat' dir='ltr'>potum,</span> <span class='ocrx_word' id='word_1_70' title='bbox 290 761 346 802; x_wconf 88' lang='lat' dir='ltr'>viij</span> <span class='ocrx_word' id='word_1_71' title='bbox 378 761 470 794; x_wconf 87' lang='lat' dir='ltr'>bolle.</span> <span class='ocrx_word' id='word_1_72' title='bbox 515 762 557 793; x_wconf 86' lang='lat' dir='ltr'>Et</span> <span class='ocrx_word' id='word_1_73' title='bbox 584 762 719 793; x_wconf 84' lang='lat' dir='ltr'>liberata</span> <span class='ocrx_word' id='word_1_74' title='bbox 743 762 899 793; x_wconf 82' lang='lat' dir='ltr'>Michaeli</span> <span class='ocrx_word' id='word_1_75' title='bbox 927 762 965 792; x_wconf 87' lang='lat' dir='ltr'>de</span> <span class='ocrx_word' id='word_1_76' title='bbox 997 761 1129 792; x_wconf 85' lang='lat' dir='ltr'>Balfour</span> <span class='ocrx_word' id='word_1_77' title='bbox 1152 761 1192 792; x_wconf 89' lang='lat' dir='ltr'>ad</span> 
     </span>
     <span class='ocr_line' id='line_1_11' title="bbox 143 811 1192 853; baseline 0 -12"><span class='ocrx_word' id='word_1_78' title='bbox 143 813 306 851; x_wconf 76' lang='lat' dir='ltr'>pasturam</span> <span class='ocrx_word' id='word_1_79' title='bbox 322 811 549 852; x_wconf 88' lang='lat' dir='ltr'>leporariorum</span> <span class='ocrx_word' id='word_1_80' title='bbox 565 811 692 843; x_wconf 90' lang='lat' dir='ltr'>domine</span> <span class='ocrx_word' id='word_1_81' title='bbox 707 812 815 853; x_wconf 83' lang='lat' dir='ltr'>regine</span> <span class='ocrx_word' id='word_1_82' title='bbox 838 816 981 853; x_wconf 84' lang='lat' dir='ltr'>tempore</span> <span class='ocrx_word' id='word_1_83' title='bbox 997 822 1060 852; x_wconf 91' lang='lat' dir='ltr'>quo</span> <span class='ocrx_word' id='word_1_84' title='bbox 1075 814 1142 842; x_wconf 88' lang='lat' dir='ltr'>erat</span> <span class='ocrx_word' id='word_1_85' title='bbox 1157 811 1192 841; x_wconf 90' lang='lat' dir='ltr'>in</span> 
     </span>
     <span class='ocr_line' id='line_1_12' title="bbox 143 860 1192 901; baseline 0 -11"><span class='ocrx_word' id='word_1_86' title='bbox 143 860 370 891; x_wconf 84' lang='lat' dir='ltr'>venacionibus</span> <span class='ocrx_word' id='word_1_87' title='bbox 380 860 414 891; x_wconf 88' lang='lat' dir='ltr'>in</span> <span class='ocrx_word' id='word_1_88' title='bbox 427 860 657 901; x_wconf 57' lang='lat' dir='ltr'>Glenfinglask</span> <span class='ocrx_word' id='word_1_89' title='bbox 665 861 677 901; x_wconf 89' lang='lat' dir='ltr'>j</span> <span class='ocrx_word' id='word_1_90' title='bbox 691 861 781 892; x_wconf 84' lang='lat' dir='ltr'>bolla.</span> <span class='ocrx_word' id='word_1_91' title='bbox 810 862 853 892; x_wconf 85' lang='lat' dir='ltr'>Et</span> <span class='ocrx_word' id='word_1_92' title='bbox 865 861 940 892; x_wconf 86' lang='lat' dir='ltr'>data</span> <span class='ocrx_word' id='word_1_93' title='bbox 949 860 1094 892; x_wconf 81' lang='lat' dir='ltr'>Johanni</span> <span class='ocrx_word' id='word_1_94' title='bbox 1103 860 1192 901; x_wconf 84' lang='lat' dir='ltr'>Gray</span> 
     </span>
     <span class='ocr_line' id='line_1_13' title="bbox 143 909 1193 952; baseline 0 -12"><span class='ocrx_word' id='word_1_95' title='bbox 143 909 183 940; x_wconf 86' lang='lat' dir='ltr'>ad</span> <span class='ocrx_word' id='word_1_96' title='bbox 193 913 320 950; x_wconf 88' lang='lat' dir='ltr'>pastum</span> <span class='ocrx_word' id='word_1_97' title='bbox 330 911 429 942; x_wconf 87' lang='lat' dir='ltr'>trium</span> <span class='ocrx_word' id='word_1_98' title='bbox 439 911 618 942; x_wconf 85' lang='lat' dir='ltr'>catulorum</span> <span class='ocrx_word' id='word_1_99' title='bbox 628 911 756 942; x_wconf 86' lang='lat' dir='ltr'>domine</span> <span class='ocrx_word' id='word_1_100' title='bbox 767 911 875 952; x_wconf 84' lang='lat' dir='ltr'>regine</span> <span class='ocrx_word' id='word_1_101' title='bbox 885 911 920 941; x_wconf 90' lang='lat' dir='ltr'>in</span> <span class='ocrx_word' id='word_1_102' title='bbox 929 910 959 942; x_wconf 93' lang='lat' dir='ltr'>le</span> <span class='ocrx_word' id='word_1_103' title='bbox 966 910 1193 948; x_wconf 80' lang='lat' dir='ltr'>Quenishaleh,</span> 
     </span>
     <span class='ocr_line' id='line_1_14' title="bbox 142 959 1192 1001; baseline -0.001 -10"><span class='ocrx_word' id='word_1_104' title='bbox 142 959 182 991; x_wconf 87' lang='lat' dir='ltr'>de</span> <span class='ocrx_word' id='word_1_105' title='bbox 197 960 348 991; x_wconf 85' lang='lat' dir='ltr'>mandato</span> <span class='ocrx_word' id='word_1_106' title='bbox 364 960 491 991; x_wconf 90' lang='lat' dir='ltr'>domine</span> <span class='ocrx_word' id='word_1_107' title='bbox 514 960 630 1001; x_wconf 82' lang='lat' dir='ltr'>regine,</span> <span class='ocrx_word' id='word_1_108' title='bbox 653 960 782 992; x_wconf 84' lang='lat' dir='ltr'>domino</span> <span class='ocrx_word' id='word_1_109' title='bbox 799 961 941 992; x_wconf 83' lang='lat' dir='ltr'>Henrico</span> <span class='ocrx_word' id='word_1_110' title='bbox 964 961 1003 991; x_wconf 92' lang='lat' dir='ltr'>de</span> <span class='ocrx_word' id='word_1_111' title='bbox 1026 960 1192 1000; x_wconf 86' lang='lat' dir='ltr'>Kingorne</span> 
     </span>
     <span class='ocr_line' id='line_1_15' title="bbox 143 1009 1192 1051; baseline 0 -11"><span class='ocrx_word' id='word_1_112' title='bbox 143 1013 281 1040; x_wconf 87' lang='lat' dir='ltr'>testante</span> <span class='ocrx_word' id='word_1_113' title='bbox 297 1009 494 1046; x_wconf 86' lang='lat' dir='ltr'>mandatum,</span> <span class='ocrx_word' id='word_1_114' title='bbox 516 1010 550 1050; x_wconf 82' lang='lat' dir='ltr'>iij</span> <span class='ocrx_word' id='word_1_115' title='bbox 575 1010 658 1041; x_wconf 90' lang='lat' dir='ltr'>bolle</span> <span class='ocrx_word' id='word_1_116' title='bbox 671 1010 684 1051; x_wconf 88' lang='lat' dir='ltr'>j</span> <span class='ocrx_word' id='word_1_117' title='bbox 710 1010 830 1041; x_wconf 78' lang='lat' dir='ltr'>ferlota.</span> <span class='ocrx_word' id='word_1_118' title='bbox 879 1010 921 1040; x_wconf 89' lang='lat' dir='ltr'>Et</span> <span class='ocrx_word' id='word_1_119' title='bbox 944 1010 1017 1040; x_wconf 85' lang='lat' dir='ltr'>date</span> <span class='ocrx_word' id='word_1_120' title='bbox 1041 1009 1192 1050; x_wconf 88' lang='lat' dir='ltr'>vigilibus</span> 
     </span>
     <span class='ocr_line' id='line_1_16' title="bbox 143 1059 1192 1101; baseline 0 -12"><span class='ocrx_word' id='word_1_121' title='bbox 143 1059 240 1090; x_wconf 82' lang='lat' dir='ltr'>castri</span> <span class='ocrx_word' id='word_1_122' title='bbox 265 1059 304 1090; x_wconf 84' lang='lat' dir='ltr'>de</span> <span class='ocrx_word' id='word_1_123' title='bbox 333 1059 506 1101; x_wconf 74' lang='lat' dir='ltr'>Striveling</span> <span class='ocrx_word' id='word_1_124' title='bbox 529 1060 568 1091; x_wconf 92' lang='lat' dir='ltr'>de</span> <span class='ocrx_word' id='word_1_125' title='bbox 591 1061 742 1091; x_wconf 86' lang='lat' dir='ltr'>mandato</span> <span class='ocrx_word' id='word_1_126' title='bbox 770 1060 898 1091; x_wconf 84' lang='lat' dir='ltr'>domine</span> <span class='ocrx_word' id='word_1_127' title='bbox 921 1060 1037 1100; x_wconf 84' lang='lat' dir='ltr'>regine,</span> <span class='ocrx_word' id='word_1_128' title='bbox 1061 1059 1192 1090; x_wconf 85' lang='lat' dir='ltr'>custode</span> 
     </span>
     <span class='ocr_line' id='line_1_17' title="bbox 142 1107 1192 1149; baseline 0.001 -11"><span class='ocrx_word' id='word_1_129' title='bbox 142 1108 259 1148; x_wconf 86' lang='lat' dir='ltr'>privati</span> <span class='ocrx_word' id='word_1_130' title='bbox 275 1107 373 1149; x_wconf 83' lang='lat' dir='ltr'>sigilli</span> <span class='ocrx_word' id='word_1_131' title='bbox 386 1112 522 1140; x_wconf 80' lang='lat' dir='ltr'>testante</span> <span class='ocrx_word' id='word_1_132' title='bbox 539 1109 735 1147; x_wconf 83' lang='lat' dir='ltr'>mandatum,</span> <span class='ocrx_word' id='word_1_133' title='bbox 752 1109 820 1149; x_wconf 84' lang='lat' dir='ltr'>xiiij</span> <span class='ocrx_word' id='word_1_134' title='bbox 835 1109 927 1140; x_wconf 88' lang='lat' dir='ltr'>bolle.</span> <span class='ocrx_word' id='word_1_135' title='bbox 973 1109 1016 1139; x_wconf 91' lang='lat' dir='ltr'>Et</span> <span class='ocrx_word' id='word_1_136' title='bbox 1026 1108 1192 1140; x_wconf 72' lang='lat' dir='ltr'>Fratribus</span> 
     </span>
     <span class='ocr_line' id='line_1_18' title="bbox 143 1157 1192 1200; baseline 0.001 -12"><span class='ocrx_word' id='word_1_137' title='bbox 143 1157 398 1189; x_wconf 82' lang='lat' dir='ltr'>Predieatoribus</span> <span class='ocrx_word' id='word_1_138' title='bbox 414 1158 453 1189; x_wconf 87' lang='lat' dir='ltr'>de</span> <span class='ocrx_word' id='word_1_139' title='bbox 470 1158 644 1200; x_wconf 85' lang='lat' dir='ltr'>Striveling</span> <span class='ocrx_word' id='word_1_140' title='bbox 664 1159 702 1190; x_wconf 92' lang='lat' dir='ltr'>de</span> <span class='ocrx_word' id='word_1_141' title='bbox 718 1159 818 1190; x_wconf 89' lang='lat' dir='ltr'>firmis</span> <span class='ocrx_word' id='word_1_142' title='bbox 835 1162 919 1190; x_wconf 87' lang='lat' dir='ltr'>terre</span> <span class='ocrx_word' id='word_1_143' title='bbox 942 1159 981 1189; x_wconf 90' lang='lat' dir='ltr'>de</span> <span class='ocrx_word' id='word_1_144' title='bbox 998 1158 1192 1199; x_wconf 68' lang='lat' dir='ltr'>Cessffltuly,</span> 
     </span>
     <span class='ocr_line' id='line_1_19' title="bbox 141 1207 1190 1250; baseline 0.001 -12"><span class='ocrx_word' id='word_1_145' title='bbox 141 1207 181 1238; x_wconf 93' lang='lat' dir='ltr'>de</span> <span class='ocrx_word' id='word_1_146' title='bbox 197 1207 290 1238; x_wconf 85' lang='lat' dir='ltr'>dictis</span> <span class='ocrx_word' id='word_1_147' title='bbox 317 1208 440 1239; x_wconf 87' lang='lat' dir='ltr'>duobus</span> <span class='ocrx_word' id='word_1_148' title='bbox 471 1208 564 1240; x_wconf 83' lang='lat' dir='ltr'>annis</span> <span class='ocrx_word' id='word_1_149' title='bbox 594 1212 627 1240; x_wconf 88' lang='lat' dir='ltr'>et</span> <span class='ocrx_word' id='word_1_150' title='bbox 656 1209 716 1240; x_wconf 89' lang='lat' dir='ltr'>sub</span> <span class='ocrx_word' id='word_1_151' title='bbox 746 1208 887 1250; x_wconf 86' lang='lat' dir='ltr'>periculo</span> <span class='ocrx_word' id='word_1_152' title='bbox 921 1208 1143 1249; x_wconf 85' lang='lat' dir='ltr'>compotantis,</span> <span class='ocrx_word' id='word_1_153' title='bbox 1167 1208 1190 1249; x_wconf 87' lang='lat' dir='ltr'>ij</span> 
     </span>
     <span class='ocr_line' id='line_1_20' title="bbox 142 1256 1192 1296; baseline 0.002 -9"><span class='ocrx_word' id='word_1_154' title='bbox 142 1256 255 1289; x_wconf 74' lang='lat' dir='ltr'>ealdre.</span> <span class='ocrx_word' id='word_1_155' title='bbox 299 1257 342 1288; x_wconf 89' lang='lat' dir='ltr'>Et</span> <span class='ocrx_word' id='word_1_156' title='bbox 359 1257 435 1289; x_wconf 86' lang='lat' dir='ltr'>data</span> <span class='ocrx_word' id='word_1_157' title='bbox 458 1258 601 1289; x_wconf 85' lang='lat' dir='ltr'>ortolano</span> <span class='ocrx_word' id='word_1_158' title='bbox 624 1257 663 1289; x_wconf 88' lang='lat' dir='ltr'>de</span> <span class='ocrx_word' id='word_1_159' title='bbox 686 1259 811 1296; x_wconf 87' lang='lat' dir='ltr'>Doune,</span> <span class='ocrx_word' id='word_1_160' title='bbox 834 1258 873 1289; x_wconf 85' lang='lat' dir='ltr'>de</span> <span class='ocrx_word' id='word_1_161' title='bbox 896 1258 1047 1289; x_wconf 88' lang='lat' dir='ltr'>mandato</span> <span class='ocrx_word' id='word_1_162' title='bbox 1064 1258 1192 1289; x_wconf 87' lang='lat' dir='ltr'>domine</span> 
     </span>
     <span class='ocr_line' id='line_1_21' title="bbox 140 1304 1190 1349; baseline 0.002 -12"><span class='ocrx_word' id='word_1_163' title='bbox 140 1306 255 1348; x_wconf 87' lang='lat' dir='ltr'>regine,</span> <span class='ocrx_word' id='word_1_164' title='bbox 272 1307 402 1338; x_wconf 86' lang='lat' dir='ltr'>custode</span> <span class='ocrx_word' id='word_1_165' title='bbox 417 1307 534 1348; x_wconf 85' lang='lat' dir='ltr'>privati</span> <span class='ocrx_word' id='word_1_166' title='bbox 552 1306 649 1349; x_wconf 87' lang='lat' dir='ltr'>sigilli</span> <span class='ocrx_word' id='word_1_167' title='bbox 671 1304 809 1339; x_wconf 80' lang='lat' dir='ltr'>testante</span> <span class='ocrx_word' id='word_1_168' title='bbox 832 1308 1031 1345; x_wconf 82' lang='lat' dir='ltr'>mandatum,</span> <span class='ocrx_word' id='word_1_169' title='bbox 1045 1308 1058 1348; x_wconf 86' lang='lat' dir='ltr'>j</span> <span class='ocrx_word' id='word_1_170' title='bbox 1075 1307 1190 1339; x_wconf 85' lang='lat' dir='ltr'>celdra.</span> 
     </span>
     <span class='ocr_line' id='line_1_22' title="bbox 141 1355 1191 1397; baseline 0.001 -10"><span class='ocrx_word' id='word_1_171' title='bbox 141 1356 184 1387; x_wconf 88' lang='lat' dir='ltr'>Et</span> <span class='ocrx_word' id='word_1_172' title='bbox 209 1355 282 1388; x_wconf 87' lang='lat' dir='ltr'>date</span> <span class='ocrx_word' id='word_1_173' title='bbox 310 1365 367 1397; x_wconf 91' lang='lat' dir='ltr'>pro</span> <span class='ocrx_word' id='word_1_174' title='bbox 391 1357 594 1397; x_wconf 84' lang='lat' dir='ltr'>plantacione</span> <span class='ocrx_word' id='word_1_175' title='bbox 619 1358 767 1388; x_wconf 86' lang='lat' dir='ltr'>arborum</span> <span class='ocrx_word' id='word_1_176' title='bbox 793 1357 827 1388; x_wconf 92' lang='lat' dir='ltr'>in</span> <span class='ocrx_word' id='word_1_177' title='bbox 855 1357 885 1388; x_wconf 92' lang='lat' dir='ltr'>le</span> <span class='ocrx_word' id='word_1_178' title='bbox 911 1356 1128 1393; x_wconf 85' lang='lat' dir='ltr'>Quenishalch</span> <span class='ocrx_word' id='word_1_179' title='bbox 1151 1357 1191 1388; x_wconf 90' lang='lat' dir='ltr'>de</span> 
     </span>
     <span class='ocr_line' id='line_1_23' title="bbox 141 1405 1190 1447; baseline 0.002 -11"><span class='ocrx_word' id='word_1_180' title='bbox 141 1405 291 1436; x_wconf 82' lang='lat' dir='ltr'>mandato</span> <span class='ocrx_word' id='word_1_181' title='bbox 301 1405 429 1437; x_wconf 89' lang='lat' dir='ltr'>domine</span> <span class='ocrx_word' id='word_1_182' title='bbox 439 1406 554 1447; x_wconf 86' lang='lat' dir='ltr'>regine,</span> <span class='ocrx_word' id='word_1_183' title='bbox 569 1406 698 1437; x_wconf 90' lang='lat' dir='ltr'>domino</span> <span class='ocrx_word' id='word_1_184' title='bbox 714 1406 855 1438; x_wconf 84' lang='lat' dir='ltr'>Henrieo</span> <span class='ocrx_word' id='word_1_185' title='bbox 870 1407 1035 1447; x_wconf 86' lang='lat' dir='ltr'>Kingorne</span> <span class='ocrx_word' id='word_1_186' title='bbox 1052 1409 1190 1438; x_wconf 87' lang='lat' dir='ltr'>testante</span> 
     </span>
     <span class='ocr_line' id='line_1_24' title="bbox 139 1455 1190 1497; baseline 0.002 -12"><span class='ocrx_word' id='word_1_187' title='bbox 139 1455 336 1493; x_wconf 86' lang='lat' dir='ltr'>mandatum,</span> <span class='ocrx_word' id='word_1_188' title='bbox 351 1455 383 1496; x_wconf 87' lang='lat' dir='ltr'>vj</span> <span class='ocrx_word' id='word_1_189' title='bbox 402 1455 492 1486; x_wconf 89' lang='lat' dir='ltr'>bolle.</span> <span class='ocrx_word' id='word_1_190' title='bbox 538 1456 580 1486; x_wconf 81' lang='lat' dir='ltr'>Et</span> <span class='ocrx_word' id='word_1_191' title='bbox 597 1455 670 1487; x_wconf 85' lang='lat' dir='ltr'>date</span> <span class='ocrx_word' id='word_1_192' title='bbox 686 1455 879 1497; x_wconf 86' lang='lat' dir='ltr'>pauperibus</span> <span class='ocrx_word' id='word_1_193' title='bbox 895 1456 929 1486; x_wconf 87' lang='lat' dir='ltr'>in</span> <span class='ocrx_word' id='word_1_194' title='bbox 951 1456 1134 1493; x_wconf 82' lang='lat' dir='ltr'>Peraseeue,</span> <span class='ocrx_word' id='word_1_195' title='bbox 1151 1456 1190 1487; x_wconf 91' lang='lat' dir='ltr'>de</span> 
     </span>
     <span class='ocr_line' id='line_1_25' title="bbox 139 1504 1189 1546; baseline 0.001 -10"><span class='ocrx_word' id='word_1_196' title='bbox 139 1504 249 1536; x_wconf 86' lang='lat' dir='ltr'>eodem</span> <span class='ocrx_word' id='word_1_197' title='bbox 289 1505 440 1537; x_wconf 86' lang='lat' dir='ltr'>mandato</span> <span class='ocrx_word' id='word_1_198' title='bbox 478 1508 510 1536; x_wconf 84' lang='lat' dir='ltr'>et</span> <span class='ocrx_word' id='word_1_199' title='bbox 547 1506 740 1543; x_wconf 84' lang='lat' dir='ltr'>testimonio,</span> <span class='ocrx_word' id='word_1_200' title='bbox 778 1506 810 1546; x_wconf 87' lang='lat' dir='ltr'>vj</span> <span class='ocrx_word' id='word_1_201' title='bbox 851 1505 942 1537; x_wconf 86' lang='lat' dir='ltr'>bolle.</span> <span class='ocrx_word' id='word_1_202' title='bbox 988 1506 1031 1536; x_wconf 89' lang='lat' dir='ltr'>Et</span> <span class='ocrx_word' id='word_1_203' title='bbox 1067 1506 1090 1537; x_wconf 83' lang='lat' dir='ltr'>J</span> <span class='ocrx_word' id='word_1_204' title='bbox 1092 1507 1189 1537; x_wconf 81' lang='lat' dir='ltr'>aoobo</span> 
     </span>
     <span class='ocr_line' id='line_1_26' title="bbox 139 1554 1190 1597; baseline 0.001 -12"><span class='ocrx_word' id='word_1_205' title='bbox 139 1554 274 1592; x_wconf 87' lang='lat' dir='ltr'>Wilson,</span> <span class='ocrx_word' id='word_1_206' title='bbox 289 1565 346 1596; x_wconf 88' lang='lat' dir='ltr'>pro</span> <span class='ocrx_word' id='word_1_207' title='bbox 370 1555 580 1587; x_wconf 85' lang='lat' dir='ltr'>mundacione</span> <span class='ocrx_word' id='word_1_208' title='bbox 604 1559 789 1597; x_wconf 82' lang='lat' dir='ltr'>stagnorum</span> <span class='ocrx_word' id='word_1_209' title='bbox 812 1558 844 1586; x_wconf 89' lang='lat' dir='ltr'>et</span> <span class='ocrx_word' id='word_1_210' title='bbox 867 1566 924 1597; x_wconf 86' lang='lat' dir='ltr'>pro</span> <span class='ocrx_word' id='word_1_211' title='bbox 947 1555 1091 1586; x_wconf 81' lang='lat' dir='ltr'>custodia</span> <span class='ocrx_word' id='word_1_212' title='bbox 1106 1556 1190 1596; x_wconf 87' lang='lat' dir='ltr'>prati</span> 
     </span>
     <span class='ocr_line' id='line_1_27' title="bbox 139 1602 1188 1646; baseline 0.001 -11"><span class='ocrx_word' id='word_1_213' title='bbox 139 1603 178 1635; x_wconf 88' lang='lat' dir='ltr'>de</span> <span class='ocrx_word' id='word_1_214' title='bbox 195 1604 375 1645; x_wconf 87' lang='lat' dir='ltr'>Striveling,</span> <span class='ocrx_word' id='word_1_215' title='bbox 388 1602 427 1636; x_wconf 89' lang='lat' dir='ltr'>de</span> <span class='ocrx_word' id='word_1_216' title='bbox 442 1605 594 1636; x_wconf 85' lang='lat' dir='ltr'>mandato</span> <span class='ocrx_word' id='word_1_217' title='bbox 610 1608 643 1636; x_wconf 89' lang='lat' dir='ltr'>et</span> <span class='ocrx_word' id='word_1_218' title='bbox 659 1605 843 1636; x_wconf 87' lang='lat' dir='ltr'>testimonio</span> <span class='ocrx_word' id='word_1_219' title='bbox 859 1605 1019 1646; x_wconf 79' lang='lat' dir='ltr'>predictis,</span> <span class='ocrx_word' id='word_1_220' title='bbox 1033 1605 1079 1646; x_wconf 87' lang='lat' dir='ltr'>iiij</span> <span class='ocrx_word' id='word_1_221' title='bbox 1097 1605 1188 1637; x_wconf 87' lang='lat' dir='ltr'>bolle.</span> 
     </span>
     <span class='ocr_line' id='line_1_28' title="bbox 139 1653 1189 1696; baseline 0.001 -11"><span class='ocrx_word' id='word_1_222' title='bbox 139 1653 182 1685; x_wconf 86' lang='lat' dir='ltr'>Et</span> <span class='ocrx_word' id='word_1_223' title='bbox 207 1653 282 1685; x_wconf 82' lang='lat' dir='ltr'>data</span> <span class='ocrx_word' id='word_1_224' title='bbox 306 1654 486 1695; x_wconf 84' lang='lat' dir='ltr'>pastoribus</span> <span class='ocrx_word' id='word_1_225' title='bbox 509 1654 637 1686; x_wconf 88' lang='lat' dir='ltr'>domine</span> <span class='ocrx_word' id='word_1_226' title='bbox 663 1655 771 1696; x_wconf 82' lang='lat' dir='ltr'>regine</span> <span class='ocrx_word' id='word_1_227' title='bbox 796 1654 836 1686; x_wconf 87' lang='lat' dir='ltr'>ad</span> <span class='ocrx_word' id='word_1_228' title='bbox 860 1655 981 1685; x_wconf 84' lang='lat' dir='ltr'>vietum</span> <span class='ocrx_word' id='word_1_229' title='bbox 1008 1664 1127 1692; x_wconf 86' lang='lat' dir='ltr'>eorum,</span> <span class='ocrx_word' id='word_1_230' title='bbox 1150 1655 1189 1686; x_wconf 92' lang='lat' dir='ltr'>de</span> 
     </span>
     <span class='ocr_line' id='line_1_29' title="bbox 139 1703 1189 1741; baseline 0 -6"><span class='ocrx_word' id='word_1_231' title='bbox 139 1704 249 1735; x_wconf 86' lang='lat' dir='ltr'>eodem</span> <span class='ocrx_word' id='word_1_232' title='bbox 273 1704 424 1736; x_wconf 83' lang='lat' dir='ltr'>mandato</span> <span class='ocrx_word' id='word_1_233' title='bbox 449 1708 481 1736; x_wconf 87' lang='lat' dir='ltr'>et</span> <span class='ocrx_word' id='word_1_234' title='bbox 506 1705 565 1736; x_wconf 87' lang='lat' dir='ltr'>sub</span> <span class='ocrx_word' id='word_1_235' title='bbox 596 1704 681 1736; x_wconf 85' lang='lat' dir='ltr'>dicto</span> <span class='ocrx_word' id='word_1_236' title='bbox 712 1703 904 1741; x_wconf 83' lang='lat' dir='ltr'>testimonio,</span> <span class='ocrx_word' id='word_1_237' title='bbox 935 1714 978 1735; x_wconf 84' lang='lat' dir='ltr'>xv</span> <span class='ocrx_word' id='word_1_238' title='bbox 1009 1703 1100 1735; x_wconf 90' lang='lat' dir='ltr'>bolle.</span> <span class='ocrx_word' id='word_1_239' title='bbox 1146 1704 1189 1736; x_wconf 90' lang='lat' dir='ltr'>Et</span> 
     </span>
     <span class='ocr_line' id='line_1_30' title="bbox 139 1753 1188 1795; baseline -0.001 -10"><span class='ocrx_word' id='word_1_240' title='bbox 139 1756 260 1795; x_wconf 81' lang='lat' dir='ltr'>septem</span> <span class='ocrx_word' id='word_1_241' title='bbox 277 1754 427 1795; x_wconf 85' lang='lat' dir='ltr'>vigilibus</span> <span class='ocrx_word' id='word_1_242' title='bbox 442 1755 477 1785; x_wconf 86' lang='lat' dir='ltr'>in</span> <span class='ocrx_word' id='word_1_243' title='bbox 498 1758 600 1785; x_wconf 83' lang='lat' dir='ltr'>castro</span> <span class='ocrx_word' id='word_1_244' title='bbox 616 1754 655 1785; x_wconf 88' lang='lat' dir='ltr'>de</span> <span class='ocrx_word' id='word_1_245' title='bbox 680 1753 854 1794; x_wconf 83' lang='lat' dir='ltr'>Striveling</span> <span class='ocrx_word' id='word_1_246' title='bbox 876 1764 932 1795; x_wconf 89' lang='lat' dir='ltr'>pro</span> <span class='ocrx_word' id='word_1_247' title='bbox 953 1753 1051 1785; x_wconf 78' lang='lat' dir='ltr'>feodis</span> <span class='ocrx_word' id='word_1_248' title='bbox 1067 1754 1132 1785; x_wconf 86' lang='lat' dir='ltr'>suis</span> <span class='ocrx_word' id='word_1_249' title='bbox 1149 1754 1188 1785; x_wconf 89' lang='lat' dir='ltr'>de</span> 
     </span>
     <span class='ocr_line' id='line_1_31' title="bbox 138 1803 1187 1845; baseline -0.001 -10"><span class='ocrx_word' id='word_1_250' title='bbox 138 1803 241 1835; x_wconf 79' lang='lat' dir='ltr'>tribus</span> <span class='ocrx_word' id='word_1_251' title='bbox 278 1804 424 1835; x_wconf 88' lang='lat' dir='ltr'>terminis</span> <span class='ocrx_word' id='word_1_252' title='bbox 455 1804 550 1845; x_wconf 86' lang='lat' dir='ltr'>hujus</span> <span class='ocrx_word' id='word_1_253' title='bbox 581 1804 729 1844; x_wconf 85' lang='lat' dir='ltr'>compoti,</span> <span class='ocrx_word' id='word_1_254' title='bbox 761 1803 912 1834; x_wconf 86' lang='lat' dir='ltr'>videlicet</span> <span class='ocrx_word' id='word_1_255' title='bbox 942 1803 1087 1844; x_wconf 85' lang='lat' dir='ltr'>quolibet</span> <span class='ocrx_word' id='word_1_256' title='bbox 1117 1814 1187 1844; x_wconf 88' lang='lat' dir='ltr'>per-</span> 
     </span>
     <span class='ocr_line' id='line_1_32' title="bbox 138 1853 1187 1894; baseline 0 -10"><span class='ocrx_word' id='word_1_257' title='bbox 138 1853 276 1894; x_wconf 85' lang='lat' dir='ltr'>cipiente</span> <span class='ocrx_word' id='word_1_258' title='bbox 291 1853 326 1884; x_wconf 90' lang='lat' dir='ltr'>in</span> <span class='ocrx_word' id='word_1_259' title='bbox 342 1864 426 1885; x_wconf 90' lang='lat' dir='ltr'>anno</span> <span class='ocrx_word' id='word_1_260' title='bbox 442 1853 551 1885; x_wconf 84' lang='lat' dir='ltr'>decem</span> <span class='ocrx_word' id='word_1_261' title='bbox 568 1857 600 1885; x_wconf 86' lang='lat' dir='ltr'>et</span> <span class='ocrx_word' id='word_1_262' title='bbox 611 1857 682 1885; x_wconf 86' lang='lat' dir='ltr'>octo</span> <span class='ocrx_word' id='word_1_263' title='bbox 698 1853 808 1891; x_wconf 87' lang='lat' dir='ltr'>bollas,</span> <span class='ocrx_word' id='word_1_264' title='bbox 821 1854 881 1884; x_wconf 88' lang='lat' dir='ltr'>sub</span> <span class='ocrx_word' id='word_1_265' title='bbox 893 1853 1034 1894; x_wconf 81' lang='lat' dir='ltr'>periculo</span> <span class='ocrx_word' id='word_1_266' title='bbox 1046 1856 1187 1893; x_wconf 80' lang='lat' dir='ltr'>compot-</span> 
     </span>
     <span class='ocr_line' id='line_1_33' title="bbox 139 1902 1188 1938; baseline -0.001 -4"><span class='ocrx_word' id='word_1_267' title='bbox 139 1903 231 1938; x_wconf 81' lang='lat' dir='ltr'>antis.</span> <span class='ocrx_word' id='word_1_268' title='bbox 253 1904 287 1934; x_wconf 87' lang='lat' dir='ltr'>ix</span> <span class='ocrx_word' id='word_1_269' title='bbox 317 1903 422 1935; x_wconf 84' lang='lat' dir='ltr'>celdre</span> <span class='ocrx_word' id='word_1_270' title='bbox 453 1914 496 1934; x_wconf 89' lang='lat' dir='ltr'>xv</span> <span class='ocrx_word' id='word_1_271' title='bbox 519 1904 611 1935; x_wconf 87' lang='lat' dir='ltr'>bolle.</span> <span class='ocrx_word' id='word_1_272' title='bbox 658 1903 834 1935; x_wconf 87' lang='lat' dir='ltr'>Residuum</span> <span class='ocrx_word' id='word_1_273' title='bbox 866 1903 944 1934; x_wconf 77' lang='lat' dir='ltr'>dicti</span> <span class='ocrx_word' id='word_1_274' title='bbox 975 1902 1060 1933; x_wconf 84' lang='lat' dir='ltr'>feodi</span> <span class='ocrx_word' id='word_1_275' title='bbox 1090 1902 1188 1933; x_wconf 88' lang='lat' dir='ltr'>solvit</span> 
     </span>
     <span class='ocr_line' id='line_1_34' title="bbox 138 1952 1188 1995; baseline -0.002 -11"><span class='ocrx_word' id='word_1_276' title='bbox 138 1953 279 1984; x_wconf 85' lang='lat' dir='ltr'>Michael</span> <span class='ocrx_word' id='word_1_277' title='bbox 291 1954 330 1984; x_wconf 86' lang='lat' dir='ltr'>de</span> <span class='ocrx_word' id='word_1_278' title='bbox 343 1953 502 1990; x_wconf 83' lang='lat' dir='ltr'>Balfoure,</span> <span class='ocrx_word' id='word_1_279' title='bbox 515 1958 658 1995; x_wconf 84' lang='lat' dir='ltr'>receptor</span> <span class='ocrx_word' id='word_1_280' title='bbox 674 1953 712 1984; x_wconf 91' lang='lat' dir='ltr'>de</span> <span class='ocrx_word' id='word_1_281' title='bbox 728 1953 826 1994; x_wconf 76' lang='lat' dir='ltr'>Fyffe.</span> <span class='ocrx_word' id='word_1_282' title='bbox 871 1953 914 1983; x_wconf 88' lang='lat' dir='ltr'>Et</span> <span class='ocrx_word' id='word_1_283' title='bbox 927 1962 982 1983; x_wconf 82' lang='lat' dir='ltr'>sex</span> <span class='ocrx_word' id='word_1_284' title='bbox 995 1952 1188 1992; x_wconf 84' lang='lat' dir='ltr'>pauperibus</span> 
     </span>
     <span class='ocr_line' id='line_1_35' title="bbox 138 2001 1188 2044; baseline -0.003 -10"><span class='ocrx_word' id='word_1_285' title='bbox 138 2003 407 2034; x_wconf 75' lang='lat' dir='ltr'>commorantibus</span> <span class='ocrx_word' id='word_1_286' title='bbox 442 2013 539 2044; x_wconf 85' lang='lat' dir='ltr'>prope</span> <span class='ocrx_word' id='word_1_287' title='bbox 570 2007 694 2044; x_wconf 86' lang='lat' dir='ltr'>portam</span> <span class='ocrx_word' id='word_1_288' title='bbox 732 2003 828 2034; x_wconf 84' lang='lat' dir='ltr'>castri</span> <span class='ocrx_word' id='word_1_289' title='bbox 859 2002 898 2033; x_wconf 83' lang='lat' dir='ltr'>de</span> <span class='ocrx_word' id='word_1_290' title='bbox 929 2001 1112 2041; x_wconf 84' lang='lat' dir='ltr'>Striveliug‚</span> <span class='ocrx_word' id='word_1_291' title='bbox 1148 2001 1188 2032; x_wconf 86' lang='lat' dir='ltr'>de</span> 
     </span>
     <span class='ocr_line' id='line_1_36' title="bbox 139 2051 1186 2094; baseline -0.003 -11"><span class='ocrx_word' id='word_1_292' title='bbox 139 2052 291 2084; x_wconf 86' lang='lat' dir='ltr'>mandato</span> <span class='ocrx_word' id='word_1_293' title='bbox 324 2052 451 2084; x_wconf 86' lang='lat' dir='ltr'>domine</span> <span class='ocrx_word' id='word_1_294' title='bbox 481 2053 597 2094; x_wconf 87' lang='lat' dir='ltr'>regine,</span> <span class='ocrx_word' id='word_1_295' title='bbox 630 2064 649 2084; x_wconf 86' lang='lat' dir='ltr'>a</span> <span class='ocrx_word' id='word_1_296' title='bbox 679 2053 793 2094; x_wconf 83' lang='lat' dir='ltr'>quinto</span> <span class='ocrx_word' id='word_1_297' title='bbox 827 2051 991 2083; x_wconf 85' lang='lat' dir='ltr'>Februarii</span> <span class='ocrx_word' id='word_1_298' title='bbox 1021 2051 1098 2081; x_wconf 86' lang='lat' dir='ltr'>anni</span> <span class='ocrx_word' id='word_1_299' title='bbox 1128 2054 1186 2081; x_wconf 84' lang='lat' dir='ltr'>etc.</span> 
     </span>
     <span class='ocr_line' id='line_1_37' title="bbox 139 2099 1185 2143; baseline -0.003 -11"><span class='ocrx_word' id='word_1_300' title='bbox 139 2102 326 2143; x_wconf 83' lang='lat' dir='ltr'>sexagesimi</span> <span class='ocrx_word' id='word_1_301' title='bbox 356 2113 458 2143; x_wconf 88' lang='lat' dir='ltr'>usque</span> <span class='ocrx_word' id='word_1_302' title='bbox 495 2102 530 2133; x_wconf 91' lang='lat' dir='ltr'>in</span> <span class='ocrx_word' id='word_1_303' title='bbox 568 2103 743 2143; x_wconf 86' lang='lat' dir='ltr'>septimum</span> <span class='ocrx_word' id='word_1_304' title='bbox 775 2100 970 2142; x_wconf 84' lang='lat' dir='ltr'>Septembris</span> <span class='ocrx_word' id='word_1_305' title='bbox 1002 2099 1114 2137; x_wconf 85' lang='lat' dir='ltr'>futuri,</span> <span class='ocrx_word' id='word_1_306' title='bbox 1150 2100 1185 2141; x_wconf 86' lang='lat' dir='ltr'>iij</span> 
     </span>
     <span class='ocr_line' id='line_1_38' title="bbox 140 2150 1187 2190; baseline 0 -9"><span class='ocrx_word' id='word_1_307' title='bbox 140 2150 252 2183; x_wconf 83' lang='lat' dir='ltr'>eeldre.</span> <span class='ocrx_word' id='word_1_308' title='bbox 297 2152 340 2182; x_wconf 88' lang='lat' dir='ltr'>Et</span> <span class='ocrx_word' id='word_1_309' title='bbox 371 2151 410 2183; x_wconf 87' lang='lat' dir='ltr'>de</span> <span class='ocrx_word' id='word_1_310' title='bbox 442 2152 542 2183; x_wconf 82' lang='lat' dir='ltr'>firmis</span> <span class='ocrx_word' id='word_1_311' title='bbox 578 2155 661 2183; x_wconf 80' lang='lat' dir='ltr'>terre</span> <span class='ocrx_word' id='word_1_312' title='bbox 693 2152 732 2183; x_wconf 90' lang='lat' dir='ltr'>de</span> <span class='ocrx_word' id='word_1_313' title='bbox 768 2150 961 2190; x_wconf 83' lang='lat' dir='ltr'>Cessiutuly‚</span> <span class='ocrx_word' id='word_1_314' title='bbox 992 2153 1187 2181; x_wconf 80' lang='lat' dir='ltr'>commutate</span> 
     </span>
     <span class='ocr_line' id='line_1_39' title="bbox 139 2198 1187 2240; baseline -0.001 -10"><span class='ocrx_word' id='word_1_315' title='bbox 139 2199 172 2230; x_wconf 91' lang='lat' dir='ltr'>in</span> <span class='ocrx_word' id='word_1_316' title='bbox 203 2210 321 2232; x_wconf 81' lang='lat' dir='ltr'>avenas</span> <span class='ocrx_word' id='word_1_317' title='bbox 352 2204 385 2232; x_wconf 89' lang='lat' dir='ltr'>et</span> <span class='ocrx_word' id='word_1_318' title='bbox 414 2200 546 2232; x_wconf 86' lang='lat' dir='ltr'>liberate</span> <span class='ocrx_word' id='word_1_319' title='bbox 573 2201 613 2232; x_wconf 79' lang='lat' dir='ltr'>ad</span> <span class='ocrx_word' id='word_1_320' title='bbox 645 2201 785 2232; x_wconf 84' lang='lat' dir='ltr'>avariam</span> <span class='ocrx_word' id='word_1_321' title='bbox 815 2199 1014 2231; x_wconf 85' lang='lat' dir='ltr'>dominorum</span> <span class='ocrx_word' id='word_1_322' title='bbox 1046 2198 1127 2240; x_wconf 84' lang='lat' dir='ltr'>regis</span> <span class='ocrx_word' id='word_1_323' title='bbox 1154 2202 1187 2230; x_wconf 83' lang='lat' dir='ltr'>et</span> 
     </span>
    </p>
   </div>
  </div>
 </body>
</html>
