1551 2462
173 1730 313 1754 Onerandus
328 1731 365 1753 est

171 1760 315 1783 senescallus

173 1790 290 1819 Kingorn.

399 257 436 287 17
442 258 459 286 8
707 255 872 287 ROTULI
895 255 1130 288 SGACGARH
1352 256 1366 284 1
1373 255 1443 285 463.

394 348 438 389 vij
470 347 498 379 d.
522 350 628 389 preter
651 349 814 390 arreragia„
861 348 992 380 Summa
1014 347 1124 379 totalis
1148 345 1346 378 oneracionis
1369 356 1444 378 cum

394 398 566 439 arreragiis,
580 397 663 438 iiij⁰v
677 397 709 429 Η.
727 398 782 439 xiij
801 402 824 429 Ξ.
841 398 876 439 iij
893 398 922 429 d.

436 447 584 488 Expense
607 447 757 488 ejusdem.
804 448 845 478 In
871 447 993 488 primis,
1009 447 1143 478 allocate
1167 446 1365 487 compotanti
1384 456 1446 487 per

393 496 586 528 solucionem
622 497 741 528 factam
779 497 902 528 duobus
933 496 1106 538 capellanis
1136 495 1373 527 celebrantibus
1410 495 1445 526 in

392 546 525 577 ecclesia
557 546 724 588 collegiata
756 547 795 578 de
828 547 980 578 Dunbarr
1002 546 1253 587 percipientibus
1275 545 1445 577 annuatim

391 594 507 636 viginti
521 595 618 627 libras
635 596 674 627 de
689 596 790 627 firmis
812 595 998 637 burgalibus
1023 595 1280 627 molendinorum
1296 594 1443 635 ejusdem

391 643 431 675 de
446 644 588 685 predicto
613 645 749 677 termino
774 646 883 676 Sancti
905 645 1049 682 Martini,
1064 645 1124 676 sub
1147 644 1291 686 periculo
1313 654 1442 685 compo-

391 694 499 732 tantis,
515 705 536 725 x
560 694 591 726 li.
636 695 679 726 Et
705 695 818 732 eidem,
842 705 899 736 per
925 695 1122 726 solucionem
1153 694 1271 726 factam
1301 694 1444 735 Georgeo

390 743 553 783 quondam
568 744 678 775 comiti
693 745 838 785 Angusie
854 744 893 775 de
908 744 1000 775 terris
1017 744 1055 775 de
1067 743 1260 782 Ersiltonne,
1270 744 1305 774 in
1317 747 1442 784 partem

390 792 475 824 feodi
502 794 551 824 sui
575 794 707 825 termini
730 793 817 825 beati
843 793 979 824 Martini
1005 793 1102 834 hujus
1128 793 1276 834 compoti,
1303 793 1382 833 xxiij
1409 793 1441 824 fi.

390 852 435 872 xv
449 846 472 873 s.
489 843 520 883 vj
538 842 566 873 d.
612 843 655 873 Et
671 843 782 880 eidem,
799 853 855 884 per
877 842 1074 874 solucionem
1095 842 1213 873 factam
1229 842 1315 873 dicto
1331 843 1442 873 comiti

390 892 429 922 de
445 892 544 923 firmis
560 894 717 923 terrarum
744 892 782 923 de
810 892 994 923 Cadschelis
1021 892 1060 923 de
1088 891 1179 923 feodo
1202 891 1281 923 dicti
1303 892 1442 929 termini,

390 941 579 982 percipienti
595 942 635 972 ad
651 951 765 973 manus
781 942 933 982 proprias,
948 945 986 972 ut
1002 941 1114 972 asserit
1130 944 1325 982 compotans,
1340 941 1442 972 eciam

389 993 527 1021 testante
544 990 674 1021 custode
690 991 809 1031 privati
825 990 931 1031 sigilli,
953 990 1000 1031 liij
1019 994 1041 1021 s.
1058 990 1104 1031 iiij
1122 989 1151 1021 d.
1197 990 1240 1020 Et
1255 990 1368 1027 eidem,
1385 1000 1441 1031 per

389 1039 584 1070 solucionem
612 1040 729 1070 factam
756 1039 880 1079 prefato
907 1039 1018 1070 comiti
1043 1039 1078 1070 in
1105 1039 1217 1070 eodem
1239 1039 1331 1070 feodo
1354 1042 1387 1070 et
1402 1039 1441 1070 de

389 1089 500 1120 eodem
515 1088 662 1126 termino,
677 1088 788 1120 habito
803 1089 908 1129 priore
923 1089 1118 1126 testimonio,
1134 1100 1156 1120 x
1171 1089 1202 1120 hi
1248 1089 1291 1119 Et
1307 1088 1441 1119 allocate

389 1138 586 1178 compotanti
613 1138 652 1169 de
679 1138 779 1169 firmis
802 1142 960 1169 terrarum
991 1138 1031 1169 de
1056 1138 1210 1179 Litilspot
1233 1138 1268 1168 in
1291 1137 1441 1169 manibus

388 1187 577 1218 Archibaldi
593 1187 632 1218 de
655 1187 800 1225 Dunbar,
816 1188 873 1229 qui
895 1187 1035 1219 ostendit
1059 1191 1180 1219 cartam
1205 1198 1298 1218 suam
1313 1187 1442 1218 domino

388 1237 455 1278 regi
470 1237 522 1277 pie
537 1237 698 1274 memorie,
714 1240 751 1268 ut
766 1239 856 1278 patet
871 1237 906 1268 in
930 1240 1076 1278 compoto
1093 1237 1170 1268 anni
1184 1236 1442 1277 quinquagesimi

389 1287 475 1323 noni,
491 1287 522 1327 vj
539 1286 571 1317 n.
588 1287 645 1327 xiij
671 1291 694 1318 s.
719 1287 765 1327 ijjj
792 1286 822 1317 d.
868 1287 910 1317 Et
935 1286 1046 1323 eidem,
1072 1286 1111 1317 de
1134 1286 1228 1317 terris
1255 1286 1372 1316 foreste
1401 1285 1441 1316 de

388 1336 451 1376 Dy,
467 1336 502 1366 in
517 1336 666 1367 manibus
682 1336 812 1367 Patricii
830 1335 1011 1373 Cokburne,
1025 1345 1100 1367 cum
1122 1335 1239 1376 quibus
1255 1337 1440 1375 compotens

389 1385 534 1424 superius
557 1389 715 1421 oneratur,
741 1396 778 1416 eo
803 1385 889 1426 quod
913 1385 1019 1416 dictus
1043 1385 1200 1416 Patricius
1224 1384 1321 1415 habet
1337 1384 1439 1415 dictas

388 1434 495 1465 firmas
519 1434 558 1465 de
582 1434 712 1466 domina
727 1435 837 1475 regina
858 1445 916 1475 per
938 1434 1069 1465 modum
1092 1434 1258 1471 excambii,
1275 1444 1295 1464 v
1318 1433 1349 1464 fi.
1396 1434 1439 1464 Et

387 1483 501 1521 eidem,
517 1484 556 1515 de
566 1484 667 1515 firmis
682 1488 840 1515 terrarum
852 1484 891 1515 de
904 1484 1146 1525 Neutouneleys
1158 1484 1194 1514 in
1206 1483 1357 1514 manibus
1372 1483 1443 1514 Ade

388 1532 566 1573 Hepburne
581 1543 639 1574 pro
651 1533 795 1564 custodia
805 1534 901 1564 castri
917 1534 955 1564 de
967 1534 1110 1570 Dunbar,
1120 1533 1159 1564 de
1170 1533 1283 1564 eodem
1293 1533 1440 1569 termino,

387 1582 434 1621 iiij
452 1581 484 1613 n.
501 1582 533 1623 vj
551 1586 573 1614 s.
593 1582 648 1623 viij
666 1582 694 1613 d.
740 1583 783 1613 Et
809 1583 921 1620 eidem,
948 1583 987 1614 de
1010 1583 1111 1613 firmis
1137 1585 1220 1614 terre
1236 1582 1275 1613 de
1291 1581 1440 1622 Litilpin-

388 1631 537 1662 kirtoune
553 1641 609 1672 pro
626 1631 769 1662 custodia
785 1631 864 1662 dicti
880 1632 975 1662 castri
991 1635 1023 1663 et
1039 1632 1077 1663 de
1093 1631 1205 1663 eodem
1216 1631 1361 1668 termino,
1373 1641 1394 1661 v
1406 1630 1438 1661 li.

389 1681 431 1711 Et
447 1680 560 1717 eidem,
571 1691 628 1721 per
643 1681 859 1712 decidenciam
875 1681 1039 1712 firmarum
1054 1681 1093 1712 de
1109 1680 1280 1718 Dunscele,
1291 1691 1313 1711 x
1328 1684 1352 1712 ἓ.
1397 1680 1440 1711 Et

388 1730 500 1767 eidem,
523 1740 580 1770 pro
605 1730 698 1761 certis
722 1730 870 1771 expensis
897 1731 990 1762 factis
1018 1730 1103 1771 apud
1126 1730 1269 1766 Dunbar,
1292 1733 1439 1770 presente

387 1779 504 1820 regina,
542 1779 670 1810 intratis
709 1779 743 1810 in
780 1779 871 1811 libris
909 1780 1062 1811 domicilii
1099 1780 1214 1821 regine,
1252 1789 1326 1810 cum
1368 1779 1438 1820 qui-

387 1829 448 1859 bus
482 1829 675 1860 senescallus
707 1829 855 1870 Kingorn
886 1830 1066 1860 onerandus
1097 1832 1146 1861 est
1177 1832 1210 1860 et
1242 1838 1299 1870 pro
1321 1828 1438 1869 quibus

386 1878 601 1919 respondebit,
624 1878 703 1919 xviij
727 1877 758 1909 n.
779 1878 844 1919 xvij
869 1883 892 1910 s.
916 1889 937 1909 v
960 1879 989 1910 d.
1035 1879 1078 1910 Et
1100 1879 1212 1916 eidem,
1228 1878 1267 1909 de
1283 1877 1376 1909 terris
1398 1877 1438 1909 de

386 1927 616 1965 Cranschawis‚
631 1928 666 1959 in
690 1928 838 1960 manibus
861 1928 983 1959 domini
1006 1929 1045 1960 de
1062 1929 1217 1970 Swynton
1240 1927 1439 1959 vendicantis

385 1977 613 2018 proprietatem
655 1977 838 2015 earundem,
874 1977 913 2008 de
961 1978 1112 2009 mandato
1152 1978 1268 2019 regine,
1305 1976 1436 2008 custode

384 2026 503 2066 privati
533 2026 631 2067 sigilli
668 2030 808 2058 testante
844 2026 1032 2057 mandatum
1068 2027 1106 2058 de
1143 2026 1328 2058 remissione
1358 2026 1437 2057 dicti

384 2075 514 2106 termini
544 2075 583 2106 de
615 2075 812 2116 benignitate
835 2075 950 2116 regine,
974 2076 1005 2116 vj
1037 2075 1069 2106 Π.
1101 2075 1157 2116 xiij
1190 2079 1212 2106 s.
1244 2075 1290 2115 iiij
1319 2074 1348 2105 d.
1394 2074 1438 2105 Et

385 2124 498 2161 eidem,
513 2134 569 2165 per
585 2124 780 2156 solucionem
796 2125 914 2156 factam
937 2125 1007 2156 Ade
1024 2125 1201 2165 Hepburne
1217 2134 1274 2165 pro
1291 2123 1436 2155 custodia

385 2174 480 2206 castri
495 2174 535 2206 de
561 2174 695 2206 Duubar
716 2174 755 2206 de
778 2174 915 2206 termino
938 2174 1034 2215 hujus
1057 2174 1205 2215 compoti,
1221 2173 1260 2205 de
1281 2173 1434 2205 mandato
