1551 2462
148 275 240 321 2465.
458 270 620 302 REGUM
644 269 890 302 SCOTORUM.
1134 273 1194 301 345

148 366 188 397 de
219 364 475 397 Strivelinschire
504 366 611 405 preter
641 363 869 394 Bothkennare
907 366 939 394 et
954 362 1128 402 gAularum
1159 362 1198 393 de

149 415 229 446 Erth
246 415 285 446 de
300 415 437 446 termino
454 414 681 445 Penthecostes
698 416 773 444 ante
789 412 848 443 hoc
865 416 1060 453 computum.
1106 413 1148 443 Et
1160 413 1199 443 de

149 474 171 495 v
186 464 301 496 celdris
317 463 471 494 frumenti
485 474 507 494 v
530 463 644 494 celdris
667 462 764 493 brasii
786 463 809 503 ij
834 462 947 493 celdris
971 472 1146 493 avenarum
1161 462 1200 492 de

150 513 249 544 firmis
265 515 347 544 terre
363 513 402 544 de
418 513 602 544 Corntoune
619 512 658 543 de
681 512 818 543 termino
843 511 953 543 Sancti
968 511 1103 542 Martini
1118 511 1203 541 infra

149 563 210 594 hoc
233 565 427 604 computum.
473 562 605 593 Summa
627 561 725 602 hujus
749 562 862 599 oneris,
885 560 1000 603 iij⁰xlvj
1026 561 1058 593 fi.
1083 561 1160 602 xviij
1179 565 1201 592 ἔ.

149 612 184 643 ix
200 611 228 643 d.

194 662 288 699 Item,
304 661 390 693 idem
406 664 517 692 onerat
533 671 566 692 se
583 660 622 692 de
639 671 683 691 xx
698 660 730 691 fi.
748 660 787 692 de
802 660 975 701 grassumis
990 663 1147 691 terrarum
1163 659 1203 691 de

151 710 377 742 Bothkennare
388 714 421 742 et
435 710 597 742 Aularum
613 710 652 741 de
669 709 758 748 Erth,
775 710 993 741 assedatarum
1004 720 1061 751 per
1072 709 1201 740 thesau-

149 761 269 791 rarium
284 764 317 791 et
332 761 490 792 decanum
506 759 758 791 Brechinensem
775 770 858 790 anno
875 760 1070 801 sexagesimo
1086 762 1202 800 quarto

149 819 207 851 pro
230 810 334 841 tribus
358 810 451 841 annis
476 809 645 841 duraturis.
693 809 827 840 Summa
851 809 948 850 hujus
975 809 1079 840 oneris
1104 812 1202 850 patet.

152 859 284 890 Summa
308 859 417 891 totalis
442 859 639 891 oneracionis
664 859 800 900 pecunie
831 863 938 900 preter
963 859 1129 899 arrwagia,
1155 857 1204 899 iij⁰

150 908 218 949 lxvj
245 909 278 940 fi.
310 910 388 950 xviij
421 914 443 941 ἔ.
474 909 509 939 ix
539 909 568 940 d.
615 909 748 940 Summa
771 909 879 940 totalis
906 909 1102 940 oneracionis
1129 919 1203 939 cum

151 958 323 999 arreragiis,
339 958 410 999 iiij⁰j
427 958 459 989 fi.
476 969 520 989 xv
536 962 559 989 ἓ.
583 969 605 989 v
627 958 656 988 d.
674 958 721 989 ob.
746 958 780 988 ix
804 958 908 989 celdre
932 959 1087 989 frumenti
1109 958 1200 998 xxiiij

151 1057 351 1088 frumentum
375 1057 415 1088 de
436 1057 663 1088 Bothkennare
686 1057 829 1088 solutum
852 1058 961 1088 abbati
984 1058 1023 1089 de
1048 1058 1202 1089 Cambus-

151 1106 299 1146 kynneth
315 1110 347 1137 et
362 1117 385 1137 x
407 1106 529 1138 celdrae
553 1106 622 1147 xiiij
639 1106 741 1138 bollas
764 1107 786 1147 ij
812 1107 941 1138 ferlotas
965 1107 1083 1138 farrine
1106 1118 1202 1139 aven-

153 1156 234 1187 atice
250 1156 380 1188 baronie
395 1156 434 1187 de
451 1156 685 1187 Bothkennare.

196 1205 344 1245 Expense
386 1205 537 1246 ejusdem.
583 1205 624 1235 In
662 1205 783 1246 primis,
825 1205 959 1237 allocate
1004 1206 1205 1247 computanti

152 1255 318 1295 capellano
343 1255 518 1286 celebranti
544 1255 578 1285 in
609 1258 712 1285 castro
737 1254 775 1285 de
801 1255 991 1296 Strivelyne,
1014 1256 1205 1297 percipienti

152 1305 320 1335 annuatim
344 1305 453 1336 decem
468 1314 591 1335 mareas
608 1304 646 1335 de
670 1314 777 1334 annuo
791 1304 919 1335 redditu
935 1305 973 1335 de
990 1305 1153 1346 Cragorth,
1169 1306 1204 1337 in

152 1353 281 1394 plenam
306 1353 502 1385 solucionem
527 1353 613 1383 feodi
639 1352 690 1383 sui
717 1353 756 1383 de
783 1353 907 1384 duobus
934 1355 1081 1385 terminis
1106 1354 1203 1395 hujus

153 1403 296 1444 computi
312 1406 345 1434 et
360 1403 496 1434 termino
513 1402 740 1433 Penthecostes
765 1405 839 1433 ante
863 1402 923 1434 hoc
939 1408 1125 1444 computum
1143 1405 1204 1435 sub

153 1453 295 1493 periculo
326 1452 551 1494 computantis,
582 1462 604 1482 x
634 1451 666 1482 fi.
712 1452 755 1482 Et
781 1462 838 1492 per
864 1452 1060 1484 solucionem
1085 1454 1204 1485 factam

153 1502 282 1533 domino
298 1502 338 1534 de
359 1501 524 1543 Trareglis,
540 1501 731 1542 percipienti
754 1502 921 1532 annuatim
943 1503 1060 1543 viginti
1083 1513 1205 1534 marcas

153 1546 254 1583 annui
283 1552 427 1583 redditus
454 1551 584 1583 baronie
613 1550 651 1581 de
677 1550 810 1587 Skeooh‚
834 1550 872 1582 de
902 1551 1023 1583 eisdem
1049 1552 1203 1589 terminis,

153 1611 197 1632 xx
215 1601 246 1632 Ῐί.
291 1602 335 1632 Et
357 1601 466 1632 abbati
489 1604 522 1631 et
544 1600 719 1632 conventui
742 1599 781 1630 de
805 1600 926 1638 Culros,
950 1601 1202 1642 percipientibus

154 1651 321 1682 annuatim
333 1651 545 1692 quadraginta
559 1652 624 1680 tres
638 1649 755 1680 solidos
772 1650 872 1680 annui
887 1650 1030 1682 redditus
1041 1651 1080 1682 de
1092 1652 1204 1689 Pullis,

154 1699 193 1731 de
209 1700 303 1732 dictis
325 1701 429 1732 tribus
452 1699 598 1731 terminis
621 1699 682 1729 sub
705 1698 846 1740 periculo
869 1701 1095 1741 computantis,
1119 1701 1153 1742 iij
1171 1701 1203 1732 fi.

154 1749 200 1790 iiij
219 1754 241 1781 Ξ.
257 1751 290 1790 vj
308 1750 337 1782 d.
375 1751 418 1781 Et
433 1749 620 1781 Alexandro
635 1749 782 1786 Lambee,
797 1759 856 1790 pro
871 1749 977 1780 media
992 1753 1148 1781 terrarum
1165 1751 1204 1782 de

117 1807 121 1810 ·
155 1799 369 1830 Inneraloune
384 1799 424 1830 de
440 1799 560 1830 eisdem
576 1798 730 1835 terminis,
750 1808 771 1828 x
787 1798 818 1829 ΠΖ
864 1798 907 1829 Et
922 1799 1034 1836 eidem,
1050 1799 1089 1830 de
1105 1800 1206 1831 firmis

154 1851 310 1879 terrarum
327 1849 366 1880 de
382 1849 408 1879 F
409 1848 620 1891 ossoohquhy,
643 1848 861 1888 Lossyntrule,
878 1852 911 1879 et
933 1849 1097 1889 Lupnooh,
1112 1859 1205 1880 occu-

154 1901 301 1938 patarum
326 1908 400 1929 cum
424 1898 561 1939 propriis
587 1897 679 1928 bonis
707 1897 830 1927 domini
859 1898 950 1938 regis,
981 1902 1204 1938 computorum

154 1947 327 1978 rotulatore
350 1951 490 1979 testante
513 1957 608 1987 super
630 1950 817 1987 computum
841 1946 880 1977 de
904 1947 999 1977 dictis
1022 1947 1126 1978 tribus
1142 1951 1205 1978 ter-

155 1996 259 2033 minis,
275 1997 332 2027 xlv
347 1997 389 2034 nl,
405 1997 461 2028 sed
476 2006 563 2028 nunc
579 1995 756 2026 adiestum
778 1995 1006 2027 Pentheoostes
1022 1996 1106 2027 dicte
1122 2001 1205 2028 terre

156 2044 195 2076 de
211 2045 419 2086 Lossyntrule
435 2045 631 2077 assedantur.
676 2045 718 2075 Et
742 2045 853 2082 eidem,
869 2055 927 2086 pro
943 2045 1157 2077 defalcacione
1173 2051 1205 2078 et

154 2094 333 2126 lucracione
349 2096 416 2126 feni
431 2095 514 2136 prati
531 2095 569 2126 de
593 2095 681 2135 Logy
704 2094 743 2125 de
766 2104 849 2125 anno
873 2096 1024 2136 computi,
1045 2095 1079 2126 xl
1095 2099 1117 2126 ἓ.
1163 2096 1207 2126 Et

157 2145 303 2185 serjando
328 2145 367 2176 de
392 2145 554 2182 strivelin,
570 2154 627 2185 pro
651 2143 742 2174 feodo
759 2154 815 2175 suo
839 2144 878 2175 de
901 2144 995 2175 dictis
1018 2145 1120 2176 tribus
1144 2148 1207 2176 ter-

160 2193 266 2231 minis,
281 2205 348 2225 xxx
364 2199 386 2226 Ξ.
434 2194 477 2225 Et
493 2193 637 2234 serjando
653 2193 691 2225 de
704 2193 898 2234 Tulycultre,
914 2204 971 2234 pro
987 2194 1078 2226 feodo
1095 2205 1153 2226 suo
1167 2195 1208 2227 de
