1551 2462
143 154 232 184 1469.
453 151 613 183 REGUM
637 151 882 184 SCOTORUM.
1125 157 1186 185 599

482 507 648 540 CCXLVI
672 509 841 550 [com]

266 594 481 627 OOMPUTA
497 594 794 627 BALLIVORUM
813 596 876 627 AD
895 596 1052 629 EXTRA.

569 696 630 720 AJ).
650 689 745 721 1469.

179 788 378 820 Scaccarium
393 788 587 819 serenissimi
602 788 756 829 principis
770 791 802 819 et
815 788 937 820 domini
952 790 975 821 J
977 790 1066 821 acobi
1083 791 1182 829 tercii,

137 838 245 870 divina
274 838 401 869 favente
431 837 604 868 clemencia
643 837 809 868 Scotorum
845 838 927 879 regis
964 838 1182 877 illustrissimi,

136 892 261 921 tentum
275 892 308 919 et
329 887 515 918 inchoatum
539 887 623 927 apud
639 887 827 927 Edinburgh
849 887 1001 919 vicesimo
1024 893 1114 920 sexto
1131 890 1182 921 die

43 970 75 981 s*
137 938 253 970 mensis
282 937 375 969 Junii
405 947 488 968 anno
519 936 653 967 Domini
675 935 846 967 millesimo
869 937 1182 978 quadringentesimo

137 987 329 1028 sexagesimo
351 997 445 1023 nono,
468 996 574 1017 coram
597 986 735 1017 dominis
759 986 957 1018 auditoribus
984 988 1181 1029 subscriptis,

136 1037 283 1069 videlicet
313 1036 485 1067 reverendo
516 1035 551 1066 in
589 1035 716 1066 Christo
746 1039 836 1076 patre
875 1036 996 1067 Thoma
1033 1037 1181 1078 episcopo

136 1086 363 1123 Aberdonensi,
379 1085 521 1126 supremi
544 1085 665 1116 domini
688 1085 788 1116 nostri
811 1085 893 1126 regis
917 1086 1047 1118 custode
1062 1088 1181 1128 privati

136 1137 240 1178 sigilli,
276 1135 452 1167 venerabili
490 1135 523 1165 in
554 1135 681 1166 Christo
711 1138 802 1175 patre
832 1135 1029 1167 Archibaldo
1067 1137 1181 1168 abbate

135 1186 317 1219 monasterii
338 1186 453 1217 Sancte
470 1184 580 1216 Crucis
603 1184 641 1215 de
658 1184 854 1225 Edinburgh,
870 1185 1032 1216 nobilibus
1056 1189 1088 1217 et
1111 1197 1181 1227 pre-

134 1236 317 1278 potentibus
339 1234 485 1272 dominis‚
501 1234 630 1265 Andrea
651 1234 779 1265 domino
795 1234 971 1271 Avandale‚
995 1235 1182 1266 cancellario

136 1286 252 1323 Scocie,
276 1285 388 1317 Colino
403 1284 520 1315 comite
535 1283 575 1314 de
598 1283 713 1324 Ergile‚
729 1283 857 1314 domino
875 1284 1015 1321 Cambel,
1031 1285 1182 1326 magistro

134 1335 267 1377 hospicii
293 1334 383 1375 regis,
405 1332 571 1364 Willelmo
601 1332 640 1363 de
667 1332 805 1369 Knollis,
835 1337 1017 1374 preceptore
1045 1334 1084 1365 de
1108 1335 1182 1365 Tor-

135 1384 274 1425 phiehin,
299 1383 503 1420 thesaurario,
533 1382 684 1423 magistro
713 1381 909 1413 Archibaldo
940 1382 979 1413 de
1009 1383 1182 1421 Quhitlaw,

137 1435 256 1466 decano
286 1434 325 1465 de
355 1433 516 1468 Dunbarr,
540 1431 717 1469 secretario,
746 1432 895 1463 Johanne
927 1432 1117 1473 Culquhone
1142 1434 1181 1465 de

135 1484 252 1522 eodem,
267 1483 380 1520 milite,
394 1482 559 1514 Willelmo
575 1481 815 1513 Edmonstoune
831 1482 870 1513 de
886 1482 1059 1521 Duntreth,
1075 1484 1182 1514 Adam

135 1533 242 1566 Wales
265 1533 304 1565 de
327 1533 437 1574 Crago,
459 1534 682 1572 computorum
695 1531 877 1568 rotulatore,
893 1532 1053 1573 magistris
1074 1533 1182 1564 David

136 1583 258 1615 Guthre
269 1583 307 1614 de
317 1582 437 1619 eodem,
447 1581 560 1613 clerico
572 1580 750 1611 rotulorum
766 1584 798 1611 et
813 1581 946 1621 registri,
955 1585 988 1612 et
997 1582 1182 1614 Alexandro

136 1634 174 1665 de
189 1633 344 1670 Mox-avia,
359 1631 510 1663 canonico
526 1630 730 1666 Moraviensi,
746 1629 883 1660 dominis
893 1630 1030 1661 Ricardo
1042 1631 1182 1669 Roberti,

136 1683 285 1715 canonico
322 1679 553 1717 Aberdonensi,
584 1682 616 1710 et
653 1679 675 1710 J
678 1679 802 1710 ohanne
840 1679 949 1720 Laing‚
988 1681 1104 1712 vicario
1142 1681 1181 1713 de

135 1732 316 1773 Linlithqw,
339 1730 537 1762 auditoribus
560 1738 616 1769 per
638 1737 823 1769 supremum
847 1728 1013 1760 dominum
1035 1733 1180 1761 nostrum

134 1792 239 1824 regem
253 1780 433 1823 specialiter
449 1778 618 1820 deputatis.

178 1881 373 1923 Gomputum
402 1879 424 1911 J
427 1878 516 1910 acobi
555 1877 668 1909 Schaw
705 1877 745 1908 de
784 1877 978 1918 Sauchquffi,
1016 1879 1181 1911 camerarii
1195 1888 1383 1930 striveling-

134 1931 254 1963 domini
266 1930 367 1961 nostri
379 1929 459 1970 regis
470 1928 509 1959 de
522 1927 614 1958 terris
627 1929 659 1958 et
671 1926 770 1957 firmis
782 1937 950 1967 granorum
963 1927 1002 1959 de
1013 1928 1179 1960 Strivelin-
1194 1932 1305 1964 schire,

135 1981 244 2017 schire,
261 1979 470 2021 [Ecbinburyh⁷
485 1979 529 2009 „⁶37
544 1977 628 2008 June
643 1977 737 2014 1469,
747 1977 836 2016 from
848 1977 892 2007 17
906 1976 990 2007 June
1005 1978 1112 2018 1468]

177 2031 268 2062 Idem
284 2032 393 2061 onerat
416 2038 449 2059 se
464 2028 499 2058 in
514 2026 634 2067 primis,
651 2025 689 2056 de
704 2025 762 2056 lxx
776 2025 809 2057 ii.
832 2036 889 2067 per
910 2026 1049 2068 integras
1073 2028 1179 2060 firmas

135 2080 262 2112 baronis
278 2080 317 2111 de
333 2078 568 2115 Bothkennare,
584 2087 605 2107 x
622 2076 738 2108 celdris
760 2076 804 2117 xij
823 2075 917 2108 bollis
933 2077 1050 2108 farrine
1066 2088 1180 2110 avena-
