1551 2462
174 2151 291 2192 lrwyn.

396 286 458 315 306
701 283 866 315 ROTULI
890 282 1126 315 SCACCARII
1356 283 1446 314 1464.

394 376 487 408 annis
510 376 607 418 hujus
630 376 781 418 computi,
804 376 882 417 ipsis
905 375 1083 407 fatentibus
1105 377 1270 416 receptum
1294 384 1351 416 per
1373 384 1447 406 suas

393 426 503 457 literas
519 437 615 467 super
630 430 827 467 computum,
842 425 935 466 lxxiij
960 425 991 456 li.
1009 425 1040 466 vj
1066 429 1089 456 ἔ.
1106 424 1163 466 viij
1182 424 1210 456 d.
1268 424 1311 455 Et
1326 423 1446 454 Fratri-

393 475 453 506 bus
465 475 645 506 Oarmelitis
658 475 697 506 (16
709 475 850 506 Τι111111111
863 485 961 515 prope
976 474 1098 505 dictum
1111 474 1258 515 burgum,
1269 473 1446 515 percipien-

393 525 480 556 tibus
511 525 679 556 annuatim
710 525 853 566 quinque
882 534 1005 555 marcas
1036 524 1076 555 de
1107 523 1206 554 firmis
1237 523 1316 554 dicti
1345 523 1446 563 burgi,

393 578 431 605 ut
459 578 549 616 patet
579 575 614 606 in
644 575 738 606 dictis
760 574 882 611 rotulis,
913 574 991 614 ipsis
1015 574 1117 607 eciam
1146 583 1203 614 per
1232 572 1342 604 literas
1372 582 1446 603 snas

393 624 571 655 fatentibus
596 628 761 664 receptum
785 634 880 664 super
907 625 1094 663 computum
1117 622 1156 653 de
1179 622 1272 653 annis
1295 621 1447 661 computi,

393 674 448 714 xvj
465 674 496 705 ri.
514 674 570 714 xiij
588 678 610 705 s.
628 674 674 714 iiij
693 673 721 705 d.
769 674 811 704 Et
827 672 936 704 abbati
951 675 983 703 et
1006 671 1179 703 conventui
1195 671 1233 702 de
1250 671 1360 707 Scona,
1375 681 1445 711 per-

393 723 585 763 cipientibus
603 723 769 754 annuatim
785 722 927 763 quinque
940 722 1037 752 libras
1052 724 1116 754 tres
1129 720 1245 752 solidos
1262 723 1294 751 et
1309 723 1446 761 quatuor

393 772 538 803 denarios
555 773 593 803 de
610 773 711 803 firmis
727 772 805 805 dicti
821 772 922 812 burgi,
938 774 976 802 ut
991 774 1081 812 patet
1096 771 1130 801 in
1145 770 1260 801 rotulis
1274 769 1445 810 preceden-

392 822 487 858 tibus,
503 822 580 863 ipsis
596 832 652 862 per
669 832 742 853 suas
757 821 866 852 literas
880 821 1055 852 fatentibus
1070 824 1234 861 receptum
1249 830 1345 860 super
1361 830 1446 850 com-

392 875 508 911 putum
524 872 563 902 de
579 872 722 912 quinque
735 871 827 902 annis
843 871 940 911 hujus
951 870 1101 911 computi,
1118 879 1183 903 xxv
1199 869 1230 900 fi.
1244 870 1298 910 xvj
1312 873 1335 900 s.
1349 869 1404 910 viij
1416 869 1444 900 d.

393 921 435 951 Et
451 920 560 951 abbati
578 924 611 951 et
633 920 807 951 conventui
830 920 868 950 de
892 919 1180 956 Cambuskinneth‚
1196 919 1446 959 percipientibus

393 970 560 1000 annuatim
588 970 822 1011 quinquaginta
848 969 966 1000 solidos
991 969 1031 1000 (16
1055 969 1155 999 firmis
1182 968 1260 999 dieti
1286 968 1379 1009 burgi
1406 979 1446 999 ex

392 1019 565 1050 elemosina
579 1019 662 1060 regis
679 1019 821 1059 antiqua,
843 1022 881 1049 ut
896 1020 985 1059 patet
1006 1018 1041 1051 in
1064 1017 1177 1048 rotulis
1193 1017 1445 1058 precedentibus,

390 1068 469 1109 ipsis
485 1069 661 1099 fatentibus
677 1071 841 1108 receptum
864 1077 959 1109 super
981 1070 1167 1108 computum
1190 1066 1345 1107 deb—annis
1361 1076 1444 1097 com-

390 1119 471 1159 puti,
484 1119 527 1159 xij
544 1118 576 1149 11.
590 1128 612 1149 x
628 1122 650 1149 ἓ.
698 1118 740 1148 Et
755 1118 852 1158 priori
867 1120 899 1148 et
912 1117 1085 1148 conventui
1098 1115 1332 1153 Sanctiandree,
1345 1116 1444 1156 perci-

393 1168 552 1209 pientibus
577 1168 747 1198 annuatim
770 1177 869 1198 unam
896 1176 1036 1198 marcam
1067 1165 1105 1197 de
1132 1165 1233 1196 firmis
1260 1165 1444 1206 burgalibus

390 1218 542 1258 ejusdem,
558 1218 661 1258 priore
677 1217 830 1248 defuncto
847 1219 879 1247 et
894 1216 999 1257 priore
1015 1214 1165 1246 moderno
1181 1224 1238 1255 per
1249 1224 1323 1245 suas
1334 1214 1443 1245 literas

390 1267 565 1298 fatentibus
589 1270 753 1307 receptum
780 1276 876 1307 super
898 1268 1085 1306 computum
1112 1264 1150 1296 de
1175 1264 1268 1296 annis
1293 1265 1444 1305 computi,

389 1316 424 1356 iij
446 1316 477 1347 ti.
501 1317 532 1356 vj
559 1320 581 1347 ἓ.
605 1317 660 1357 viij
687 1316 715 1347 d.
761 1316 804 1347 Et
829 1315 923 1346 dictis
944 1315 1108 1346 Fratribus
1132 1314 1388 1346 Predicatoribus
1404 1314 1444 1345 de

390 1366 496 1403 Perth,
512 1366 762 1407 percipientibus
780 1365 948 1397 annuatim
972 1375 1027 1396 sex
1043 1374 1165 1397 marcas
1181 1374 1261 1404 quas
1277 1364 1444 1395 consuevit

389 1415 551 1455 percipere
568 1415 751 1455 capellanus
776 1415 885 1445 Sancti
909 1414 1078 1445 Laurencii
1101 1424 1141 1445 ex
1164 1424 1259 1445 causa
1279 1413 1442 1454 premissa,

388 1465 467 1504 ipsis
483 1474 539 1505 per
554 1475 627 1495 suas
644 1464 753 1495 literas
770 1464 946 1495 fatentibus
962 1467 1126 1504 receptum
1142 1473 1237 1504 super
1255 1467 1443 1503 computum

390 1513 430 1544 de
447 1513 538 1544 annis
556 1513 707 1553 computi,
720 1524 763 1543 xx
779 1513 810 1544 fi.
850 1513 893 1544 Et
908 1514 1068 1554 preposito
1084 1517 1116 1544 et
1128 1513 1352 1544 communitati
1364 1513 1443 1544 dicti

389 1562 490 1603 burgi,
505 1563 755 1603 percipientibus
779 1563 945 1593 annuatim
962 1563 1070 1593 decem
1087 1562 1184 1593 libras
1200 1562 1442 1603 quatuordecim

389 1611 506 1643 solidos
517 1615 548 1642 et
559 1615 628 1642 octo
634 1611 778 1642 denarios
785 1611 824 1642 de
834 1611 933 1642 firmis
940 1611 1015 1642 dicti
1028 1611 1441 1652 burgiadsustentacionem

388 1661 496 1702 pontis
512 1660 552 1692 de
567 1661 662 1701 Taya,
678 1661 699 1692 J
702 1661 826 1692 ohanne
842 1661 881 1692 (16
894 1661 1010 1697 rebus,
1021 1661 1143 1697 latimo,
1155 1661 1306 1702 magistro
1323 1660 1440 1692 fabrice

389 1710 468 1741 dicti
483 1710 598 1751 pontis,
614 1720 670 1750 per
685 1710 793 1741 literas
809 1720 882 1741 suas
909 1710 1030 1741 fatente
1051 1713 1215 1751 receptum
1238 1720 1334 1750 super
1356 1720 1441 1741 com-

389 1763 506 1801 putum
519 1760 557 1791 de
570 1760 662 1791 annis
675 1760 826 1800 computi,
836 1759 883 1800 liij
900 1759 931 1790 fi.
943 1760 999 1800 xiij
1014 1763 1036 1791 s.
1049 1759 1095 1800 iiij
1107 1759 1135 1791 d.
1174 1760 1217 1790 Et
1229 1759 1332 1790 eidem
1344 1759 1443 1800 priori

390 1809 544 1846 Cartnsie,
557 1809 596 1840 de
613 1819 719 1839 annua
730 1809 883 1849 pensione
899 1809 1042 1850 quinque
1055 1809 1208 1840 librarum
1224 1809 1303 1840 alias
1319 1809 1440 1840 debita-

389 1869 461 1890 rum
478 1858 631 1899 hospitali
647 1858 732 1889 beati
749 1858 918 1889 Lamencii
940 1861 972 1889 et
988 1858 1156 1889 duodecim
1171 1858 1347 1889 solidorum
1362 1857 1440 1889 alias

390 1908 571 1939 debitorum
586 1907 738 1948 hospitali
761 1908 852 1939 beate
875 1907 978 1938 Marie
1001 1907 1201 1948 Magdalene,
1224 1918 1310 1939 nunc
1333 1911 1440 1939 autem

389 1957 667 1998 appropriatorum
694 1957 779 1988 dicte
809 1957 926 1995 domui,
956 1960 994 1988 ut
1022 1960 1113 1998 patet
1137 1967 1194 1998 per
1223 1957 1332 1989 literas
1363 1957 1441 1989 dicti

389 2007 504 2047 prioris
521 2006 559 2037 de
574 2009 702 2047 recepto
725 2009 867 2038 ostensas
883 2017 979 2047 super
994 2009 1179 2048 computum
1196 2006 1235 2039 de
1251 2007 1344 2039 annis
1356 2017 1439 2039 com-

390 2056 470 2096 puti,
487 2056 587 2096 xxviij
605 2056 636 2087 li.
685 2056 785 2097 [Suom
801 2057 907 2094 3400.
950 2057 1095 2094 Balanee,
1110 2057 1208 2097 2310]

435 2154 630 2201 Computum
646 2154 838 2185 ballivorum
854 2154 947 2196 burgi
963 2155 1002 2187 de
1019 2155 1156 2197 Irwyne,
1173 2156 1382 2197 [Edinburqh,
1397 2156 1441 2188 15

395 2203 515 2235 October
529 2204 624 2242 1464,
632 2204 721 2245 from
737 2204 758 2235 9
773 2204 853 2245 July
868 2204 955 2243 1462
964 2216 977 2244 ,·
1000 2206 1022 2236 93
1036 2215 1132 2246 years.

1537 2371 1551 2424 ΚΑΛ
