1551 2462
111 528 250 560 Farrina.

112 1271 233 1302 Avene.

326 239 386 268 134
637 236 801 268 ROTULI
826 236 1062 268 SCACCARII
1285 239 1377 268 1462.

325 330 424 361 firmis
450 339 619 371 granorum
645 330 684 361 de
709 329 939 361 Ardmannach
962 340 1003 361 ex
1029 339 1124 361 causa
1150 329 1296 370 superius
1323 340 1378 361 ex-

324 383 467 420 pressata
489 379 524 410 in
547 383 692 420 compoto
716 379 859 420 pecunie,
883 379 937 420 xxj
955 379 1061 410 celdre
1083 379 1105 420 iJ'
1130 379 1215 410 bolle
1240 379 1328 411 ordei
1347 382 1379 410 et

325 429 428 460 brasii.
491 429 622 460 Summa
646 429 744 470 hujus
768 429 946 469 pendencie
969 432 1066 470 patet.
1121 429 1163 460 Et
1187 429 1233 460 sic
1256 432 1380 460 restant

326 479 382 519 xfij
400 478 505 510 celdre
522 479 552 519 vj
572 478 681 510 110118
673 479 706 519 iij
725 478 843 509 ferlote.

325 577 431 619 peecis
447 588 521 608 cum
538 581 654 618 quarta
669 580 760 618 parte
770 587 864 617 pecce
880 586 936 617 per
952 577 1109 617 arreragia
1124 577 1232 608 ultimi
1241 578 1381 619 compoti

327 628 385 665 sui,
408 630 446 658 ut
468 631 557 668 patet
580 627 614 658 in
636 627 716 668 pede
738 626 888 667 ejusdem.
945 626 1076 657 Summa
1106 627 1254 668 arreragii
1283 631 1380 668 patet.

327 677 421 714 Item,
432 676 519 708 idem
532 680 643 708 onerat
653 687 686 707 se
697 676 736 707 de
746 676 802 716 xxj
814 675 929 706 celdris
945 675 968 716 ij
982 675 1076 706 boHis
1088 675 1206 707 farrine
1216 677 1380 708 avenatice

328 727 368 758 de
378 727 478 758 firmis
489 730 644 757 terrarum
656 726 694 757 de
705 726 873 756 Ardmann
879 725 936 756 ach
947 725 986 756 de
997 725 1090 756 dictis
1101 725 1224 757 duobus
1235 726 1380 757 terminis

326 776 423 817 hujus
440 776 588 817 compoti,
603 775 755 807 videficet
779 775 889 806 Sancti
911 775 1055 806 Martini.
1102 775 1144 806 Et
1160 775 1199 806 de
1214 775 1248 816 iij
1266 775 1381 807 celdris

327 836 349 857 v
363 825 458 857 1101115
471 826 483 866 J'
502 825 617 857 ferlota
632 825 709 856 bina
723 828 814 866 parte
824 834 918 865 pecce
935 824 1052 855 farrine
1067 825 1232 856 avenatice
1249 825 1288 856 de
1302 825 1382 856 villa

326 876 366 907 de
396 876 526 916 Kyntra
563 875 639 906 dicti
675 875 845 906 comitatus
875 874 914 905 de
948 874 1042 905 dictis
1073 874 1196 905 duobus
1226 874 1381 911 terminis,

327 925 457 966 dempta
471 925 577 956 tercia.
635 924 767 956 Summa
791 923 900 955 totalis
923 923 1119 955 oneracionis
1143 924 1261 955 farrine
1283 935 1379 956 aven-

326 975 408 1006 atice
425 984 498 1005 cum
522 974 696 1015 arreragiis,
720 974 821 1013 xxviij
847 973 952 1004 celdre
975 973 1043 1013 xn'iJ'
1062 973 1145 1004 bolle
1168 973 1202 1014 iij
1228 973 1340 1005 ferlote
1356 974 1378 1015 iJ'

325 1034 421 1065 pecce
436 1024 470 1064 iij
484 1027 596 1064 quarte
612 1033 714 1064 pecce.
760 1023 811 1053 De
827 1023 952 1063 quibus,
968 1022 1110 1063 pendent
1125 1033 1220 1063 super
1229 1023 1380 1055 comitem

329 1074 450 1111 Rossie,
466 1074 695 1115 percipientem
719 1073 759 1104 ad
774 1082 889 1103 manus
912 1072 1055 1113 proprias
1071 1072 1110 1103 de
1126 1072 1225 1103 firmis
1241 1072 1280 1103 de
1296 1073 1379 1104 Ard-

326 1123 487 1155 mannach
502 1123 540 1154 de
557 1123 651 1154 dictis
667 1123 800 1159 duobus,
816 1122 918 1158 annis,
931 1122 984 1162 xxj
1000 1121 1104 1153 celdre
1119 1122 1141 1162 ij
1161 1122 1245 1153 holle
1261 1122 1379 1154 farrine

331 1173 503 1204 avenatice.
551 1173 683 1204 Summa
698 1172 795 1212 hujus
807 1171 982 1212 pendencie
998 1174 1108 1226 patet.
1140 1171 1183 1202 Et
1198 1172 1243 1203 518
1259 1175 1381 1204 restant

327 1223 372 1264 viJ'
391 1223 495 1278 celdre
511 1223 556 1264 xij
574 1222 682 1253 bolle
673 1222 707 1262 1ij
727 1221 864 1253 ferlote'
855 1221 877 1262 1j
895 1231 990 1276 pesce
1006 1221 1039 1262 iij
1058 1213 1172 1262 quarte
1188 1231 1290 1263 pecce.

326 1322 435 1353 ultimi
465 1322 604 1363 compoti
635 1321 694 1358 sui,
719 1321 870 1352 videlicet
899 1321 933 1351 in
964 1324 1111 1361 compoto
1140 1331 1318 1361 granorum,
1342 1326 1381 1352 u.

326 1375 415 1412 patet
431 1372 465 1402 in
481 1371 560 1412 pede
577 1371 726 1411 ejusdem.
774 1370 905 1401 Summa
920 1372 1016 1410 patet.
1063 1370 1156 1407 Item,
1167 1370 1253 1401 idem
1269 1375 1380 1402 onerat

327 1431 360 1452 se
383 1421 422 1451 de
445 1421 501 1461 xiij
528 1420 642 1451 celdris
658 1420 702 1460 viJ'
724 1418 818 1450 bollis
839 1429 1015 1450 avenarum
1039 1419 1078 1450 de
1103 1420 1202 1451 firmis
1220 1423 1378 1452 terrarum

328 1470 609 1502 vicecomitatuum
634 1469 673 1500 de
703 1469 809 1509 Elgyn
833 1472 866 1500 et
896 1469 992 1500 Fores
1023 1472 1055 1500 et
1079 1469 1181 1500 veteri
1212 1473 1314 1501 castro
1339 1471 1379 1502 de

327 1520 486 1561 Invernys
524 1520 563 1550 de
594 1519 718 1550 dnobus
748 1518 894 1549 terminis
926 1518 1035 1549 Sancti
1066 1518 1211 1556 Martini,
1238 1519 1378 1560 demptis

326 1570 433 1601 terciis
460 1572 497 1599 ut
523 1579 627 1609 supra,
651 1578 713 1609 que
743 1568 895 1599 dicuntur
926 1569 1126 1606 custumatis,
1156 1569 1377 1610 spectantibus

327 1619 455 1650 domino
482 1618 545 1659 regi
578 1618 676 1649 libere
701 1618 821 1659 absque
851 1618 1013 1649 solucione
1037 1619 1178 1659 pecunie.
1245 1619 1378 1651 Summa

327 1668 435 1700 totalis
460 1667 657 1699 oneracionis
682 1677 755 1698 cum
779 1667 954 1708 arreragiis,
979 1667 1070 1708 xxiiij
1097 1668 1202 1700 celdre
1227 1669 1259 1709 xj
1283 1669 1377 1701 bolle.

369 1718 420 1749 De
436 1718 562 1758 quibus,
577 1717 710 1748 allocate
721 1718 921 1758 computanti
933 1718 972 1749 de
984 1718 1083 1748 firmis
1094 1728 1266 1749 avenarum
1279 1719 1378 1750 comi-

325 1771 412 1799 tatus
436 1768 475 1799 de
498 1768 596 1803 Marr,
612 1777 686 1798 cum
708 1767 825 1807 quibus
849 1770 1035 1807 compotans
1058 1767 1204 1808 superius
1227 1771 1378 1800 oneratur

282 1849 285 1850 γ
325 1818 360 1849 111
391 1817 546 1858 compotis
584 1826 741 1847 annorum
772 1816 905 1847 Domini
943 1817 1202 1858 quinquagesimi
1234 1818 1312 1848 noni
1343 1821 1377 1849 et

325 1867 523 1908 sexagesimi,
550 1869 587 1897 ut
614 1869 703 1906 patet
729 1865 763 1895 in
790 1865 919 1902 eisdem,
943 1867 1101 1907 perceptis
1126 1877 1183 1907 per
1209 1867 1375 1898 dominum

326 1916 521 1957 Glammys
509 1926 543 1947 111
560 1914 703 1947 custodia
713 1914 808 1946 castri
824 1914 862 1945 de
873 1915 1069 1956 Kyndrumy
1085 1916 1125 1947 de
1141 1916 1235 1948 dictis
1251 1917 1374 1948 duobus

325 1967 426 2004 annis,
442 1966 488 2006 iiij
506 1965 611 1997 celdre
633 1965 667 1995 ix
691 1964 782 1996 bolle.
829 1964 872 1995 Et
895 1966 1102 2005 compotanti,
1118 1965 1153 1996 in
1169 1976 1372 2007 compensam

323 2016 469 2048 laborum
485 2025 614 2047 suorum
630 2015 787 2045 factorum
802 2013 886 2044 infra
910 2014 1040 2045 bamam
1057 2015 1201 2055 ejusdem
1219 2016 1260 2046 ad
1276 2026 1374 2072 equos

324 2077 406 2103 suos,
422 2076 461 2097 ex
485 2065 739 2097 consideracione
755 2062 936 2094 auditorum
960 2064 998 2094 de
1015 2064 1109 2095 dictis
1132 2064 1257 2096 duobus
1272 2066 1374 2104 annis,

323 2116 345 2156 ij
375 2115 479 2147 celdre
505 2125 536 2156 xJ
566 2114 650 2146 bolle
676 2123 859 2145 avenarum.
920 2113 1051 2144 Summa
1078 2124 1302 2155 expensarum,
1328 2116 1374 2156 vij

325 2165 454 2198 celdre'
446 2165 492 2206 iiij
511 2164 602 2196 bolle
648 2164 691 2195 Et
713 2163 758 2194 sic
774 2164 896 2194 restant
912 2162 978 2203 xvij
1003 2162 1108 2195 celdre
1127 2164 1168 2204 vij
1187 2163 1278 2197 bolle.
1322 2164 1374 2196 De
