1551 2462
68 295 74 299 ι
96 252 185 281 1461.
403 248 565 280 REGUM
588 248 833 280 SOOTORUM.
1098 251 1136 279 63

92 343 220 374 domine
238 342 353 383 regine,
376 342 506 373 custode
529 341 646 382 privati
669 341 765 382 sigilli
788 343 927 372 testante
951 340 1137 371 mandatum

93 402 187 434 super
196 392 433 433 compotum,de
444 401 526 422 anno
537 391 675 431 compoti
686 394 718 421 et
728 401 791 421 uno
802 391 938 421 termino
950 390 1137 430 precedente

93 444 152 475 hoc
168 447 360 484 compotum,
377 454 398 474 v
413 443 445 474 fi.
490 443 533 473 Et
549 443 660 479 eidem,
672 453 728 482 pre)
746 442 959 473 defalcacione
975 445 1138 482 pratorum

93 493 133 525 de
157 493 314 524 Methven
337 493 376 524 de
400 503 483 523 anno
507 492 654 532 compoti,
678 491 712 522 xl
733 496 755 522 s.
801 491 843 522 Et
866 501 922 531 per
945 491 1137 531 superfluam

94 542 313 574 oneracionem
339 545 496 573 terrarum
523 541 561 572 de
587 542 765 572 Newtoune
788 541 827 572 de
853 541 969 571 Doune
993 541 1031 571 de
1055 551 1138 572 anno

94 592 232 632 compoti
242 595 274 623 et
286 592 324 623 de
337 592 474 623 termino
489 591 575 622 beati
588 591 722 622 Martini
739 590 927 631 precedente
940 590 999 621 hoc
1012 601 1137 631 compo-

94 644 174 679 tum,
190 652 210 672 v
225 641 258 673 fi.
303 642 345 672 Et
368 641 496 672 Andree
520 641 559 672 de
582 641 741 676 Balfoure‚
756 649 812 681 pro
830 640 929 671 feodis
943 640 1090 681 janitoris
1107 643 1139 671 et

94 691 284 732 pervigilum
301 691 396 722 castri
417 691 455 722 de
478 691 593 721 Doune
617 690 656 721 de
679 699 763 720 anno
786 690 925 730 compoti
948 693 980 720 et
1003 690 1139 720 termino

94 741 280 781 precedente
311 741 369 772 hoc
400 744 591 781 compotum,
614 740 659 780 iiij
691 739 724 771 fi.
755 750 775 770 x
799 744 822 770 s.
878 740 920 770 Et
951 739 1062 776 eidem,
1085 750 1142 780 per

94 789 287 821 solucionem
304 790 420 821 factam
437 790 522 821 dicto
537 789 665 820 Andree
682 789 720 820 de
738 789 887 820 Balfoure
899 799 955 829 pro
969 789 1141 827 delacione,

95 839 245 876 seocione,
275 843 308 871 et
337 839 472 880 cariagio
503 839 743 880 quatuordeeim
771 849 958 880 magnorum
981 839 1141 880 lignorum

95 888 251 919 dictorum
267 889 375 930 geistis
391 889 431 920 ad
449 888 600 920 fabricam
617 888 655 919 de
672 888 921 929 Ravynniscrag‚
938 888 977 919 de
991 889 1141 920 mandato

95 937 222 969 domine
245 938 360 979 regine,
376 938 507 969 custode
529 938 648 980 privati
671 937 768 978 sigilli
792 941 930 969 testante
953 938 1141 968 mandatum

95 997 190 1028 super
212 991 405 1028 compotum,
434 987 447 1018 1
469 992 503 1024 s„
526 991 557 1018 et
581 991 704 1019 restant
731 997 804 1018 cum
836 988 922 1018 dicto
954 987 1085 1018 Andrea
1107 987 1142 1017 in
1155 988 1358 1040 ffffissgffiffim

95 1046 222 1067 nemore
237 1047 293 1067 sex
308 1036 425 1077 geistis.
470 1037 513 1067 Et
529 1037 640 1073 eidem,
656 1046 712 1077 pro
729 1037 953 1067 emendacione
970 1040 1001 1067 et
1016 1047 1142 1078 repara·
1156 1048 1178 1076 vj
1190 1048 1284 1076 geistes.

95 1086 186 1117 cione
216 1096 383 1126 croyarum
413 1086 453 1116 de
486 1086 599 1116 Doune
629 1096 685 1126 per
715 1086 879 1117 Andream
911 1086 1070 1124 Balfoure,
1101 1096 1142 1118 ex

97 1185 200 1215 eidem
211 1184 338 1215 Andree
347 1195 404 1225 pro
415 1184 549 1225 cariagio
561 1188 774 1225 tapesteorum
785 1185 823 1216 de
830 1186 927 1217 Arass
939 1186 1140 1217 dominorum

97 1234 178 1274 regis
217 1237 249 1265 el:
285 1234 392 1275 regine
430 1234 468 1265 de
500 1233 654 1264 Strivelin
681 1244 791 1265 versus
829 1235 1010 1266 Druint'reis
1042 1239 1074 1266 et
1105 1236 1143 1267 de

96 1283 277 1314 Drumfreis
294 1293 404 1314 versus
421 1283 584 1324 Strivelyn
601 1286 633 1315 et
649 1283 688 1314 de
704 1284 866 1315 Faucland
889 1295 999 1316 versus
1016 1285 1144 1326 Lithqw

97 1332 230 1363 diversis
246 1332 379 1370 vicibus,
395 1336 432 1363 ut
448 1335 536 1373 patet
552 1333 585 1363 in
609 1333 721 1364 cedula
745 1333 824 1364 dicti
846 1334 975 1365 Andree
1003 1335 1142 1375 particu-

97 1432 182 1463 dicto
197 1431 334 1468 Andree,
350 1442 406 1472 pro
422 1436 559 1472 quatuor
582 1431 667 1462 ulnis
690 1432 789 1472 panni
813 1433 897 1463 lanei
920 1433 1004 1473 nigri
1027 1434 1142 1474 emptis

97 1491 153 1522 per
167 1481 303 1512 eundem
320 1491 337 1511 a
358 1481 479 1512 Thoma
503 1481 633 1512 Folkart
657 1485 688 1512 et
711 1481 855 1513 liberatis
878 1483 1005 1514 domine
1028 1484 1144 1524 regine,

97 1531 226 1563 custode
242 1530 359 1571 privati
377 1530 474 1571 sigilli
490 1534 629 1562 testante
650 1531 917 1563 deliberacionem
940 1543 1036 1573 super
1059 1543 1142 1564 com-

97 1585 216 1622 potum,
232 1591 253 1611 v
268 1581 300 1612 n.
316 1581 348 1621 vj
365 1585 388 1612 ἔ.
406 1581 460 1621 viij
478 1580 507 1612 d.
556 1581 598 1611 Et
618 1591 705 1612 maro
731 1581 769 1613 de
793 1582 958 1619 Methven,
974 1593 1029 1623 pro
1054 1583 1145 1614 feodo

97 1641 154 1663 suo
169 1631 208 1662 de
224 1641 306 1662 anno
323 1631 469 1671 compoti,
486 1641 529 1661 xx
547 1635 569 1662 ἔ.
615 1631 658 1661 Et
673 1631 785 1668 eidem,
795 1642 852 1672 pro
869 1642 931 1662 uno
945 1642 1027 1672 equo
1038 1636 1145 1673 empto

98 1691 153 1722 per
190 1683 425 1723 cqmpotantem
463 1683 495 1711 et
533 1680 666 1712 liberato
703 1681 854 1721 magistro
892 1681 931 1712 de
978 1682 1145 1720 Bostounc,

98 1730 243 1772 Augfico,
258 1741 298 1761 ex
313 1730 465 1760 mandato
481 1730 608 1761 domine
627 1730 735 1771 regine
759 1731 818 1762 sub
842 1731 927 1762 dicto
950 1732 1145 1770 testimonio,
1160 1738 1277 1761 Lesoum's.

97 1790 117 1812 v
132 1781 165 1812 fi.
210 1781 251 1811 Et
267 1780 378 1817 eidem,
391 1780 430 1811 de
446 1780 545 1811 firmis
562 1780 736 1811 molendini
753 1780 791 1812 de
808 1781 914 1812 Skeok
930 1773 1009 1822 qnas
1027 1783 1146 1823 recepit

96 1831 260 1863 Johannes
278 1831 316 1861 de
339 1829 490 1861 Balfoure
515 1830 548 1860 in
565 1833 688 1870 partem
712 1830 884 1862 solucionis
908 1831 993 1862 feodi
1016 1832 1065 1862 sui
1089 1842 1145 1872 pro

96 1880 239 1912 custodia
255 1880 350 1911 castri
373 1879 412 1911 de
435 1880 609 1916 Fauclaud,
625 1880 664 1911 de
688 1890 771 1911 anno
794 1881 941 1922 compoti,
958 1881 992 1921 iij
1010 1881 1041 1912 l-i.
1072 1881 1103 1921 vj
1122 1886 1144 1913 ἕ.

96 1930 151 1972 viij
176 1930 205 1962 d.
251 1930 293 1961 Et
316 1929 428 1966 eidem,
452 1929 490 1960 de
513 1929 613 1961 firmis
647 1933 802 1961 terrarum
825 1931 863 1962 de
892 1931 1048 1962 Dulcrufe
1071 1941 1145 1962 cum

99 1980 289 2017 molendino¹
328 1989 407 2020 quas
451 1979 583 2020 Albany
627 1980 759 2021 signifer
796 1981 916 2021 recepit
953 1981 992 2012 ad
1031 1989 1144 2014 manus

100 2029 252 2071 proprias,
268 2032 300 2060 et
322 2029 422 2060 nichil
445 2029 542 2060 habet
557 2029 770 2070 (listringibile
787 2031 854 2071 jam
871 2031 905 2061 in
928 2031 1022 2062 dictis
1045 2032 1145 2069 terris,

99 2082 156 2123 viij
173 2081 215 2119 11,
230 2090 325 2122 super
340 2091 403 2121 quo
420 2081 609 2112 consolenda
625 2084 673 2113 est
689 2082 817 2113 domina
833 2082 951 2122 regina.
998 2083 1040 2113 Et
1062 2093 1145 2115 com-
1159 2065 1361 2124 gggfiiiffelgixffit

55 2135 59 2140 '
101 2131 234 2173 potanti,
250 2141 306 2171 pro
325 2130 413 2162 feodo
429 2141 486 2161 suo
506 2130 544 2162 de
561 2141 643 2162 auno
667 2132 805 2172 compoti
829 2143 867 2163 ex
892 2131 1145 2164 consideracione

103 2181 294 2218 auditorum,
307 2190 327 2211 x
341 2180 374 2212 fi.
420 2180 462 2211 Et
478 2179 590 2218 eidem,
602 2191 658 2222 per
670 2181 864 2213 solucionem
882 2182 999 2213 factam
1013 2181 1145 2214 domino
