1551 2462
153 242 246 274 1463.
465 242 627 274 REGUM
650 242 896 274 SCOTORUM.
1141 246 1155 274 1
1162 246 1178 274 6
1185 244 1202 274 7

149 335 245 366 unius
268 334 343 366 libri
365 335 476 366 cimini
499 334 643 366 redditus
666 335 764 366 assise
786 337 870 367 terre
893 335 932 366 de
955 335 1139 376 Neubiggin
1163 335 1201 367 de

151 384 236 415 dicto
252 385 388 415 termino
413 385 522 416 Sancti
545 384 689 422 Martini,
706 384 782 425 quia
807 387 886 415 tunc
908 384 1051 416 redditur
1066 388 1200 415 tantum.
1216 384 1324 415 Pisces
1339 382 1426 414 aridi.

150 434 192 464 Et
207 433 246 464 de
273 432 306 464 v⁰
331 434 473 475 piscibus
501 434 596 465 aridis
624 434 723 465 annui
747 434 891 465 redditus
918 434 957 465 de
982 434 1147 465 Montrose
1163 435 1203 465 de

150 483 235 514 dicto
251 483 386 514 termino
403 483 513 515 Sancti
527 483 664 514 Martini
686 483 771 514 infra
793 483 852 514 hoc
869 486 1060 524 compotum.
1105 484 1148 514 Et
1164 483 1203 514 de

150 532 195 573 xij
212 533 320 564 ferreis
348 543 502 574 equorum
527 534 626 564 annui
647 533 791 564 redditus
815 533 983 574 cujusdam
1007 536 1091 564 terre
1114 543 1204 573 spec-

150 583 250 613 tantis
279 583 455 614 Laurencio
487 582 592 614 Smith
621 583 656 613 in
687 583 825 614 Brechin
856 583 895 614 de
926 583 1036 614 eodem
1066 583 1203 614 termino

151 632 260 664 Sancti
295 632 439 671 Martini,
480 633 555 674 quia
584 636 663 664 tunc
699 632 844 665 redditur
873 636 1009 665 tantum.
1070 633 1202 664 Summa

151 681 247 722 hujus
263 682 374 719 oneris,
390 682 460 713 xlix
474 682 506 714 fi.
523 683 566 723 vij
585 693 606 714 s.
623 683 645 724 ij
663 682 691 714 d.

194 731 288 768 Item,
302 731 388 763 idem
404 736 514 763 onerat
537 743 569 763 se
586 732 624 763 de
647 732 679 773 vj
703 732 734 763 fi.
752 743 809 773 per
830 731 1053 763 vendicionem
1066 732 1079 773 j
1097 731 1201 763 celdre
1215 729 1331 761 Grana.

150 779 207 821 viij
219 780 375 812 bollarum
389 781 542 812 frumenti
555 781 593 813 de
603 781 703 813 firmis
716 782 754 813 de
766 782 796 813 le
806 782 914 813 Halch
926 782 965 813 de
975 782 1122 818 Brechin,
1132 792 1202 822 pre-

152 830 237 861 cium
257 830 342 862 bolle
364 831 506 872 quinque
527 831 629 869 solidi,
651 831 866 863 venditiarum
886 842 943 872 per
959 831 1097 862 eundem
1120 831 1204 862 infra

152 883 279 920 tempus
292 880 438 921 compoti.
482 881 525 911 Et
537 881 576 912 de
588 881 622 912 ix
631 881 662 912 fi.
674 891 730 922 per
739 881 963 913 vendicionem
985 881 1007 922 ij
1025 881 1204 912 celdrarum

152 929 198 970 iiij
223 929 381 961 bollarum
404 930 491 961 ordei
513 931 552 962 de
570 931 670 962 firmis
693 931 732 962 de
754 931 785 962 16
800 931 917 969 Halch,
933 932 1031 972 precii
1053 931 1206 972 ejusdem,

154 979 278 1010 venditi
301 989 358 1020 per
381 980 519 1010 eundem
542 980 627 1011 infra
651 980 774 1012 dictum
804 984 939 1022 tempus.
984 981 1028 1012 Et
1051 981 1090 1012 de
1116 981 1151 1011 ix
1172 980 1205 1011 fi.

155 1029 198 1069 xij
217 1033 239 1059 s.
267 1039 323 1069 per
349 1029 571 1059 vendicionem
593 1029 627 1069 iij
656 1029 833 1060 celdrarum
859 1030 959 1061 farine
987 1030 1151 1061 avenatice
1167 1029 1206 1060 de

155 1078 266 1109 eodem
275 1077 343 1109 loco
355 1078 556 1109 venditarum
567 1088 624 1118 per
634 1082 870 1119 compotantem
882 1079 965 1110 infra
975 1079 1061 1110 idem
1071 1082 1206 1119 tempus.

159 1177 242 1208 dicte
257 1176 335 1208 ville
351 1177 390 1207 de
405 1177 522 1214 Halch,
537 1177 681 1218 precium
696 1178 785 1218 pecie
808 1177 871 1209 duo
887 1177 988 1215 solidi,
1005 1177 1209 1208 venditarum

154 1237 212 1267 per
227 1226 365 1257 eundem
387 1226 472 1257 infra
486 1229 613 1267 tempus
630 1227 775 1267 compoti.
822 1225 955 1258 Summa
977 1227 1073 1267 hujus
1096 1227 1210 1264 oneris,

156 1276 256 1316 xxviij
282 1275 314 1306 Ji.
342 1276 386 1316 xij
414 1279 436 1306 s.
483 1276 616 1307 Summa
641 1275 751 1306 totalis
778 1276 983 1313 oneracionis,
1010 1275 1149 1317 ij⁰lxxvij
1175 1276 1208 1307 ti.

158 1326 213 1366 xiij
232 1330 255 1356 s.
272 1335 293 1355 x
308 1325 338 1356 d.

199 1375 347 1415 Expense
370 1374 520 1414 ejusdem.
568 1375 608 1405 In
631 1374 754 1415 primis,
777 1374 913 1406 allocate
936 1374 1136 1415 compotanti
1151 1385 1208 1415 pro

156 1434 263 1456 annuo
293 1424 421 1455 redditu
451 1424 559 1455 debito
590 1424 687 1464 priori
718 1424 756 1455 de
787 1423 937 1455 Rostinot
968 1424 1008 1455 de
1046 1423 1138 1455 terris
1169 1424 1208 1455 de

155 1473 367 1505 Balnabreich
398 1473 574 1510 annuatim,
597 1472 749 1504 videlicet
771 1473 983 1514 quadraginta
1011 1483 1067 1504 sex
1090 1472 1209 1504 solidos

156 1526 189 1555 et
211 1526 282 1555 octo
305 1523 458 1561 denarios,
481 1526 519 1554 ut
541 1523 653 1554 asserit
677 1526 873 1563 compotans,
889 1523 956 1563 xlvj
975 1527 998 1554 s.
1016 1523 1072 1563 viij
1091 1523 1121 1555 d.
1166 1524 1209 1554 Et

155 1573 264 1605 abbati
291 1573 330 1604 de
357 1573 472 1613 Cupro,
496 1572 687 1614 percipienti
714 1573 882 1603 annuatim
909 1583 965 1604 sex
992 1572 1110 1604 solidos
1137 1576 1208 1604 octo

156 1623 301 1655 denarios
318 1622 356 1653 de
372 1622 480 1653 fabrili
496 1622 535 1653 de
552 1622 698 1659 Brechin‚
714 1626 752 1652 ut
774 1622 885 1653 asserit
908 1622 991 1653 idem
1011 1625 1208 1663 compotans,

157 1673 189 1714 vj
200 1677 223 1704 Ξ.
234 1672 289 1712 viij
307 1671 337 1703 d.
382 1671 424 1702 Et
440 1671 627 1703 Alexandro
638 1671 677 1702 de
694 1671 824 1708 Setoun,
834 1671 1023 1712 percipienti
1039 1672 1208 1702 annuatim

157 1721 368 1763 quadraginta
390 1721 507 1752 solidos
530 1721 630 1752 annui
652 1721 795 1752 redditus
812 1721 851 1752 de
867 1721 1011 1762 Kincrag
1026 1722 1089 1752 sibi
1105 1721 1207 1752 eciam

158 1770 267 1807 debiti,
283 1770 322 1801 de
338 1770 461 1801 duobus
477 1770 622 1801 terminis
638 1769 735 1810 hujus
759 1770 908 1811 compoti,
924 1770 959 1800 xl
981 1774 1004 1801 ἓ.
1051 1771 1093 1801 Et
1109 1770 1208 1810 priori

158 1821 198 1852 de
228 1820 385 1857 Rostinot,
408 1830 464 1860 pro
489 1819 637 1851 secundis
661 1819 792 1851 decimis
817 1820 879 1851 sibi
905 1820 1021 1851 debitis
1048 1820 1088 1850 de
1113 1820 1208 1850 dictis

159 1869 251 1901 terris
275 1869 314 1901 de
340 1869 477 1900 Brechin
504 1872 537 1900 et
562 1870 680 1907 Nevar,
702 1870 768 1910 regi
792 1870 1028 1911 pertinentibus
1046 1879 1102 1909 per
1117 1869 1208 1900 foris-

159 1919 314 1950 facturam
338 1919 499 1959 quondam
522 1919 647 1950 comitis
672 1919 810 1956 Athone,
826 1919 865 1950 dc
889 1919 982 1949 dictis
1007 1918 1130 1948 duobus
1146 1921 1209 1949 ter-

159 1968 265 2005 minis,
289 1968 358 2008 xiiij
386 1968 419 1999 n.
443 1968 500 2009 xiij
529 1973 551 1999 Ξ.
573 1968 629 2009 viij
656 1968 684 1999 d.
731 1969 773 1999 Et
797 1969 909 2005 eidem,
934 1978 991 2009 per
1014 1967 1210 1998 solucionem

160 2018 278 2049 factam
294 2017 316 2048 J
318 2017 438 2048 ohanni
453 2017 696 2049 Haukirstoune
719 2017 759 2048 ad
782 2017 935 2048 fabricam
957 2016 1084 2057 collegii
1099 2016 1210 2047 Sancti

162 2067 344 2104 Salvatoris,
366 2076 423 2107 per
446 2077 560 2097 manus
585 2067 706 2097 domini
729 2067 864 2098 Henrici
895 2066 934 2097 de
966 2066 1140 2106 Kingorne,
1170 2065 1209 2096 de

162 2116 279 2157 quibus
294 2115 380 2147 idem
395 2116 417 2147 J
418 2116 559 2147 ohannes
574 2116 713 2147 reddidit
728 2119 921 2157 compotum,
937 2115 971 2155 lij
989 2115 1021 2145 11'.
1033 2115 1087 2155 xvj
1106 2119 1129 2145 ἓ.
1143 2125 1164 2145 x
1180 2114 1209 2146 d.

162 2166 205 2196 Et
228 2164 340 2202 eidem,
356 2175 413 2206 per
435 2164 630 2197 solucionem
654 2165 772 2196 factam
795 2165 881 2196 dicto
904 2165 926 2196 J
928 2164 1048 2196 ohanm'
1068 2164 1209 2195 Haukir-
