1551 2462
121 233 211 262 1463.
430 217 591 262 REGUM
616 228 861 261 SOOTORUM.
1106 230 1166 262 185

119 322 213 354 dictis
228 322 380 354 terminis.
427 322 468 353 Ε1
483 322 522 353 (16
538 323 569 363 vJ'
587 322 618 353 fi.
632 321 690 362 xiij
708 326 730 353 ἓ.
744 321 789 362 iiij
804 321 832 352 (1.
846 321 885 353 (16
898 321 996 352 firmis
1012 325 1168 353 terrarum

118 372 158 404 de
182 372 422 414 Schiregartane
445 372 483 403 de
514 371 634 403 eisdem
665 371 818 402 terminis.
864 371 907 402 Et
930 371 969 402 de
992 371 1027 411 iij
1044 371 1076 402 11.
1094 373 1125 412 vj
1144 377 1168 405 ἕ,

119 422 174 462 viij
214 422 243 454 d.
285 422 324 453 de
362 422 462 453 firmis
499 424 656 452 terrarum
694 421 733 452 de
762 420 908 452 Offerens
945 420 984 452 de
1015 421 1168 461 Kippane

119 471 158 502 de
174 471 293 502 eisdem
308 471 460 503 terminis.
506 471 549 501 Et
572 471 610 501 de
627 470 661 501 xl
677 474 700 501 ἔ.
725 470 763 501 (16
787 470 889 501 firmis
919 469 959 500 (16
988 470 1169 511 Drummys

119 520 157 551 de
195 521 345 562 Kippane
384 520 422 552 de
453 520 547 552 dictis
585 520 738 552 terminis.
784 520 826 550 En
859 519 898 550 de
929 530 950 550 x
977 519 1008 550 11.
1048 520 1104 560 xiij
1145 524 1168 552 ἓ.

117 570 164 610 iiij
182 570 214 602 (1.
238 570 277 602 (16
302 569 400 601 firmis
425 569 464 602 de
495 569 630 600 Broclen
655 572 688 600 61
724 568 940 610 Auohinlessy
978 569 1017 600 de
1048 569 1168 601 eisdem

118 619 270 651 terminis.
316 620 358 650 En
381 619 419 650 de
442 619 476 659 iij
493 618 526 650 11.
543 619 574 659 vj
593 623 615 649 Ξ.
634 619 689 659 viij
707 618 735 649 d.
753 618 792 650 (16
815 618 915 649 firmis
939 618 978 649 de
1002 619 1169 651 Brodland

118 669 157 701 de
173 669 323 710 Cammys
339 668 377 700 de
394 668 513 699 eisdem
536 668 689 700 terminis.
736 669 779 699 Et
801 668 840 701 de
857 668 891 699 xl
907 673 930 699 ἔ.
949 671 1106 700 terrarum
1130 669 1169 700 de

119 718 330 759 Cammysbeg
352 718 391 749 de
415 717 535 749 eisdem
558 718 711 749 terminis.
758 718 801 749 Et
816 718 854 749 de
877 718 928 749 13
947 721 1106 749 terrarum
1130 718 1168 749 de

118 767 341 801 Belh'cmorieh
364 767 403 799 de
426 767 573 799 terminis
604 768 750 809 compoti.
797 768 840 799 Et
863 768 902 799 de
926 768 968 809 vij
988 768 1020 799 11
1044 779 1064 799 x
1082 772 1104 799 ἔ.
1131 768 1169 799 (16

117 817 209 848 terris
236 817 275 849 de
301 817 628 859 Eggylisdinsoheane
655 821 687 849 61
717 817 948 859 Ballechragan
978 818 1017 850 de
1049 819 1169 850 eisdem

119 916 335 958 Cammyslitil
351 917 390 948 de
406 917 526 948 eisdem
549 917 702 948 terminis.
749 917 793 949 Et
808 917 847 948 (16
866 928 884 948 v
899 917 931 948 11.
948 921 1106 949 terrarum
1129 918 1168 950 de

119 966 387 998 Cambusedward
403 966 442 997 de
465 965 586 998 eisdem
601 966 755 997 terminis.
801 967 844 997 Et
859 967 898 998 de
911 967 923 1007 j
943 967 1048 998 oeldra
1065 967 1168 999 farine

119 1016 283 1047 avenatice
299 1015 475 1047 molendini
491 1015 641 1055 ejusdem.
688 1015 731 1046 Et
747 1015 785 1046 de
801 1025 822 1045 v
837 1015 870 1046 11.
887 1019 1059 1046 terrrarum
1075 1016 1114 1047 de
1137 1016 1167 1047 16

118 1065 183 1096 Bra
192 1065 231 1096 de
244 1065 395 1106 Cammys
405 1065 443 1095 de
454 1064 573 1096 eisdem
585 1064 737 1096 terminis.
776 1065 819 1095 Et
831 1065 870 1096 de
880 1065 914 1096 xl
930 1070 952 1097 Ξ.
971 1065 1009 1096 de
1019 1065 1119 1096 firmis
1130 1065 1169 1097 de

121 1114 388 1155 Cailyeboohalye
399 1114 437 1145 de
450 1114 569 1145 eisdem
585 1114 732 1145 herminis
769 1114 820 1144 ,Ε1
836 1114 875 1145 (16
887 1114 943 1155 viiJ'
954 1114 1050 1146 bonis
1066 1115 1169 1146 farine

119 1164 284 1195 avenatice
294 1163 333 1194 de
345 1163 444 1194 firmis
457 1163 630 1194 molendini
644 1163 682 1194 de
695 1163 910 1204 Auchinlessy
923 1164 962 1195 de
974 1164 1019 1194 eis
1025 1164 1096 1195 dem
1107 1167 1170 1195 ter-

120 1214 224 1244 minis.
269 1213 313 1244 Et
328 1213 367 1244 de
383 1213 485 1253 xxxiij
501 1217 524 1244 ἔ.
541 1213 586 1253 111]
612 1212 641 1243 d.
657 1216 812 1244 terrarum
829 1213 868 1244 de
889 1213 1113 1244 Lundiskeooh
1131 1214 1170 1245 de

119 1263 239 1294 eisdem
248 1263 401 1293 terminis.
431 1262 474 1295 Et
484 1262 522 1293 de
533 1262 634 1302 xxxijj
642 1266 664 1293 ἔ.
679 1262 724 1302 iiij
736 1262 764 1293 (1.
771 1265 927 1293 terrarum
939 1262 976 1293 de
987 1263 1171 1303 Lundfluyg

121 1313 159 1343 de
183 1312 302 1343 eisdem
325 1312 478 1343 terminis.
524 1312 567 1343 Et.
589 1311 628 1343 de
655 1311 756 1352 xxxiij
782 1315 804 1343 ἔ.
828 1312 874 1352 iiij
900 1311 928 1342 d.
953 1314 1108 1343 terrarum
1132 1312 1171 1343 de

120 1361 375 1393 Lundiarthoure
391 1361 430 1393 de
450 1360 570 1391 eisdem
593 1360 745 1391 terminis.
792 1361 833 1393 Et
856 1361 894 1391 de
919 1361 1020 1401 xxxijj
1037 1365 1061 1395 ἔ,
1077 1362 1123 1402 111]
1141 1361 1170 1394 d.

119 1415 276 1442 terrarum
302 1410 341 1440 de
370 1409 607 1441 Lundimaeane
638 1410 676 1441 de
707 1410 826 1441 eisdem
857 1411 1011 1441 terminis.
1058 1411 1100 1442 Et
1131 1411 1170 1444 de

118 1461 152 1501 fij
184 1460 216 1491 11.
247 1459 279 1500 vj
304 1463 326 1490 ἔ.
358 1459 414 1499 viij
446 1459 475 1489 d.
506 1461 663 1490 terrarum
694 1459 732 1490 de
764 1459 948 1500 Ufirarga‘oy
979 1459 1018 1491 de
1050 1460 1171 1491 eisdem

119 1509 272 1540 terminis.
319 1508 360 1539 Et
377 1508 415 1541 de
437 1508 471 1548 iij
496 1507 528 1539 11.
552 1508 584 1548 vj
609 1512 632 1539 Ξ.
656 1508 713 1549 Vijj
738 1508 767 1539 d.
788 1512 944 1539 terrarum
968 1509 1007 1540 de
1026 1504 1168 1540 *Estirar-

118 1562 195 1599 gaty
225 1557 264 1590 de
293 1557 444 1598 predictis
475 1557 628 1593 terminis.
675 1557 717 1588 Et
748 1557 787 1588 de
818 1558 851 1599 iij
883 1558 914 1588 fi.
943 1558 974 1598 vj
1008 1563 1030 1589 ἓ.
1056 1559 1113 1600 viij
1140 1559 1169 1590 d:

119 1611 274 1640 terrarum
298 1607 336 1641 de
359 1607 640 1648 Argatyoorntoun
663 1607 702 1637 de
726 1607 846 1641 eisdem
868 1608 1020 1639 terminis.
1067 1608 1109 1639 Et
1132 1609 1172 1639 de

119 1657 153 1697 iij
169 1656 201 1688 11.
218 1657 250 1697 vj
268 1661 290 1690 ἓ.
308 1656 363 1697 viij
388 1656 416 1690 d,
441 1659 523 1688 terre
547 1656 585 1688 de
609 1656 841 1697 Westirargaty
864 1657 903 1688 de
926 1657 1071 1688 terminis
1088 1668 1172 1689 com-

119 1706 194 1747 poti.
241 1706 282 1736 Et
311 1705 350 1737 de
375 1716 395 1736 v
420 1705 451 1738 11.
477 1708 634 1736 terrarum
661 1705 700 1736 de
723 1705 754 1737 16
778 1706 862 1737 Kers
890 1706 929 1737 de
956 1706 1107 1748 Cammys
1132 1707 1171 1738 de

120 1756 240 1788 eisdem
266 1755 418 1788 terminis.
464 1755 507 1786 Et
530 1755 569 1786 de
588 1755 689 1796 xxxjjj
715 1759 738 1787 ἒ.
766 1756 813 1796 fiij
839 1755 867 1786 d.
891 1759 1048 1789 terrarum
1070 1757 1172 1797 prime

121 1805 220 1846 partis
237 1805 276 1836 de
300 1804 478 1838 Balkeroch
494 1804 533 1835 de
556 1804 675 1835 eisdem
699 1805 852 1836 terminis.
899 1805 942 1835 Et
965 1805 1004 1836 de
1029 1806 1129 1845 xxxiij
1148 1810 1170 1836 ὲ

119 1854 165 1894 iiij
183 1854 211 1885 d.
229 1854 367 1885 secunde
383 1853 482 1894 partis
505 1854 648 1894 ejusdem
671 1853 710 1885 de
733 1854 853 1885 eisdem
874 1854 1029 1885 terminis.
1075 1855 1117 1885 Et
1133 1854 1173 1885 de

119 1914 141 1936 v
156 1903 188 1935 11.
205 1906 362 1934 terrarum
383 1903 421 1935 (16
443 1904 679 1944 Drumeampsy
696 1903 735 1935 de
759 1903 852 1935 dictis
875 1903 1029 1937 terminis,
1074 1904 1117 1934 En
1134 1903 1173 1936 de

120 1953 152 1994 vj
170 1957 192 1984 ἔ.
210 1953 266 1993 viij
283 1953 312 1986 (1,
330 1953 369 1984 (16
385 1953 484 1986 firmis
501 1956 583 1983 terre
600 1952 726 1983 brasine
742 1952 781 1983 de
797 1953 921 1983 Doune.
968 1952 1010 1982 Et
1027 1952 1066 1983 de
1083 1953 1113 1992 vj
1138 1952 1170 1983 11.

122 2002 178 2042 xiij
196 2006 218 2033 ἓ.
236 2002 281 2042 iiij
300 2002 328 2032 (1.
346 2013 366 2032 v
383 2002 495 2033 celdris
512 2012 685 2033 avenarum
708 2005 865 2032 terrarum
889 2001 927 2031 de
943 2001 1116 2033 Neutoune
1132 2002 1172 2033 de

120 2052 236 2083 Doune
261 2051 299 2082 de
321 2052 467 2083 terminis
489 2051 634 2092 compoti.
681 2052 723 2082 Et
747 2051 786 2082 de
810 2051 844 2091 fij
868 2050 981 2081 eeldris
1000 2050 1056 2090 viij
1080 2050 1174 2082 bollis

120 2100 222 2131 farine
238 2101 401 2131 avenatice
417 2100 592 2131 molendini
618 2100 767 2140 ejusdem.
814 2100 857 2130 Et
873 2099 911 2130 de
935 2110 956 2130 x
971 2099 1002 2130 11.
1021 2110 1041 2130 ν
1057 2099 1172 2131 eeldris

122 2160 294 2181 avenarum
310 2152 464 2183 terrarum
481 2150 519 2181 de
535 2150 738 2181 Westirrrow
749 2149 787 2182 (16
804 2149 923 2180 eisdem
939 2149 1092 2183 terminis.
1131 2149 1174 2183 El:
