1551 2462
141 274 231 320 1464.
449 273 610 305 REGUM
633 273 880 306 SOOTORUM.
1128 277 1188 306 249

138 364 273 396 Martini
289 365 373 397 infra
389 365 448 397 hoc
464 368 658 407 computum.
704 366 747 397 Et
770 366 810 397 de
826 377 846 397 v
868 365 900 397 fi.
918 366 971 407 xvj
990 370 1013 398 5.
1030 367 1086 407 viij
1104 366 1133 398 d.
1151 367 1190 398 de

139 415 239 446 firmis
255 415 385 447 asterius
401 416 500 457 partis
516 416 554 448 de
571 416 724 447 Rednach
747 416 786 447 de
803 416 887 447 dicto
903 416 1047 447 termino.
1094 416 1136 447 Et
1151 415 1191 447 de

139 465 183 505 vij
205 465 299 497 bollis
322 466 440 497 farrine
463 466 628 497 avenabice
651 465 827 497 molendini
851 465 992 506 ejusden]
1017 465 1056 496 (18
1080 465 1190 496 eodem

139 515 284 553 termino,
308 516 384 556 quia
402 518 481 547 tunc
507 515 650 547 redditur
672 518 809 546 tantum.
855 515 898 546 Et
921 515 960 546 de
983 524 1005 546 v
1027 515 1059 546 fi.
1084 514 1140 555 xiij
1166 518 1189 546 5.

139 564 185 605 iiij
203 564 231 596 d.
245 565 284 597 de
296 565 395 597 firmis
411 569 492 598 terre
508 566 547 597 de
562 565 715 602 Dunatm
726 564 951 602 Portwalfflne,
967 567 999 596 et
1009 564 1191 596 Moncasbel

139 614 179 645 de
203 615 288 646 dicto
312 616 457 653 termino,
481 616 536 647 sed
562 617 798 647 consueverunt
823 614 963 645 assedari
990 624 1047 655 pro
1074 614 1191 655 viginti

139 664 253 695 marcis
274 675 309 705 111
333 675 425 696 anno.
469 665 512 697 En
539 665 578 696 (18
602 665 637 695 xl
661 669 683 696 5.
713 665 752 696 de
775 664 875 695 firmis
899 664 1000 705 prime
1027 664 1128 704 pai-bis
1152 663 1191 694 de

140 713 370 755 Bochqnhopil.
414 715 457 746 Et
472 715 511 746 de
527 715 539 746 1
555 719 576 746 5.
595 715 634 746 de
651 715 752 746 firmis
768 713 906 746 secunde
922 713 1022 754 partis
1039 713 1190 754 ejusdem.

140 763 182 793 Et
198 763 237 794 de
252 763 286 804 iij
303 763 334 795 11.
352 764 383 805 vj
400 768 423 796 5.
441 765 495 805 viij
520 764 549 796 d.
575 764 613 796 de
636 765 736 795 firmis
760 763 865 800 tercie,
888 766 1009 804 quarte,
1031 767 1063 795 et
1079 763 1192 804 quinte

138 812 282 853 parcium
309 813 458 854 ejusdem.
504 814 547 845 Et
567 814 635 855 [de]
658 814 710 855 xvj
734 818 757 845 5.
780 814 836 854 viij
861 812 889 844 d.
914 813 953 844 de
977 813 1076 844 firmis
1099 813 1139 844 de
1161 812 1191 843 18

139 861 221 892 Braa
238 862 275 893 de
292 863 522 904 Bochquhopil.
568 864 611 895 Et
634 863 673 895 de
689 863 791 903 xxxiij
816 867 838 894 5.
856 862 901 903 iiij
928 862 958 893 d.
981 862 1020 893 de
1036 862 1136 893 firmis
1153 862 1192 893 (18

140 911 234 943 Torre
249 912 344 944 Estir.
389 913 432 944 Et
447 913 486 945 de
502 913 548 954 iiij
572 913 604 944 fi.
621 913 677 954 viij
702 917 725 944 5.
749 913 796 953 iiij
813 912 842 943 d.
866 912 905 943 de
922 912 1022 943 firmis
1045 915 1128 943 terre
1153 911 1191 942 de

140 960 293 993 Collachd
318 965 350 994 et
374 963 594 1005 Gardingabir.
640 964 683 994 Et
704 963 742 994 de
763 963 798 1003 iij
826 962 858 993 H.
882 962 914 1003 vj
939 966 962 993 5.
986 962 1042 1002 viij
1068 961 1098 992 d.
1121 961 1189 1002 [de]

140 1010 239 1042 firmis
262 1015 417 1043 terrarum
442 1013 481 1044 de
504 1014 594 1044 Frew
617 1016 723 1053 preter
745 1012 789 1053 xij
815 1011 937 1043 celdras
953 1021 1136 1048 avenarum,
1153 1011 1191 1041 de

141 1059 226 1091 dicto
256 1062 393 1093 termino
424 1062 534 1093 Sancti
563 1062 705 1093 Martini.
751 1062 794 1092 En
823 1061 862 1092 de
894 1071 938 1091 XX
968 1065 991 1092 5.
1023 1061 1062 1104 de
1089 1061 1190 1091 firmis

141 1109 245 1140 warde
262 1110 300 1141 (18
317 1111 443 1152 Guddy.
489 1112 531 1142 Et
547 1111 586 1143 de
601 1122 622 1142 v
637 1111 668 1142 fi.
686 1111 725 1142 de
749 1111 848 1141 firmis
871 1113 954 1141 terre
978 1110 1017 1141 de
1032 1110 1191 1150 Ernylaw.

141 1158 183 1189 Et
199 1158 238 1190 de
253 1159 299 1200 liij
317 1164 339 1191 5.
358 1160 402 1201 iiij
421 1160 449 1192 d.
466 1160 505 1192 de
521 1161 621 1192 firmis
637 1164 719 1192 terre
743 1160 782 1191 de
805 1160 939 1200 Ernbeg.
986 1159 1028 1190 Ei:
1053 1159 1092 1190 de
1108 1159 1141 1199 iij
1159 1159 1192 1191 Ii.

141 1208 172 1248 vj
190 1212 212 1239 5.
229 1209 285 1249 viij
303 1209 331 1240 d.
349 1210 388 1241 de
403 1210 503 1241 firmis
519 1214 602 1242 terre
613 1210 652 1242 de
670 1210 899 1251 Schirgartane.
945 1209 988 1240 Et
1000 1209 1039 1240 de
1052 1209 1153 1250 xxxiij
1168 1213 1190 1240 5.

140 1257 187 1298 iiij
205 1257 232 1289 d.
251 1258 289 1289 (18
305 1259 404 1290 firmis
421 1263 502 1291 terre
519 1260 557 1292 de
574 1260 731 1291 Offeranis
748 1260 787 1291 dc
799 1260 957 1301 Kippane.
998 1260 1040 1290 Et
1056 1259 1095 1290 (18
1112 1270 1156 1290 xx
1167 1264 1190 1290 5.

141 1307 179 1338 de
195 1308 295 1339 firmis
310 1312 392 1341 terre
408 1310 447 1341 de
463 1310 638 1351 Drummys
655 1310 694 1341 de
710 1310 868 1351 Kippane.
906 1309 958 1341 Et
974 1309 1012 1341 de
1030 1320 1051 1340 v
1065 1309 1097 1340 fi.
1117 1310 1149 1350 vj
1167 1314 1190 1341 5.

140 1357 197 1397 viij
214 1357 243 1389 d.
260 1358 299 1389 (18
315 1359 413 1390 firmis
429 1362 512 1391 terre
536 1359 574 1391 (18
597 1360 739 1391 Broklen
762 1363 794 1391 eb
817 1359 1034 1400 Auohinlessy
1050 1359 1089 1390 de
1106 1359 1191 1390 dicto

141 1407 285 1439 termino.
331 1408 373 1439 Et
397 1408 436 1439 de
461 1409 562 1449 xxxiij
591 1413 612 1440 5.
635 1409 682 1449 iiij
705 1408 734 1440 d.
758 1409 797 1440 de
820 1408 920 1439 firmis
944 1408 982 1440 (18
1011 1408 1192 1439 Bordlande

142 1455 293 1498 Cammys
310 1458 349 1489 de
364 1458 449 1490 dicto
471 1459 616 1490 termino.
661 1459 704 1489 En
727 1459 766 1489 (18
783 1469 827 1489 xx
842 1462 864 1490 5.
883 1458 921 1489 de
938 1458 1037 1489 firmis
1053 1461 1136 1489 terre
1153 1458 1192 1489 de

142 1505 363 1549 Cammysbeg.
407 1509 450 1540 Eu
472 1508 511 1540 (18
535 1518 601 1540 xxv
616 1513 638 1540 5.
656 1508 695 1540 de
713 1507 952 1540 Bellikmorieh.
997 1508 1040 1539 Et
1056 1507 1094 1539 de
1110 1507 1190 1548 iijn.

142 1566 185 1586 xv
200 1560 222 1587 5.
239 1557 278 1588 de
295 1558 387 1589 terris
404 1559 442 1590 (18
459 1559 745 1600 Egglisdinschean
766 1563 798 1590 et,
815 1558 1049 1599 Ballecragane.
1094 1558 1137 1589 Et
1153 1558 1191 1589 de

142 1604 176 1635 xl
191 1609 213 1636 5.
231 1606 270 1637 de
285 1607 384 1639 firmis
397 1611 481 1640 terre
490 1609 529 1640 (18
546 1609 697 1649 Cammys,
708 1611 740 1639 eb
757 1608 981 1649 Cammyslitil.
1027 1608 1069 1638 Et
1085 1608 1124 1639 de
1140 1607 1152 1638 1
1168 1612 1191 1639 5.

141 1653 180 1685 de
193 1654 462 1689 Cambsedwarde.
512 1658 554 1688 Et
571 1658 631 1698 dej
645 1658 751 1689 celdra
761 1658 881 1688 farrine
894 1656 1057 1688 avenatice
1069 1657 1192 1688 molen-

142 1703 210 1734 dini
226 1705 368 1745 ejusdem
384 1706 423 1738 de
439 1707 524 1738 dicto
540 1708 686 1744 termino,
702 1707 778 1748 quia
802 1710 881 1738 tunc
896 1706 1040 1738 redditur
1055 1710 1191 1738 tantum.

142 1753 185 1784 En
200 1754 238 1785 (18
254 1754 265 1785 1
282 1759 304 1786 5.
321 1756 360 1787 de
376 1756 406 1788 le
422 1757 505 1788 Braa
521 1757 559 1788 de
576 1757 736 1798 Cammys.
783 1757 825 1788 Et
847 1757 885 1788 de
909 1767 953 1787 xx
969 1759 992 1788 5.
1010 1756 1049 1787 (18
1066 1756 1192 1797 Cailye-

143 1802 386 1846 buchquhailye.
417 1806 460 1837 Et
472 1806 511 1838 de
522 1807 577 1848 viij
594 1806 688 1838 bonis
701 1806 817 1837 farrine
834 1806 999 1837 avenatice
1014 1805 1193 1836 molendini

144 1852 183 1884 de
193 1853 408 1897 Auchinlessy
420 1857 459 1889 de
470 1857 581 1888 eodem
590 1857 727 1888 termino
745 1856 854 1887 Sancti
865 1855 1009 1892 Marfflni,
1023 1855 1098 1896 quia
1114 1858 1192 1886 tunc

145 1902 287 1935 redditur
298 1909 434 1939 tannum.
480 1908 522 1938 Et
533 1907 571 1938 de
585 1907 638 1947 xvj
657 1911 679 1938 5.
693 1907 748 1947 viij
763 1906 793 1938 d.
806 1910 888 1937 terre
900 1905 938 1936 de
949 1905 1185 1945 Lundyskeoch

143 1952 186 1983 Et
202 1953 240 1985 (18
256 1956 309 1996 xvj
327 1960 349 1987 5.
366 1957 422 1997 viij
447 1957 477 1989 d.
501 1957 539 1988 de
556 1956 794 1997 Lundyluzane.
840 1955 882 1986 Et
906 1955 945 1985 de
968 1954 1022 1994 xvj
1048 1958 1070 1985 5.
1088 1954 1144 1994 viij
1162 1954 1191 1984 (Ῐ.

91 2006 94 2007 ’
143 2001 182 2033 (18
197 2003 312 2046 Lundy
328 2005 476 2038 Arthure.
522 2007 565 2037 Et
580 2006 618 2037 de
636 2006 688 2046 xvj
714 2010 736 2036 5.
754 2005 810 2046 viij
828 2004 856 2036 (1.
874 2005 911 2035 (18
928 2003 1189 2044 Lundymakane.

144 2050 185 2081 Et
201 2052 239 2083 (18
255 2054 356 2095 xxxiij
374 2059 397 2087 5.
410 2056 456 2096 iiij
474 2055 503 2086 d.
520 2055 559 2087 de
577 2055 780 2096 Uvirargaty.
825 2055 867 2085 Et.
885 2054 923 2085 de
939 2053 1040 2093 xxxiij
1059 2057 1081 2084 5.
1098 2053 1144 2093 iiij
1162 2053 1191 2084 d.

144 2100 182 2131 de
198 2101 402 2145 Estirargaty.
448 2105 491 2136 Et
507 2105 546 2136 de
562 2105 664 2145 xxxiij
682 2109 704 2136 5.
722 2104 768 2145 iiij
786 2103 814 2135 d.
833 2104 871 2134 de
884 2103 1191 2143 Argatycorntoune.

143 2149 186 2182 Et
201 2152 239 2184 de
255 2154 355 2195 xxxiij
373 2159 395 2186 5.
423 2155 469 2195 iiij
494 2155 523 2187 d.
549 2155 587 2186 de
611 2154 850 2195 Westirargaty.
896 2153 938 2183 Et
964 2152 1002 2183 de
1026 2152 1038 2183 1
1060 2156 1083 2183 5.
1101 2152 1139 2183 (18
1162 2152 1192 2184 18

144 2202 246 2235 Kerse
268 2203 307 2235 de
331 2204 489 2246 Cammys.
535 2204 578 2235 Et
601 2203 640 2235 de
663 2203 765 2244 xxxiij
790 2207 813 2234 5.
837 2202 883 2243 iiij
911 2202 939 2234 d.
966 2201 1005 2233 de
1030 2202 1134 2244 prima
1160 2205 1192 2233 et
