1551 2462
0 1763 15 1812 ’.υ-γ
0 1710 22 1755 ’,ἶ-(Χ
0 1498 30 1699 π.“-μ.·-Ἶῤ
0 1383 18 1484 ’νγτρ-,γ-
0 1343 14 1371 ’.γ’
0 1292 10 1334 ver.-
0 1258 7 1279 v<
0 1242 2 1248 -
0 1164 14 1219 yvvw
0 1150 3 1154 ⁷
0 1103 3 1118 Α·
0 1045 21 1074 *1¹¹
0 1004 3 1023 ⁴-
0 939 5 955 «2
3 911 5 914 -
2 857 7 860 .
2 807 4 809 -

116 285 209 314 1465.
427 280 588 312 REGUM
612 280 858 312 SCOTORUM.
1102 282 1160 311 331

159 375 253 412 Item,
268 373 353 405 idem
369 376 479 405 onerat:
495 384 528 405 58
544 374 582 405 (18
599 374 675 414 xxvj
694 377 716 404 5.
733 373 789 413 viij
807 373 835 404 d.
850 373 863 414 j
876 372 981 404 celdra
998 383 1018 403 x
1031 373 1124 404 bollis
1141 373 1162 413 ij

117 424 238 455 ferlotis
253 423 276 464 ij
289 423 393 464 pecois
406 433 579 454 avenarum
595 423 633 454 de
646 423 745 454 firmis
759 426 839 454 terre
856 423 895 454 de
911 423 950 454 de
966 422 1165 453 Maristoune

117 474 152 504 in
168 473 326 514 quarterio
343 472 382 503 de
412 472 508 514 Edyn
531 473 569 504 de
586 473 709 504 duobus
733 472 878 504 terminis
902 472 998 513 hujus
1015 472 1164 513 computi.

117 524 160 555 Et
170 523 208 554 de
219 523 274 564 xiij
287 527 309 554 5.
322 522 367 563 iiij
382 522 410 553 d.
428 522 467 553 de
477 522 576 554 firmis
587 523 625 554 de
641 522 832 554 Murisfelde
848 522 886 554 de
903 522 996 553 dictis
1013 522 1166 553 terminis.

118 573 161 604 Et
183 572 277 613 dexvj
310 572 341 603 11.
366 575 447 603 terre
471 572 509 603 de
537 572 718 613 Ramorgny
743 576 774 603 et
798 572 958 603 Lawfelde
985 572 1023 603 de
1048 571 1168 603 eisdem

118 622 272 654 terminis.
317 622 359 653 Et
375 622 414 653 de
430 621 474 662 vij
491 621 522 652 11.
547 622 578 662 vj
596 626 619 652 5.
635 622 691 662 viij
710 621 738 652 d.
753 622 765 662 ]
791 621 896 653 celdra
912 621 967 662 xiij
987 621 1079 652 bouis
1102 620 1168 651 fru-

119 671 221 703 menti
235 671 257 711 ij
275 671 388 702 eeldris
404 681 424 702 v
440 671 533 702 bollis
550 671 631 702 ordii
653 674 736 702 terre
759 671 796 702 de
814 671 917 711 Ferny
935 671 974 702 de
997 670 1091 701 dictis
1107 674 1170 700 ter-

121 721 224 753 minis.
270 721 313 752 Et-
328 721 367 752 de
383 720 430 761 111]
454 720 487 752 fi.
510 721 542 762 vj
568 725 590 752 5.
615 720 670 761 viij
688 720 717 752 (1,
742 720 780 751 (18
803 721 903 751 firmis
927 720 966 751 de
990 719 1113 760 Luthry
1131 719 1169 750 de

122 772 233 803 eodem
248 771 392 802 termino
437 771 480 802 Et
496 771 534 802 de
551 781 571 802 v
586 770 618 803 11.
631 770 662 811 vj
677 775 699 801 5.
711 771 766 811 viij
779 770 806 801 d.
821 770 859 801 de
875 770 975 801 firmis
993 769 1169 800 molendini

122 820 264 861 ejusdem
280 830 336 861 per
351 819 434 851 idem
459 822 594 861 tempus.
640 820 682 850 Et,
698 819 736 850 de
760 819 838 860 xviij
855 819 886 849 11.
904 819 942 850 (18
958 819 1058 850 firmis
1074 822 1172 849 terra-

121 879 193 900 rum
218 869 256 900 de
281 868 369 900 Estir
392 868 554 909 Balgarvy
578 868 617 899 (18
640 868 733 899 dicbis
761 868 915 903 terminis.
961 868 1004 899 Et
1027 868 1065 899 de
1090 868 1119 908 vj
1137 867 1169 897 11.

124 918 180 959 xiij
198 922 221 949 5.
238 918 284 958 iiij
302 917 331 949 d.
344 918 357 958 j
375 917 480 949 celdra
495 918 540 958 xij
565 917 660 948 bonis
684 917 838 948 frumenti
850 917 862 958 j
889 917 994 948 celdra
1017 928 1061 948 xv
1077 916 1171 948 bonis

122 968 145 1008 ij
163 967 286 999 ferlotis
302 977 375 998 cum
398 967 474 998 bina
495 970 585 1007 pariae
609 967 722 998 ferlote
745 967 826 997 ordii
841 971 923 998 terre
946 967 985 998 de
1000 967 1030 997 18
1047 967 1119 997 Sbar
1135 967 1174 998 de

124 1017 210 1048 dicto
240 1026 331 1048 anno.
377 1017 419 1047 Et
449 1016 488 1047 de
519 1016 595 1056 xxvj
627 1015 658 1046 11.
687 1016 743 1056 xiij
770 1020 792 1046 5.
820 1016 866 1057 iiij
893 1016 922 1048 (Ῐ,
948 1017 986 1047 (18
1013 1017 1104 1047 terris
1135 1016 1174 1047 de

126 1065 360 1106 Murthocarny'
374 1076 432 1106 per
454 1066 539 1097 idem
555 1069 689 1107 tempus.
735 1066 777 1096 En
800 1066 838 1097 de
855 1077 876 1096 x
891 1066 922 1096 H.
940 1077 984 1097 xv
999 1070 1022 1097 5.
1036 1066 1048 1106 j
1067 1066 1173 1097 oeldra

124 1115 193 1156 xiiij
211 1114 304 1146 bouis
320 1115 474 1145 frumenti
490 1115 511 1155 ij
537 1114 651 1146 celdris
667 1125 687 1145 v
703 1114 796 1145 bollis
812 1115 833 1155 ij
852 1115 973 1146 ferlotis
990 1115 1072 1146 ordii
1093 1119 1175 1146 terre

125 1165 164 1196 de
180 1164 358 1195 Rothnlute
373 1165 412 1195 de
429 1164 513 1195 dioto
529 1174 620 1195 anno.
667 1165 709 1195 Et
733 1164 772 1196 de
789 1175 807 1195 ν
831 1165 862 1195 11.
889 1165 920 1206 11]
944 1169 966 1196 5.
994 1165 1050 1206 viij
1079 1165 1107 1196 d.
1136 1166 1175 1196 de

127 1214 226 1245 firmis
249 1214 425 1245 molendini
452 1214 491 1245 de
515 1214 663 1245 Rothulit
685 1214 724 1245 de
747 1214 867 1246 eisdem
883 1215 1035 1246 terminis.
1080 1215 1123 1246 Et
1139 1215 1177 1246 de

126 1313 172 1354 iiij
190 1313 284 1344 bollis
300 1313 381 1344 ordii
397 1316 478 1344 terre
495 1313 533 1344 de
548 1313 671 1344 Ardate
686 1323 742 1354 per
758 1313 880 1344 dictum
898 1317 1031 1354 tempus.
1078 1314 1120 1345 Et
1136 1315 1174 1345 de

127 1363 183 1403 viij
201 1362 232 1393 11.
249 1362 288 1393 (18
303 1363 403 1393 firmis
419 1362 596 1394 molendini
619 1363 769 1403 ejusdem.
815 1363 858 1394 En
874 1364 913 1395 de
938 1375 959 1394 x
975 1364 1005 1394 11.
1024 1364 1045 1404 1]
1064 1364 1179 1395 celdris

126 1412 182 1453 viij
209 1411 302 1443 bollis
327 1412 480 1443 frumenti
503 1412 537 1452 iij
565 1412 680 1443 celdris
704 1413 725 1453 ij
750 1412 845 1443 bouis
861 1413 942 1444 ordii
966 1424 1021 1454 per
1036 1414 1176 1454 integras

127 1461 233 1493 firmas
249 1462 288 1494 de
314 1462 401 1493 Estir
425 1462 534 1493 Drone
559 1462 599 1493 de
625 1462 736 1494 eodem
762 1472 853 1493 anno.
900 1463 943 1494 Et
965 1463 1004 1494 de
1020 1474 1041 1493 v
1057 1463 1088 1494 11.
1106 1464 1137 1503 vj
1155 1468 1177 1494 5.

128 1511 184 1552 viij
202 1511 230 1542 d.
248 1511 286 1543 de
302 1512 401 1543 firmis
417 1512 594 1543 molendini
611 1512 762 1553 ejusdem.
808 1513 850 1543 Et
867 1513 906 1544 de
921 1524 964 1544 xx
982 1513 1012 1544 11.
1031 1513 1068 1545 (18
1086 1514 1178 1544 terris

132 1561 171 1593 de
197 1561 431 1593 Thomastoune
455 1572 529 1593 cum
551 1561 735 1593 molendino
758 1562 908 1602 ejusdem.
954 1563 996 1593 Et
1020 1563 1059 1594 de
1074 1564 1130 1603 viij
1148 1563 1179 1594 11.

132 1614 289 1642 terrarum
320 1611 358 1642 de
386 1611 538 1652 Feryfeld
561 1616 593 1643 et
624 1612 813 1643 Bonefeilde
836 1612 876 1643 de
907 1612 1000 1644 dictis
1024 1613 1180 1644 terminis.

132 1661 175 1692 Et
191 1660 229 1692 de
245 1671 266 1691 x
282 1660 313 1692 n.
326 1661 503 1692 molendini
519 1661 680 1692 fullonum
700 1672 838 1693 unacum
849 1662 956 1693 warda
972 1663 1011 1693 de
1028 1663 1134 1704 Cupro
1145 1663 1183 1694 de

133 1710 253 1742 eisdem
268 1711 422 1742 terminis.
467 1712 510 1742 Et,
525 1712 564 1743 de
580 1712 611 1753 vj
629 1712 660 1743 fi.
678 1712 734 1752 xiij
753 1716 774 1743 5.
792 1712 838 1753 iiij
856 1712 884 1743 d.
902 1712 940 1743 de
953 1712 1052 1744 firmis
1063 1712 1183 1744 molen-

134 1760 202 1792 dini
217 1760 256 1792 de
271 1760 369 1792 Bello.
415 1761 458 1791 Et
474 1761 512 1793 de
529 1762 562 1802 iij
580 1761 611 1793 11.
629 1762 660 1802 11]
685 1766 707 1793 5.
732 1762 787 1802 viij
812 1762 840 1793 (1.
859 1762 897 1793 (18
919 1762 950 1794 18
974 1763 1106 1794 Parkhfl
1130 1773 1185 1804 per

134 1810 219 1842 idem
234 1814 368 1851 tempus.
414 1812 456 1842 Et
479 1811 519 1843 de
541 1811 588 1852 111]
606 1816 628 1843 5.
653 1812 699 1852 iiij
717 1812 746 1843 d.
770 1812 808 1843 de
832 1812 932 1843 firmis
953 1813 1131 1844 molendini
1147 1813 1185 1844 (18

138 1860 250 1892 Denne
274 1871 330 1902 per
353 1861 440 1892 idem
466 1864 600 1902 tempus.
646 1862 688 1892 Ec
715 1862 753 1893 de
776 1862 875 1902 xxxvj
896 1862 927 1893 11.
953 1863 984 1903 ν]
1003 1867 1024 1893 5.
1043 1863 1097 1903 viij
1116 1862 1143 1893 (1.
1162 1862 1183 1903 1]

136 1910 250 1942 celdris
276 1921 450 1942 avenarum
475 1921 533 1952 per
556 1911 695 1952 integras
716 1911 823 1942 firmas
849 1915 930 1942 terre
956 1912 999 1949 (18Ι
1017 1912 1185 1943 Dunmure

138 1970 209 1991 cum
225 1964 315 2001 prato
331 1960 474 2001 ejusdem
489 1960 528 1991 de
552 1960 637 1991 dioto
661 1971 753 1992 anno.
799 1961 841 1991 Et
856 1961 895 1991 de
911 1961 1003 2001 xxiiij
1027 1961 1058 1992 11.
1078 1961 1144 2001 xiiij
1163 1965 1185 1992 5.

140 2009 161 2049 ij
178 2009 207 2040 d.
221 2009 234 2050 j
263 2010 368 2042 celdra
391 2010 446 2051 1111]
472 2009 566 2041 bollis
583 2020 756 2041 avenarum
779 2013 861 2041 terre
878 2009 915 2040 de
934 2010 1187 2041 Auldelundoris

140 2068 213 2089 cum
236 2059 376 2101 ootagiis,
399 2063 476 2096 orto,
499 2063 531 2090 et
553 2062 645 2101 prato
668 2059 811 2100 ejusdem
835 2059 873 2090 de
896 2059 1016 2090 eisdem
1033 2060 1186 2090 terminis.

142 2108 185 2138 Et
200 2107 238 2139 de
255 2119 274 2139 v
289 2109 321 2140 11.
339 2109 369 2149 vj
388 2113 410 2140 5.
428 2109 484 2150 viij
501 2109 530 2140 (1.
547 2113 629 2140 terre
645 2108 683 2139 de
695 2109 834 2149 Inchery
843 2119 900 2149 per
915 2109 1035 2139 dictum
1053 2113 1188 2150 tempus.

143 2156 185 2187 Et
199 2157 239 2188 de
256 2157 297 2198 xij
316 2157 346 2189 11.
363 2161 446 2190 terre
463 2158 501 2189 de
519 2157 661 2189 Wodmil
676 2167 733 2198 per
756 2160 882 2198 tempus
898 2158 1047 2198 computi.
1093 2158 1136 2188 Et
1151 2158 1190 2190 (18

148 2206 222 2247 xxvj
239 2206 271 2238 11.
288 2207 344 2248 xiij
369 2211 391 2239 5.
416 2207 462 2248 111]
480 2207 508 2239 d.
527 2207 565 2239 de
589 2208 688 2238 firmis
711 2210 867 2238 terrarum
890 2207 928 2239 de
951 2208 1094 2239 Kinloeh
1118 2218 1191 2239 cum
