1551 2462
404 250 464 278 316
716 247 881 279 ROTULI
905 247 1143 280 SCACCARII
1365 251 1456 280 1465.

401 340 514 378 oneris,
531 339 610 382 vj⁰lij
628 339 659 371 11.
677 340 734 371 xix
749 345 771 372 s.
790 341 824 372 ix
845 340 874 372 d.
893 341 949 382 viij
974 340 1079 373 celdre
1098 341 1251 372 frumenti
1272 341 1328 383 viij
1349 341 1456 373 celdre

402 389 497 422 ordei.

445 439 540 476 Item,
556 439 641 470 idem
657 442 768 471 onerat
784 449 817 470 se
834 439 872 470 de
889 450 956 470 xxx
972 439 1004 471 11.
1033 442 1192 471 terrarum
1222 439 1260 471 de
1284 440 1457 472 Petcokkis

402 489 441 520 de
457 489 550 520 dictis
567 490 669 520 tribus
684 489 837 520 terminis.
884 490 926 520 Et
950 489 989 521 de
1005 500 1049 520 xx
1064 490 1096 520 11.
1121 493 1279 520 terrarum
1302 490 1341 521 de
1363 490 1456 521 Litil-

401 541 473 579 spot
488 538 526 570 de
543 538 636 570 dictis
653 538 805 570 terminis.
851 539 894 569 Et
910 538 949 569 de
965 549 1010 569 xx
1023 538 1056 569 11.
1074 541 1158 570 terre
1182 538 1220 570 de
1237 538 1457 570 Cranschawis

400 598 457 628 per
472 587 558 619 idem
573 590 708 629 tempus.
754 588 796 619 Et
812 587 851 619 de
868 598 935 618 xxx
951 588 982 619 fi.
1000 591 1160 619 terrarum
1183 588 1223 619 de
1240 589 1393 620 Cokburn
1416 589 1455 620 de

401 637 495 668 dictis
521 637 675 668 terminis.
721 638 763 667 Et
790 637 829 668 de
857 648 878 668 x
894 637 925 668 11.
955 641 1112 669 terrarum
1144 638 1182 669 de
1209 638 1373 670 Hardanis
1400 639 1477 679 per*

401 687 486 718 idem
501 690 636 728 tempus.
682 687 724 718 Et
740 687 778 718 de
793 687 874 718 lxxv
889 687 921 718 11
938 689 1023 718 terre
1039 687 1078 719 de
1094 687 1262 729 Brigeame
1279 688 1317 719 de
1334 688 1456 719 eisdem

400 737 554 768 terminis.
600 737 643 768 Et
658 736 759 767 nichil
776 737 827 768 hic
844 737 882 768 de
894 737 1108 768 castriwardis
1122 737 1293 768 comitatus
1303 737 1457 775 Marchie,

401 787 477 827 quia
493 787 666 818 vicecomes
690 786 825 818 Berwici
842 786 981 817 reddidit
1005 790 1194 828 computum
1211 787 1249 818 de
1273 787 1403 825 eisdem,
1419 791 1456 818 ut

400 839 489 877 patet
511 836 546 867 in
568 835 673 867 rotulo
697 835 774 866 anni
797 836 963 877 presentis.
1008 837 1051 867 Et
1074 837 1113 868 de
1136 836 1184 877 liij
1203 841 1225 868 ἔ.
1243 837 1288 878 iiij
1307 836 1336 868 (1.
1355 837 1456 868 annui

399 886 544 917 redditus
574 888 733 916 terrarum
763 885 802 916 de
844 885 1031 917 Lambdane
1061 886 1101 918 de
1143 886 1267 918 duobus
1308 887 1456 918 terminis

401 936 628 967 Penthecostes
658 935 744 965 infra
773 934 834 966 hoc
864 939 1060 976 computum.
1106 936 1149 966 Et
1172 935 1211 967 de
1234 947 1278 966 xx
1301 940 1323 968 ἓ.
1356 937 1457 967 annui

400 985 545 1016 redditus
575 988 733 1016 terrarum
759 984 798 1015 de
825 984 1063 1016 Haliburtoune
1090 985 1241 1017 similiter
1268 986 1306 1017 de
1331 987 1456 1018 duobus

401 1034 547 1065 terminis
570 1034 798 1065 Penthecostcs
822 1034 907 1065 infra
929 1034 990 1065 hoc
1013 1037 1209 1076 computum.
1254 1035 1297 1066 Et
1320 1036 1359 1067 de
1382 1037 1414 1077 vj
1432 1040 1456 1068 ἔ.

401 1084 502 1115 annui
516 1084 660 1115 redditus
676 1087 757 1115 terre
779 1083 817 1115 de
840 1084 972 1115 Harlaw
988 1084 1089 1116 debiti
1112 1085 1151 1116 ad
1175 1085 1277 1117 dictos
1300 1086 1454 1118 terminos

401 1134 628 1166 Penthecostes
659 1134 743 1165 infra
772 1134 833 1165 hoc
863 1137 1058 1175 computum.
1113 1135 1156 1166 Et
1178 1135 1218 1166 de
1240 1136 1272 1176 vj
1297 1140 1319 1167 ἔ.
1344 1136 1400 1177 viij
1425 1136 1454 1168 (1.

401 1184 501 1215 annui
516 1183 660 1215 redditus
676 1183 813 1215 duarum
837 1183 1063 1215 tenandiarum
1078 1184 1114 1214 in
1140 1184 1219 1216 villa
1239 1185 1279 1216 de
1303 1185 1455 1216 Grenlaw

401 1234 636 1275 pertinencium
659 1233 821 1274 quondam
837 1233 979 1274 Georgeo
1003 1233 1106 1274 Inglis
1129 1233 1168 1265 de
1184 1234 1322 1265 termino
1346 1235 1456 1266 Sancti

401 1284 538 1315 Martini
556 1283 641 1314 infra
655 1283 715 1314 hoc
739 1286 934 1324 computum,
951 1283 1027 1324 quia
1050 1286 1128 1314 tunc
1151 1283 1296 1315 redditur
1318 1287 1454 1316 tantum.

401 1334 444 1365 Et
460 1333 560 1364 nichil
574 1333 628 1364 hic
644 1333 682 1364 de
699 1342 806 1363 annuo
818 1332 945 1363 redditu
961 1335 1044 1363 terre
1060 1332 1100 1363 de
1115 1332 1312 1364 Kowslande
1327 1334 1362 1364 in
1377 1334 1456 1365 villa

400 1384 439 1414 de
465 1383 635 1414 Grenelaw
661 1382 836 1423 spectantis
862 1382 1003 1423 Georgeo
1022 1382 1245 1420 Edwardsone,
1269 1383 1346 1424 quia
1369 1383 1454 1415 vice-

401 1443 504 1465 comes
521 1434 558 1464 de
570 1432 693 1463 Berwic
705 1432 822 1472 recepit
835 1431 972 1463 eundem
987 1442 1045 1473 pro
1057 1432 1261 1463 castriwarda
1272 1436 1304 1464 et
1313 1433 1454 1464 reddidit

401 1486 588 1523 computum
604 1483 642 1513 de
659 1481 770 1513 eodem
785 1482 819 1512 in
835 1491 920 1512 anno
936 1481 1084 1522 presenti.
1130 1482 1173 1512 Et
1190 1482 1228 1513 de
1245 1483 1301 1523 xiij
1320 1487 1343 1514 s.
1360 1483 1406 1524 iiij
1424 1483 1453 1515 d.

400 1543 457 1574 per
483 1531 705 1563 vendicionem
732 1530 867 1561 duorum
889 1530 1016 1570 parium
1039 1530 1210 1561 calcarium
1231 1531 1455 1563 deauratorum

400 1582 472 1613 albe
483 1582 572 1612 firme
585 1584 740 1612 terrarum
750 1579 789 1610 (16
802 1578 895 1620 Popfl
905 1579 1125 1620 spectancium
1138 1580 1246 1611 David
1258 1581 1297 1612 de
1308 1581 1454 1613 Lawedir

401 1631 507 1663 debite
523 1631 563 1662 ad
578 1630 697 1661 festum
718 1628 829 1660 Sancti
859 1628 1029 1659 Michaelis
1063 1628 1148 1659 infra
1174 1629 1234 1660 hoc
1258 1635 1454 1672 computum,

400 1681 476 1722 quia
527 1684 606 1711 tunc
650 1678 794 1710 redditur
833 1681 968 1709 tantum.
1029 1678 1162 1710 Summa
1205 1678 1302 1719 hujus
1341 1681 1455 1719 oneris,

396 1730 526 1772 j‘lxxxx
541 1730 581 1760 11..

444 1781 538 1817 Item,
560 1779 647 1810 idem
671 1780 782 1809 onerat
808 1788 841 1809 se
866 1777 905 1809 de
928 1777 985 1818 xiij
1009 1776 1042 1810 11.
1064 1777 1096 1818 vj
1121 1781 1144 1809 ἓ,
1160 1777 1217 1818 viij
1234 1777 1262 1809 d.
1280 1778 1319 1810 de
1334 1778 1453 1810 relevio

400 1834 558 1862 terrarum
580 1829 620 1860 de
642 1828 836 1869 Edyntoune
858 1827 926 1868 regi
952 1827 1060 1858 debito
1083 1837 1140 1868 per
1162 1827 1314 1858 saisinam
1344 1828 1453 1859 datam

401 1881 521 1912 Thome
531 1879 570 1910 de
580 1878 774 1919 Edyntoune
784 1876 823 1907 de
833 1876 960 1907 eisdem.
1006 1877 1049 1907 Et
1059 1876 1098 1908 de
1109 1887 1152 1908 xx
1163 1881 1186 1907 ἔ.
1198 1877 1236 1908 (16
1247 1877 1346 1909 firmis
1356 1878 1453 1910 unius

401 1929 579 1961 husbandie
599 1927 736 1968 jacentis
751 1927 786 1957 in
801 1926 880 1957 villa
896 1926 934 1957 de
951 1926 1054 1962 Duns,
1070 1926 1238 1958 existentis
1254 1926 1288 1957 in
1304 1927 1452 1959 manibus

401 1978 523 2010 domini
549 1978 631 2018 regis
655 1979 810 2017 tanquam
832 1976 949 2007 tutoris
972 1975 1094 2007 domini
1117 1975 1208 2007 ducis
1232 1976 1369 2008 Albanie
1396 1986 1453 2018 per

401 2028 545 2069 spacium
575 2027 711 2058 duorum
750 2035 916 2062 annorum,
946 2025 1064 2056 saisina
1094 2035 1159 2056 non
1190 2029 1376 2066 recuperata
1413 2025 1452 2057 de

401 2078 529 2115 eisdem,
559 2087 622 2118 que
652 2076 743 2107 firme
772 2085 806 2106 se
844 2074 1026 2106 extendunt
1062 2075 1231 2106 annuatim
1268 2075 1309 2106 ad
1340 2075 1450 2107 decem

400 2128 523 2159 solidos.
570 2126 612 2156 Et
628 2125 667 2157 de
682 2125 704 2165 ij
721 2124 750 2155 d.
774 2134 831 2165 per
847 2123 1103 2164 duplicacionem
1119 2123 1190 2155 albe
1206 2124 1295 2155 firme
1314 2124 1353 2156 de
1366 2128 1451 2156 terra

399 2177 561 2209 antedicta
584 2185 640 2216 per
662 2174 814 2206 saisinam
840 2173 949 2205 datam
973 2173 1153 2215 Mergarete
1180 2174 1269 2205 Bane
1296 2174 1334 2205 de
1357 2173 1451 2205 dictis
