1551 2462
126 294 215 325 1467.
432 290 594 323 REGUM
619 290 864 322 SCOTORUM.
1110 295 1165 323 491

123 389 237 417 cantur
251 384 426 416 husbandis
449 383 601 425 predictis
625 383 793 415 duodecim
817 384 947 421 denarii,
969 387 1075 425 preter
1091 385 1170 416 duas

123 435 242 467 celdras
258 438 291 466 et
305 434 474 466 tresdecim
489 433 591 465 bollas
608 444 686 474 quas
703 433 839 474 percipit
854 434 940 464 dicta
952 434 1117 465 Elizabeth
1132 435 1171 466 de

123 485 207 516 dioto
223 494 314 521 anno,
331 483 378 524 iiij
395 483 427 514 fi.
443 483 477 523 iij
503 487 526 514 s.
571 483 614 514 Et
629 482 839 523 computanti‚
855 493 912 523 pro
928 483 1020 514 feodo
1036 493 1093 514 suo
1110 483 1170 515 hoc

123 544 206 566 anno
219 533 322 565 solum
331 543 372 564 ex
382 532 635 564 consideracione
652 532 843 570 auditorum,
859 543 880 562 x
896 532 937 569 li„
952 536 986 563 et
994 533 1170 573 precipitur

24 598 28 599 ⁷
49 609 71 613 .-
123 594 162 616 ne
181 583 318 624 amplius
341 582 503 619 allocetur,
519 583 595 623 quia
617 582 719 613 nichil
740 582 894 623 importat
917 582 989 622 regi.
1037 582 1169 613 Summa

122 643 340 675 expensarum,
352 631 424 673 j⁰xx
439 632 471 663 ri.
487 632 554 673 xvij
572 637 596 664 s.
620 632 651 673 vj
670 632 699 663 d.
745 632 788 663 Et
803 632 848 663 sic
864 634 987 662 restant
1000 630 1166 673 j⁰lxxxxiij

120 683 152 715 Ii.
168 684 224 724 xiij
241 688 264 715 s.
281 683 313 724 xj
330 682 359 714 d.

164 733 255 770 Item,
271 733 357 763 idem
372 734 482 763 onerat
498 741 531 762 se
547 731 586 763 de
610 731 702 772 xxiiij
728 730 842 762 celdris
858 742 879 761 x
895 730 989 762 bouis
1005 730 1027 771 ij
1047 731 1167 762 fer-lotis
1183 736 1331 768 ordeum,

96 786 98 788 ’
121 782 205 814 ordei
220 792 276 823 per
297 781 454 822 arreragia
477 780 586 812 ultimi
609 781 754 822 computi
777 781 836 818 sui,
860 784 897 811 ut
920 783 1010 821 patet
1031 780 1067 811 in
1087 781 1168 821 pede

119 832 268 873 ejusdem.
314 831 446 863 Summa
469 831 618 872 arreragii
641 833 737 871 patet.
784 830 878 867 Item,
900 830 987 861 idem
1007 833 1119 861 onerat
1135 841 1168 862 se

120 881 159 913 de
174 881 206 922 xj
224 881 336 913 celdris
353 891 396 911 xv
412 880 506 912 bonis
523 880 611 911 ordei
634 890 690 921 per
706 880 844 921 integras
868 890 1047 921 gressumas
1063 880 1167 912 insule

50 926 57 935 “
119 931 158 963 de
174 931 256 962 Bute
271 931 310 962 de
332 931 469 962 termino
493 930 604 962 Sancti
627 930 764 961 Martini
787 930 872 960 infra
895 930 955 961 hoc
970 934 1167 970 computum.

49 987 57 992 ’
119 981 161 1012 Et
175 981 214 1012 de
228 980 263 1022 iij
280 980 393 1012 celdris
410 980 465 1021 viij
485 980 578 1012 bollis
594 980 616 1021 ij
641 980 764 1011 ferlotis
781 980 868 1011 ordei
883 980 988 1011 insule
1004 980 1042 1011 de
1058 981 1167 1012 Arane

4 1529 10 1534 ι
0 1470 10 1477 ⁵.
4 1429 11 1436 ἢ
1 1404 5 1406 ’

16 1507 50 1590 ᾁῖὶρῖ
16 1391 50 1502 “;,“,ς“ι,·”ν;ῖι’ζε-;
44 1379 54 1385 r
20 1347 44 1373 ἐι

15 1862 42 1890 ³⁶³,
26 1816 43 1851 Δ)
0 1758 41 1803 23³)
15 1716 48 1750 μ’
17 1693 33 1709 ’μ’
8 1595 46 1687 ‘stiffi'

25 1958 38 1978 μ’·
23 1903 42 1946 &⁴⁴—

119 1031 292 1062 de-eodem
318 1030 464 1062 termino.
511 1030 646 1061 Summa
669 1030 766 1071 hujus
790 1029 903 1066 oneris,
926 1040 970 1060 xv
993 1029 1097 1061 celdre
1121 1030 1164 1070 vij

117 1080 200 1112 bolle
229 1080 251 1121 ij
283 1080 395 1111 ferlote
426 1080 520 1112 ordei.
567 1080 700 1111 Summa
731 1079 839 1111 totalis
870 1079 1067 1110 oneracionis
1092 1089 1166 1110 cuni

117 1130 287 1172 arreragiis,
302 1130 337 1161 xl
353 1130 457 1162 celdre
470 1130 482 1170 j
500 1129 586 1161 bolla
603 1130 698 1161 ordei.

159 1180 307 1221 Expense
323 1179 474 1220 ejusdem.
520 1179 561 1210 In
585 1179 706 1220 primis,
730 1178 863 1210 allocate
887 1178 1087 1219 computanti
1109 1189 1167 1219 per

116 1228 338 1261 liberacionem
355 1229 472 1260 factam
488 1229 510 1260 J
513 1228 632 1259 ohanni
655 1228 784 1259 domino
810 1228 946 1259 Dernlee
968 1238 1025 1269 pro
1048 1228 1165 1269 Viginti

115 1279 227 1310 marcis
243 1279 304 1310 sibi
319 1278 436 1310 debitis
451 1288 508 1319 pro
524 1277 651 1309 residuo
668 1277 753 1308 feodi
769 1277 819 1308 sui
836 1281 966 1308 centum
986 1287 1165 1308 marcarum

117 1328 156 1360 de
170 1328 311 1370 predicto
327 1328 441 1359 ultimo
457 1328 594 1359 termino
610 1327 708 1368 hujus
731 1327 885 1368 computi,
900 1327 934 1357 in
951 1337 1014 1367 qua
1030 1327 1164 1358 deliber-

115 1381 187 1410 atur
201 1378 306 1410 celdra
320 1388 377 1419 pro
393 1388 450 1409 sex
465 1377 589 1414 marcis,
605 1377 640 1407 in
656 1376 848 1417 completam
864 1376 1061 1408 solucionem
1078 1377 1164 1408 feodi

116 1427 166 1459 sui
181 1427 258 1459 dicti
272 1427 413 1466 termini,
429 1427 463 1468 iij
481 1426 586 1458 celdre
603 1437 624 1458 v
639 1426 723 1457 bolle
739 1426 762 1467 ij
780 1436 874 1467 pecce
890 1426 984 1457 ordei.
1031 1426 1164 1458 Summa

115 1486 325 1518 expensarum
341 1480 437 1518 patet.
483 1477 526 1508 Et,
542 1476 588 1508 sic
611 1479 734 1508 restant
749 1476 849 1517 xxxvj
869 1476 972 1507 celdre
989 1487 1009 1507 x
1027 1476 1110 1508 bolle
1127 1477 1160 1517 iij

104 1526 227 1558 .fe1·lote
241 1526 263 1567 ij
281 1536 376 1568 pecce
393 1526 490 1557 ordei.

157 1625 352 1667 Computum
376 1625 514 1657 Simonis
531 1625 670 1663 Salman,
692 1625 863 1666 receptoris
878 1625 1042 1656 firmarum
1066 1625 1161 1656 comi·
1178 1625 1356 1660 Comitatus

113 1678 199 1707 tatus
213 1675 367 1712 Marchie,
380 1675 498 1716 [Perth,
513 1676 556 1706 30
572 1674 660 1706 June
674 1675 771 1712 1467,
779 1676 868 1716 from
883 1676 927 1707 525
942 1675 1025 1706 June
1037 1676 1132 1713 1466.
1176 1670 1328 1703 Marchie.

158 1725 282 1766 Oharqe.
327 1725 473 1762 Amam,
489 1724 588 1755 &656
602 1725 667 1755 113.
685 1724 750 1765 6d.]
768 1728 872 1765 preter
887 1734 994 1765 grana.

156 1775 248 1812 Item,
264 1774 349 1806 idem
365 1777 474 1805 onerat
490 1783 523 1804 se
538 1773 575 1804 de
592 1773 671 1814 xlvij
685 1773 717 1804 n
734 1774 766 1814 xj
785 1778 807 1805 s.
825 1783 882 1814 per
897 1774 1037 1814 integras
1053 1773 1160 1804 firmas

63 1839 66 1842 ⁴
113 1826 267 1856 terrarum
277 1824 316 1855 de
326 1823 509 1855 Ersiltoune
522 1823 560 1854 de
571 1822 695 1853 duobus
708 1823 853 1854 terminis
865 1822 948 1853 infra
961 1826 1161 1862 computum.

113 1873 155 1904 Et
169 1873 208 1905 de
223 1873 321 1914 xxxvj
346 1872 378 1904 fi.
395 1872 439 1913 xij
457 1876 481 1904 Ξ.
496 1882 553 1913 per
576 1872 683 1903 firmas
706 1875 863 1903 terrarum
887 1871 925 1902 de
949 1871 1098 1902 Grenlaw
1121 1871 1160 1903 de

113 1922 207 1955 dictis
229 1922 383 1955 terminis.
429 1922 472 1953 Et
494 1922 533 1953 de
550 1922 615 1962 xvij
633 1921 665 1952 n.
689 1922 747 1952 xix
763 1925 786 1952 s.
810 1922 842 1961 vj
860 1921 888 1952 d.
913 1921 952 1952 de
975 1921 1074 1952 firmis
1097 1924 1160 1952 ter-

113 1978 218 2004 rarum
233 1972 272 2003 de
287 1972 389 2003 Duns.
435 1971 478 2002 Et
489 1970 529 2002 dc
546 1981 566 2001 v
578 1970 609 2001 fi.
627 1971 658 2011 vj
677 1975 700 2002 ἔ.
714 1971 770 2011 viij
788 1970 816 2001 d.
831 1974 912 2001 terre
929 1970 967 2001 de
978 1970 1158 2001 Cadschele.

113 2021 156 2054 Et
169 2022 208 2054 de
223 2022 270 2053 lix
286 2021 318 2053 n.
335 2022 367 2062 vj
385 2025 401 2053 s
427 2021 483 2061 viij
502 2020 530 2051 d.
554 2024 711 2052 terrarum
735 2020 773 2051 de
790 2020 949 2051 Lethame.
995 2020 1037 2050 Et
1060 2020 1099 2051 de
1115 2031 1160 2051 xx

113 2071 146 2104 fi.
171 2074 325 2103 terrarum
349 2070 388 2102 de
422 2070 654 2101 Mersintoune.
699 2069 741 2100 Et
768 2069 807 2100 de
834 2079 857 2099 x
879 2068 911 2099 fi.
937 2072 1092 2100 terrarum
1119 2069 1159 2100 de

113 2120 266 2153 Gradane.
311 2121 354 2152 Et
376 2120 415 2151 de
431 2120 508 2160 xxvj
526 2119 557 2150 fi.
576 2119 632 2159 xiij
650 2122 673 2150 s.
690 2118 735 2159 iiij
753 2118 782 2149 d.
799 2122 955 2149 terrarum
971 2118 1010 2149 de
1027 2118 1157 2150 Hirsell.

111 2169 154 2201 Et
168 2169 207 2202 de
222 2170 298 2211 xxxj
323 2169 354 2200 ii.
379 2180 422 2200 xv
438 2173 461 2201 s.
485 2174 639 2200 terrarum
664 2168 703 2199 de
727 2168 902 2199 Chimside.
948 2168 990 2199 Et
1013 2168 1052 2199 de
1067 2168 1103 2199 xl
1125 2169 1157 2200 n‘.

112 2221 265 2251 terrarum
281 2219 320 2251 de
336 2219 584 2260 Lochbrigeame
600 2221 631 2250 et
644 2217 934 2259 Brigeameschelis.
981 2218 1023 2249 Et
1032 2218 1070 2249 de
1087 2229 1108 2249 x
1124 2219 1156 2251 n'.
