1551 2462
0 1600 23 1640 ,1,-.·‘-.

137 217 227 246 1463.
447 213 609 246 REGUM
633 213 880 246 SCOTORUM.
1125 219 1184 247 199

139 318 218 349 quas
234 312 369 350 occupat
384 308 406 340 J
408 308 548 340 ohannes
572 308 815 349 Skrymgeoure,
831 307 977 349 claviger,
993 308 1032 339 de
1047 309 1184 340 termino

135 358 362 390 Pentechostes
388 359 472 389 infra
495 358 554 389 hoc
578 361 770 398 compotum,
793 361 827 389 et
851 368 907 398 pro
935 358 1051 398 quibus
1079 358 1183 390 dictus

1199 384 1363 413 Respondebit

136 407 297 439 Henricus
315 407 527 449 respondebit,
542 407 576 448 iij
594 407 626 438 ᾗ.
643 407 674 447 vj
692 411 715 439 s.
727 407 781 447 viij
793 407 822 438 d.
868 407 911 438 Et
922 417 978 448 per
988 407 1183 439 solucionem
1199 414 1336 443 Kyngorne.

133 458 252 489 factam
279 458 364 489 dicto
391 457 518 489 domino
545 457 687 488 Henrico
714 467 770 498 per
798 467 913 488 manus
941 457 1019 488 dicti
1043 458 1183 489 custodis

135 506 254 547 privati
275 507 373 548 sigilli
396 507 435 538 de
460 506 559 537 firmis
586 509 744 537 terrarum
775 506 814 538 de
840 506 1076 538 Thomastoune
1104 517 1183 548 quas

135 556 233 588 habet
248 557 440 588 Lanoelotus
467 556 505 587 de
521 556 699 587 Abernethi
723 556 758 587 in
780 556 873 587 feodo
896 567 961 593 suo,
985 556 1024 587 de
1047 557 1183 587 termino

136 606 364 638 Pentechostes
379 606 464 637 infra
479 606 539 638 hoc
561 610 753 647 compotum,
770 617 790 637 v
813 606 855 643 fi„
871 616 926 647 pro
950 607 1066 647 quibus
1083 607 1183 637 eciam

134 656 345 697 respondebit.
390 657 433 687 Et
456 667 512 697 per
538 656 733 687 solucionem
758 656 877 687 factam
900 656 985 687 dicto
1009 656 1183 687 senescallo

132 716 188 747 per
203 706 325 737 dictum
341 706 505 737 custodem
528 706 647 747 privati
670 705 767 747 sigilli
784 705 822 737 de
848 706 947 736 firmis
973 709 1128 737 terrarum
1144 706 1183 737 de

134 755 265 797 Colessy
292 766 370 797 quas
398 755 494 787 habet
514 756 606 796 Lyon
628 765 684 786 rex
710 765 870 786 armorum
891 755 926 786 in
953 755 1045 787 feodo
1062 765 1127 792 suo,
1144 755 1183 786 de

133 805 217 836 dicto
234 806 371 837 termino
384 805 619 842 Pentechostes,
631 808 663 836 et
675 815 733 846 pro
745 805 862 846 quibus
872 805 977 836 dictus
989 804 1182 836 senescallus

131 855 342 896 respondebit,
358 855 389 896 vj
407 855 438 886 li.
456 856 512 896 xiij
529 860 552 887 s.
569 855 615 896 iiij
633 855 662 886 d.
709 856 751 886 Et
773 865 830 895 per
852 855 1048 886 solucionem
1064 855 1183 885 factam

134 905 220 936 dicto
236 905 409 937 senescallo
433 915 489 946 per
513 905 636 936 dictum
660 905 822 946 privatum
847 905 989 946 sigillum
1016 905 1055 936 de
1082 905 1182 935 firmis

133 957 291 986 terrarum
308 955 347 986 de
363 955 538 986 Balkerous
555 958 587 986 et
610 955 797 992 Cameroun,
816 965 895 995 qua-s
911 955 1008 985 habet
1024 954 1183 985 Robertus

132 1004 272 1041 Huutar,
292 1004 463 1035 hostiarius
487 1005 608 1035 domini
624 1005 714 1045 regis,
729 1005 764 1035 in
787 1004 879 1035 feodo
903 1014 960 1035 suo
983 1004 1022 1035 de
1046 1004 1183 1035 termino

133 1054 369 1091 Pentechostes,
379 1057 411 1085 et
422 1064 479 1094 pro
492 1054 608 1094 quibus
619 1054 703 1084 idem
716 1053 909 1084 senescallus
924 1053 1137 1094 respondebit,
1150 1054 1182 1094 vj

134 1102 166 1134 fi.
201 1103 244 1134 Et
260 1103 373 1140 eidem,
383 1114 440 1144 per
456 1103 650 1134 solucionem
668 1103 785 1133 factam
801 1113 857 1143 pro
873 1103 1020 1143 expensis
1037 1106 1069 1134 et
1084 1103 1183 1144 gagiis

135 1153 332 1184 diversorum
369 1153 563 1185 verletorum
601 1153 728 1184 domine
765 1152 873 1193 regine
910 1153 1113 1184 veniencium
1151 1156 1184 1184 et

135 1203 378 1244 expectancium
394 1214 450 1244 pro
465 1203 609 1235 custodia
632 1213 785 1243 equorum
808 1202 950 1243 ejusdem
973 1203 1058 1243 apud
1082 1203 1183 1234 Fauc—

133 1253 211 1284 land
243 1253 281 1284 de
311 1253 462 1284 mandato
489 1253 605 1294 regine,
635 1255 773 1284 testante
804 1252 978 1283 senescallo
1008 1252 1182 1293 Kingorne,

136 1353 250 1384 domus
265 1363 322 1393 pro
339 1352 481 1384 custodia
498 1352 564 1384 feni
580 1353 614 1383 in
630 1352 802 1390 Faucland‚
818 1362 942 1383 necnon
959 1363 1016 1393 pro
1040 1353 1185 1383 custodia

136 1402 347 1444 quadraginta
359 1412 474 1433 novem
485 1405 669 1439 martarum,
680 1405 711 1433 et
723 1412 779 1442 pro
789 1402 1014 1433 emendacione
1026 1405 1184 1433 terrarum

133 1462 190 1493 pro
206 1452 291 1483 dicta
307 1451 400 1483 domo
417 1455 449 1482 et
464 1454 588 1483 tectura
607 1461 731 1482 camere
754 1451 880 1482 comitis
902 1451 942 1482 (le
965 1451 1039 1482 Mar
1060 1452 1095 1482 in
1118 1462 1184 1482 una

134 1505 234 1543 parte,
250 1504 282 1533 et
300 1502 371 1533 aliis
388 1501 521 1533 diversis
537 1502 731 1540 necessariis,
747 1501 898 1533 videlicet
913 1501 1012 1532 clavis
1028 1504 1060 1532 et
1075 1501 1183 1533 labore

135 1551 362 1589 laborancium,
375 1555 412 1582 ut
427 1555 517 1593 patet
532 1562 589 1592 per
604 1552 749 1584 cedulam
767 1551 979 1592 compotantis
995 1551 1183 1591 particular-

135 1601 196 1633 iter
211 1602 426 1633 examinatam
436 1612 531 1642 super
543 1604 735 1642 compotum,
751 1601 790 1632 de
805 1601 956 1631 mandato
969 1601 1085 1641 regine,
1097 1601 1182 1632 dicto

137 1651 310 1683 senescallo
333 1654 472 1682 testante
495 1651 682 1682 mandatum
705 1661 801 1691 super
822 1653 1015 1691 compotum,
1034 1650 1137 1691 xxviij
1159 1655 1182 1681 s.

137 1712 158 1732 x
175 1701 204 1732 d.
249 1701 292 1732 Et
307 1711 364 1742 pro
380 1701 528 1741 expensis
544 1700 671 1732 domine
687 1700 798 1738 Marie,
815 1701 929 1731 sororis
953 1700 1042 1741 regis,
1058 1700 1184 1732 comitis

137 1751 176 1782 de
191 1750 273 1787 Mar,
289 1754 322 1782 et
337 1750 465 1781 domine
481 1750 669 1791 Mergarete,
685 1753 717 1781 et
736 1760 845 1781 eorum
868 1750 1067 1786 servitorum,
1090 1749 1184 1780 factis

139 1800 224 1841 apud
269 1799 443 1837 Faucland,
479 1800 661 1840 incipiendo
703 1802 816 1840 quarto
853 1799 937 1830 Julii
974 1802 1006 1830 et
1043 1798 1184 1829 finiendo

135 1849 304 1881 undecimo
320 1849 461 1890 Augusti
476 1849 641 1886 inclusive,
658 1849 694 1879 in
716 1849 849 1880 diversis
872 1847 1044 1879 denariatis
1068 1848 1184 1888 emptis

137 1909 193 1940 per
231 1898 377 1936 eundem,
407 1898 558 1930 videlicet
586 1899 620 1929 in
650 1898 846 1935 mutonibus,
883 1898 1003 1932 martis,
1041 1897 1184 1937 pultreis,

132 1949 282 1990 piscibus,
317 1948 424 1980 butiro
455 1951 487 1979 et
517 1948 596 1986 ovis,
625 1948 800 1989 smigmate,
832 1947 1031 1984 carbonibus,
1057 1949 1090 1977 et
1112 1946 1184 1977 aliis

135 1998 269 2029 diversis
306 1998 441 2029 minutis
468 1998 616 2038 expensis
646 1998 762 2038 emptis
801 2007 857 2037 per
887 1996 1033 2032 eundem,
1064 1995 1184 2036 absque

138 2048 309 2084 frumento,
339 2047 451 2084 brasio,
482 2050 514 2078 et
536 2047 647 2078 martis
678 2047 769 2078 salsis
800 2047 839 2078 de
861 2045 997 2086 propriis
1020 2045 1128 2086 regine
1152 2048 1185 2076 et

135 2097 316 2138 expenditis
346 2107 403 2137 per
435 2096 520 2127 idem
558 2100 695 2137 tempus,
724 2100 761 2127 ut
798 2099 887 2136 patet
916 2095 951 2125 in
988 2094 1069 2125 libro
1107 2094 1184 2126 dicti

138 2146 351 2188 compotantis
374 2145 608 2186 particulariter
624 2146 806 2177 examinato
829 2155 924 2186 super
947 2147 1130 2185 compotum
1152 2147 1185 2176 et

1257 658 1301 680 Do.

1256 857 1299 879 Do.

1256 1057 1302 1079 Do.

1255 1265 1302 1287 Do.

1255 1552 1298 1575 Do.
