1551 2462
154 485 219 508 Nota
229 486 327 509 manda-

153 515 215 540 tum.

145 1289 310 1319 Respondebit

144 1319 244 1353 Guthre,
257 1320 309 1343 the-

143 1355 271 1372 saurarius.

139 1833 304 1862 Respondebit

139 1863 239 1897 Guthrg,
252 1864 302 1887 the-

137 1899 265 1918 saurarius.

138 1986 262 2027 Coupir.

375 267 434 295 152
683 266 848 298 ROTULI
872 265 1108 298 SGACGARH
1333 267 1423 295 1462.
1471 294 1474 300 ,

370 367 443 388 rum
459 357 641 389 auditorum
657 358 696 390 ad
713 369 851 399 presens,
863 359 933 400 ipsa
944 358 1111 389 Elizabeth
1124 357 1246 388 fatente
1258 360 1423 398 receptum

370 416 465 447 super
498 411 682 448 compotum
713 408 751 439 de
775 408 869 439 dictis
900 408 1003 439 tribus
1034 408 1189 443 terminis,
1220 417 1287 437 xxx
1317 407 1358 444 fi„
1390 411 1422 438 et

368 456 539 488 mandatur
555 458 810 498 compotantibus
826 458 911 499 quod
928 457 1065 498 amplius
1082 467 1146 488 non
1159 456 1286 487 solvant
1301 457 1421 498 absque

368 515 450 537 novo
479 507 637 538 mandato.
683 508 726 539 Et
752 508 881 545 eisdem,
904 518 961 548 pro
983 507 1131 548 expensis
1146 506 1292 547 magistri
1307 506 1421 537 Jacobi

366 555 544 597 Lyndesay,
555 557 695 588 custodis
711 557 829 598 privati
841 556 947 597 sigilli,
961 556 1019 597 [et]
1031 556 1167 587 aliorum
1177 556 1367 587 servitorum
1381 556 1421 587 de

367 604 527 637 domicilio
543 606 744 637 dominorum
759 607 841 647 regis
858 610 890 637 et
913 606 1020 646 regine
1038 606 1129 636 factis
1145 605 1180 636 in
1197 605 1419 646 Hadyngtoun

365 657 507 695 tempore
523 666 586 696 quo
603 656 732 687 domina
746 656 856 696 regina
879 655 1038 696 equitavit
1060 665 1171 686 versus
1195 654 1418 695 Coldyngham

364 703 510 735 locutura
523 715 596 736 cum
609 705 702 736 certis
718 705 874 746 Anglicis,
891 715 931 736 ex
944 703 1199 735 consideracione
1215 704 1417 735 dominorum

364 753 555 791 auditorum,
571 754 656 785 dicto
680 754 810 785 custode
833 754 953 795 privati
976 753 1073 794 sigilli
1095 756 1235 785 testante
1260 764 1416 794 expensas

364 812 459 842 super
488 807 679 844 compotum,
706 804 741 844 iij
769 803 800 834 11.
829 804 851 844 ij
880 803 908 834 d.
954 804 998 834 Et
1029 803 1158 840 eisdem,
1184 814 1241 844 pro
1268 804 1417 844 expensis

363 851 457 883 factis
473 862 568 893 super
582 856 716 890 tronam,
729 853 879 884 videlicet
895 853 929 883 in
945 863 1009 883 uno
1025 863 1139 894 magno
1155 853 1242 894 ligno
1258 853 1343 885 dicto
1358 853 1414 885 the

363 901 516 938 standart,
532 902 622 939 ferro,
639 906 671 933 et
687 902 757 933 aliis
785 902 970 934 necessariis
995 902 1089 933 factis
1117 902 1199 934 circa
1215 903 1359 940 eandem,
1376 906 1413 933 ut

362 953 451 989 patet
465 951 500 981 in
516 951 629 982 cedula
644 944 860 992 computantis
872 951 1108 992 particulariter
1121 952 1304 983 examinata
1319 962 1416 993 super

361 1004 557 1040 computum,
588 1001 679 1041 xlviij
710 1005 732 1032 s.
764 1002 796 1042 vj
829 1000 858 1032 d.
904 1001 947 1031 Et
976 1011 1033 1042 per
1063 1001 1258 1033 solucionem
1296 1002 1415 1033 factam

361 1049 490 1080 domino
506 1050 614 1081 David
630 1050 757 1081 Houme
782 1050 821 1081 de
838 1050 1064 1088 Weddirburn,
1080 1051 1185 1088 militi,
1202 1051 1241 1082 de
1263 1051 1413 1082 mandato

361 1098 483 1130 domini
499 1100 601 1131 nostri
616 1100 707 1140 regis,
722 1103 760 1130 ut
775 1103 864 1140 patet
890 1110 946 1140 per
970 1100 1080 1131 literas
1104 1111 1177 1132 suas
1203 1100 1262 1132 sub
1286 1101 1412 1141 privato

361 1151 503 1180 ostensas
519 1159 614 1190 super
629 1153 821 1190 compotum,
834 1149 986 1181 solvendo
1001 1150 1105 1181 eidem
1117 1150 1284 1180 annuatim
1296 1150 1413 1192 viginti

361 1197 439 1229 duas
474 1198 572 1229 libras
607 1199 778 1230 tresdecim
813 1198 930 1230 solidos
961 1202 993 1230 et
1031 1202 1167 1239 quatuor
1197 1199 1342 1231 denarios
1373 1200 1412 1231 de

360 1247 484 1288 magnis
500 1249 656 1279 custumis
672 1248 750 1279 dicti
766 1248 866 1289 burgi,
882 1248 968 1279 dicto
984 1248 1092 1279 David
1108 1249 1230 1283 fatente
1246 1252 1411 1290 receptum

360 1307 455 1337 super
471 1300 662 1338 compotum,
678 1298 716 1329 de
733 1298 826 1329 dictis
842 1298 945 1329 tribus
961 1298 1116 1335 terminis,
1134 1298 1248 1339 xxxiiij
1273 1298 1305 1329 h'.
1352 1299 1411 1340 [To

362 1346 538 1383 Treasmvr,
561 1347 636 1387 ςιὲἒῗὶ]
682 1347 725 1377 Et
748 1347 875 1384 eisdem,
896 1357 953 1387 pro
979 1357 1094 1378 novem
1118 1348 1311 1388 ponderibus
1335 1348 1410 1380 salis

358 1395 596 1427 continentibus
634 1406 732 1426 unam
770 1396 909 1426 celdram
945 1396 1096 1427 undecim
1137 1396 1246 1434 bonas,
1285 1408 1409 1429 necnon

357 1445 492 1485 cariagio
513 1445 655 1485 ejusdem
672 1455 690 1475 a
711 1445 933 1485 Hadyngtoun
953 1455 1054 1486 usque
1071 1449 1210 1476 castrum
1232 1446 1270 1477 de
1287 1447 1409 1479 Berwic

355 1497 498 1534 tempore
524 1505 587 1534 quo
613 1494 716 1535 primo
743 1494 874 1525 devenit
898 1494 937 1525 ad
965 1505 1079 1526 manus
1106 1495 1228 1526 domini
1254 1496 1345 1536 regis,
1372 1507 1408 1528 ac

356 1543 447 1574 feodo
467 1543 609 1584 quinque
626 1553 777 1574 curruum
799 1543 837 1574 de
854 1544 1075 1584 Hadyngtoun
1097 1554 1207 1576 versus
1231 1545 1407 1577 Beelhavin

355 1603 428 1623 cum
458 1593 577 1623 farrina
601 1596 633 1623 et
656 1592 840 1624 bumbardis
864 1593 1049 1624 acartelaria
1071 1593 1175 1625 missis
1200 1594 1239 1625 ad
1266 1599 1406 1626 castrum

354 1642 393 1673 de
417 1642 539 1673 Berwic
563 1653 620 1683 pro
641 1642 822 1686 municione
839 1643 989 1683 ejusdem,
1006 1643 1097 1674 feodo
1116 1643 1212 1675 unius
1233 1645 1407 1685 equitantis

353 1691 472 1722 ibidem
490 1691 529 1722 ad
545 1691 797 1722 conservandum
813 1691 942 1728 tumbas,
953 1694 984 1722 et
1000 1691 1078 1723 alias
1094 1692 1234 1723 minutas
1251 1703 1405 1734 expensas

354 1741 453 1771 factas
469 1751 525 1781 per
541 1744 771 1781 computantes,
781 1741 819 1772 de
835 1741 985 1771 mandato
1002 1741 1123 1772 domini
1138 1742 1220 1783 regis
1230 1742 1405 1775 literatorio

354 1790 413 1821 sub
437 1790 560 1831 signeto
586 1793 711 1821 ostenso
742 1800 837 1830 super
861 1794 1052 1830 compotum,
1082 1791 1116 1821 ix
1146 1791 1178 1822 11.
1209 1792 1243 1832 iij
1275 1796 1298 1823 ἓ.
1345 1793 1404 1833 [To

356 1840 532 1874 Treaszcrer,
557 1840 617 1870 ³608.
663 1839 751 1876 Sam,
774 1840 828 1870 „132
851 1841 872 1870 2
896 1840 937 1870 33.
963 1840 1035 1871 1003.
1090 1841 1232 1878 Βαῖαηεε,
1259 1842 1336 1873 „5²23
1358 1843 1400 1873 33.

353 1888 437 1931 Qui„
450 1889 530 1929 paid
545 1892 574 1920 to
592 1888 780 1930 Treasuren]
825 1889 868 1919 Et
883 1889 928 1919 sic
944 1899 1031 1930 eque.

398 1988 589 2028 Compotum
625 1987 745 2018 Thome
775 1986 971 2024 Andersone‚
995 1989 1183 2019 eustumarii
1213 1989 1252 2020 de
1283 1989 1398 2031 Cupro,

354 2037 563 2078 [Edinburylss
577 2037 621 2068 5²0
635 2036 715 2076 July
730 2037 825 2074 1469,
833 2037 921 2076 from
938 2037 981 2066 16
995 2037 1106 2068 March
1121 2038 1214 2075 1460.

398 2087 521 2126 Char-qe.
566 2085 712 2123 Arrears,
727 2085 803 2123 AM
818 2086 881 2116 163.
899 2086 948 2123 bd.
997 2086 1119 2116 Oustom
1135 2087 1174 2126 of
1183 2088 1202 2118 I
1215 2087 1275 2118 last
1286 2089 1308 2118 8
1316 2090 1399 2119 sacks

352 2137 372 2174 4
386 2140 420 2167 st.
431 2136 505 2166 wool
521 2134 613 2177 (ss‘ssb
627 2136 670 2172 48.
686 2133 779 2176 5510d.)
795 2135 881 2166 1612
900 2135 1038 2175 woolfclls
1054 2135 1146 2176 (2310
1163 2137 1224 2167 15²3.
1241 2136 1319 2179 Sd),
1331 2139 1398 2169 and

350 2187 372 2224 4
386 2186 461 2217 lasis
475 2186 518 2216 10
541 2185 644 2216 dam-cs
658 2185 680 2223 4
700 2184 785 2215 hides
801 2183 893 2226 (26⁰1ss
905 2185 946 2215 Is.
964 2183 1056 2227 ljkcl.)
1073 2185 1108 2216 in
1123 2187 1235 2217 several
1256 2187 1342 2228 ships
1363 2191 1397 2218 at

1541 1377 1551 1446 nan-v.
1535 1283 1551 1363 *nd-22
1545 1220 1551 1265 ..-.-
