1551 2462
136 1473 302 1502 Respondebit

136 1503 236 1537 Guthrs,
248 1503 301 1526 the-

136 1539 263 1556 saurarius.

193 2135 237 2158 Do.

361 243 422 271 284
672 240 837 286 ROTULl
861 241 1097 274 SOAOOARH
1320 244 1410 276 1464.

357 333 486 372 eisdem,
514 344 571 375 per
601 334 796 366 solucionem
820 335 939 367 factam
963 335 1071 367 abbati
1096 335 1212 367 Sancte
1235 336 1347 369 Crucis
1370 337 1410 369 de

356 384 539 425 octuaginta
563 384 666 416 tribus
692 384 782 416 libris
810 395 866 416 sex
891 385 1001 417 solidis
1024 388 1094 417 octo
1125 386 1267 418 denariis
1290 386 1407 419 debitis

355 434 460 465 eidem
482 445 539 476 per
561 434 724 466 dominam
746 435 890 477 reginam
912 436 996 467 clare
1019 437 1181 474 memorie,
1197 437 1237 468 de
1258 437 1409 469 mandato

355 484 477 515 domim·
488 484 570 525 regis
582 484 757 516 literatorio
769 485 829 516 sub
841 485 965 526 privato
979 488 1104 517 ostenso
1114 495 1211 527 super
1221 490 1410 528 computum

354 536 387 564 et
413 534 491 565 dicti
517 534 641 566 abbatis
666 534 705 566 de
729 538 865 576 recepto,
888 535 1005 576 lxxxiij
1033 535 1066 567 fi.
1094 537 1126 577 vj
1154 540 1177 568 s.
1206 536 1263 578 viij
1291 537 1320 568 d.
1366 537 1409 568 Et

354 582 483 621 eisdem,
498 594 555 624 per
570 583 765 615 solucionem
781 584 899 616 factam
915 585 988 617 Ade
1005 585 1097 623 Cant,
1110 585 1204 617 alteri
1220 590 1409 628 computan—

354 633 449 671 cium,
465 644 521 675 pro
538 634 680 675 quinque
692 634 791 675 peciis
809 645 958 666 vasorum
975 638 1199 677 argenteorum
1214 636 1410 677 impignora-

354 687 462 714 torum
486 694 543 725 per
568 684 687 715 dictam
717 684 882 715 dominam
912 685 1055 726 reginam
1086 695 1144 726 pro
1175 685 1286 717 decem
1309 686 1410 723 libris,

354 744 416 774 que
427 743 502 765 vasa
513 733 647 766 liberata
659 737 750 765 erant
761 734 926 765 Willelmo
937 734 1080 771 Hakket,
1092 735 1216 766 custodi
1227 735 1410 773 eorundem,

354 782 393 814 de
409 783 560 814 mandato
576 783 698 814 domini
720 784 812 825 regis,
827 787 865 815 ut
880 786 970 825 patet
985 794 1041 825 per
1063 784 1172 816 literas
1189 784 1312 816 domini
1327 785 1409 826 regis

355 833 415 864 sub
445 833 569 874 signeto
592 835 733 864 ostensas
763 843 859 874 super
881 836 1078 874 computum,
1101 844 1122 864 x
1145 833 1176 864 fi.
1223 834 1265 865 Et
1288 834 1409 866 eisdem

354 892 411 922 per
426 882 621 913 solucionem
637 882 755 913 factam
771 882 938 914 Fratribus
961 883 1144 914 Minoribus
1160 883 1199 914 de
1217 884 1407 925 Edinburgh

356 932 394 962 de
419 931 566 963 ducentis
589 931 680 962 libris
708 931 824 963 debitis
851 942 907 973 per
937 932 1104 963 dominum
1134 943 1242 974 regem
1272 933 1406 965 Nicolao

355 981 487 1022 Spethy,
503 981 542 1012 de
558 981 675 1022 quibus
698 981 943 1022 assignabantur
965 981 1093 1013 domine
1116 982 1224 1022 regine
1248 982 1407 1023 quinqua-

353 1031 443 1071 ginta
472 1030 562 1069 libre,
585 1033 618 1062 et
640 1030 804 1062 residuum
827 1030 866 1062 ad
890 1031 1127 1072 reparaoionem
1150 1031 1212 1062 loci
1242 1031 1406 1063 dictorum

353 1080 512 1118 Fratrum,
527 1082 623 1121 prout
638 1083 728 1121 patet
749 1090 806 1121 per
821 1080 930 1112 literas
949 1080 1028 1112 dicti
1051 1080 1174 1111 domini
1196 1081 1297 1112 nostri
1321 1082 1404 1123 regis

353 1129 393 1161 de
408 1133 558 1171 precepto
574 1133 606 1162 et
623 1130 781 1165 dictorum
799 1130 949 1162 Fratrum
962 1130 1000 1162 de
1015 1133 1143 1171 recepto
1153 1134 1296 1162 ostensas
1308 1141 1406 1173 super

353 1183 549 1223 computum,
571 1180 584 1210 l
606 1179 648 1218 hi,
671 1182 703 1211 et
726 1180 772 1211 sic
793 1183 917 1212 restant
939 1180 1090 1212 solvende
1114 1181 1209 1212 dictis
1239 1181 1406 1214 Fratribus

353 1230 586 1271 quinquaginta
601 1229 691 1267 libre,
708 1230 783 1271 quia
799 1230 860 1262 alie
877 1231 1111 1272 quinquaginta
1126 1231 1207 1262 libre
1223 1230 1405 1263 allocaban—

351 1282 406 1310 tur
436 1279 633 1311 thesaurario
663 1279 698 1311 in
728 1283 878 1321 computo
916 1280 993 1311 anni
1023 1280 1130 1321 elapsi.
1198 1281 1241 1312 Et
1271 1280 1401 1318 eisdem,

352 1339 408 1370 per
445 1329 642 1361 solucionem
679 1329 797 1362 factam
834 1329 986 1370 magistro
1023 1329 1132 1360 David
1170 1329 1304 1368 Guthre,
1334 1330 1404 1361 the—

352 1381 501 1419 saurario,
524 1381 559 1413 in
581 1381 682 1416 feodis
706 1384 865 1413 certorum
888 1381 1080 1412 servitorum
1103 1381 1234 1420 familie,
1254 1384 1292 1412 ut
1313 1385 1404 1423 patet

350 1440 408 1471 per
444 1441 501 1462 sex
538 1431 628 1472 paria
671 1431 839 1462 literarum
883 1431 923 1462 de
967 1434 1125 1472 percepto,
1162 1431 1233 1472 ipso
1279 1431 1404 1463 fatente

350 1539 407 1570 pro
445 1529 561 1570 quibus
598 1529 811 1570 respondebit.
872 1529 915 1560 Et
952 1529 1081 1567 eisdem,
1111 1540 1168 1570 per
1205 1529 1401 1561 solucionem

350 1578 470 1609 factam
485 1578 670 1611 Alexandro
686 1578 779 1619 Boyd
801 1578 840 1610 de
856 1579 1033 1616 Drumcoll‚
1048 1579 1154 1616 militi,
1170 1579 1346 1620 capitaneo,
1369 1584 1402 1612 et

350 1628 471 1659 Thome
494 1628 668 1669 Olyphant,
690 1628 926 1659 constabulario
949 1629 1044 1659 castri
1067 1628 1106 1660 de
1129 1628 1328 1669 Edinburgh,
1343 1639 1401 1670 pro

351 1677 496 1709 custodia
507 1678 915 1719 ejusdem‚percipientibus
926 1678 1094 1709 annuatim
1104 1678 1258 1709 ducentas
1268 1688 1401 1717 marcas,

349 1732 387 1758 ut
416 1730 506 1768 patet
535 1737 592 1768 per
621 1727 731 1758 literas
754 1727 876 1759 domini
899 1727 982 1768 regis
1008 1727 1068 1758 sub
1098 1727 1232 1768 privato,
1263 1727 1400 1760 durante

349 1780 492 1817 tempore
513 1777 655 1808 custodie
678 1777 830 1817 ejusdem,
847 1777 885 1808 de
908 1777 1045 1811 termino
1068 1777 1295 1808 Penthecostes
1317 1778 1403 1809 infra

349 1826 409 1857 hoc
432 1829 620 1866 computum
642 1827 701 1858 sub
724 1827 868 1867 periculo
884 1827 1153 1868 oomputancium,
1169 1826 1237 1867 lxvj
1255 1826 1287 1858 Π.
1304 1827 1360 1868 xiij
1379 1831 1401 1859 ἕ.

348 1876 394 1916 iiij
412 1875 440 1906 d.
487 1876 530 1906 Et
545 1876 673 1913 eisdem,
683 1887 739 1917 per
749 1876 943 1907 solucionem
960 1876 1078 1907 factam
1094 1876 1234 1908 Roberto
1248 1876 1403 1915 Blakatir,

348 1925 513 1956 Willelmo
538 1918 736 1957 Cranstoune
760 1925 799 1957 de
822 1926 953 1966 Gorsby,
976 1925 1082 1963 militi,
1105 1926 1258 1966 magistro
1285 1926 1401 1958 Archi—

348 1975 442 2006 baldo
465 1975 504 2006 de
529 1975 701 2013 Quhitlaw,
718 1975 895 2013 secretario,
911 1974 1131 2006 laborantibus
1149 1975 1183 2006 in
1199 1974 1320 2016 Anglia
1342 1986 1400 2017 pro

348 2025 469 2065 treugis
485 2025 656 2065 capiendis,
669 2025 708 2056 de
718 2025 869 2056 mandato
885 2025 964 2056 dicti
979 2024 1180 2062 thesaurarii,
1192 2025 1262 2066 ipso
1278 2025 1401 2056 fatente

349 2074 537 2105 mandatum
553 2084 649 2115 super
664 2077 860 2115 computum,
875 2074 888 2105 l
903 2074 934 2105 fi.
953 2074 997 2115 xij
1015 2078 1047 2111 s„
1064 2084 1120 2115 pro
1136 2074 1254 2114 quibus
1270 2085 1401 2116 respon-

349 2123 443 2154 debit.
490 2123 532 2154 Et
548 2123 652 2154 eidem
674 2123 745 2155 Ade
771 2123 812 2164 [to
837 2123 1013 2161 Treasurer,
1029 2123 1126 2154 „13251
1143 2124 1207 2155 12⁹⁸.
1222 2122 1312 2166 efflet]
1357 2124 1401 2155 Et

348 2167 462 2211 eidemJ
473 2183 529 2214 per
544 2172 738 2204 solucionem
763 2173 881 2204 factam
897 2173 918 2205 J
921 2173 1018 2205 acobo
1034 2172 1191 2214 Flemyng
1213 2183 1271 2214 pro
1287 2174 1399 2205 avenis
