1551 2462
172 804 337 833 Respondebit

172 834 323 862 Culquhone,

171 864 298 888 rotulator.

171 1547 337 1578 Respondebit

171 1578 322 1606 Culquhone,

170 1608 295 1632 rotulator.

393 267 454 296 318
705 265 871 297 ROTULI
895 265 1131 315 SOAQGARH
1354 269 1446 299 1465.

390 357 481 395 burn,
512 357 618 396 militi,
649 357 688 390 de
717 358 869 390 mandato
907 358 1029 390 domini
1058 359 1141 400 regis
1171 359 1346 391 liberaborio
1383 359 1444 391 sub

390 408 522 448 signeto,
538 408 572 439 in
588 408 764 449 plenariam
787 408 983 440 solucionem
1006 410 1169 450 pensionis
1185 420 1241 441 sue
1257 410 1296 441 de
1305 410 1443 441 termino

390 457 500 489 Sancti
540 457 677 488 Marbini
714 458 799 489 infra
837 458 896 489 hoc
934 462 1120 499 computum
1159 462 1192 490 eb
1223 458 1333 490 literas
1364 459 1443 490 dicti

388 506 496 538 David
523 507 563 538 de
589 510 716 548 recepto
743 511 886 539 ostensas
913 518 1008 549 super
1035 513 1233 550 computum,
1259 509 1290 550 xj
1319 508 1350 540 n‘.
1368 509 1400 550 vj
1417 513 1440 540 ἔ.

388 557 444 597 viij
458 556 487 588 d.
533 557 575 588 Et
588 557 699 594 eidem,
715 567 772 598 pro
788 557 936 598 expensis
953 557 1060 589 clerici
1069 558 1247 599 justiciarie
1257 558 1441 599 recipientis

387 607 619 639 indictamenta
641 607 727 647 apud
749 607 891 644 Dunbar,
913 607 990 639 licet
1013 608 1141 639 nullum
1163 608 1225 640 iter
1244 608 1290 639 ibi
1313 611 1441 640 tentum

388 660 456 687 erat
480 655 536 687 sed
563 656 754 687 translatum
780 656 866 697 apud
889 656 1098 698 Edynburgh,
1122 668 1162 689 ex
1184 658 1441 690 consideracione

387 755 556 789 rotulatori
585 755 626 786 ad
653 766 808 797 expensas
840 756 994 787 domicilii
1016 757 1140 790 domini
1169 757 1260 798 regis,
1284 757 1354 798 ipso
1384 767 1442 797 per

387 805 514 838 literam
530 816 622 837 suam
638 806 760 837 fatente
776 810 940 847 receptum
956 816 1052 847 super
1068 810 1264 848 computum,
1282 807 1315 837 xl
1331 806 1373 843 E,
1383 816 1440 847 pro

388 856 505 897 quibus
536 856 748 896 respondebit.
795 856 838 887 Et
868 856 980 893 eidem,
1012 856 1051 888 de
1081 856 1183 887 firmis
1212 859 1368 887 terrarum
1400 856 1440 887 de
1468 858 1471 860 ’
1519 878 1531 886 «

388 906 606 938 Cranschawis
623 916 696 937 cum
712 902 835 947 quibusv
845 909 1034 947 computans
1055 906 1201 946 superius
1225 909 1382 943 oneratur,
1399 916 1439 937 ex
1480 903 1484 904 ⁷

388 966 424 987 eo
440 956 526 997 quod
550 966 607 996 per
628 956 876 997 inquisicionem
898 958 1064 996 receptum
1086 955 1173 996 apud
1197 956 1377 987 Berwicum
1400 955 1440 987 de

387 1005 539 1036 mandabo
562 1005 684 1036 domini
707 1005 791 1046 regis
817 1005 852 1036 in
881 1015 987 1036 mense
1012 1004 1094 1036 Man·
1120 1015 1205 1036 anno
1228 1005 1439 1046 sexagesimo-

387 1058 510 1097 quarto,
526 1057 687 1086 ostensam
703 1065 799 1095 super
815 1057 1011 1095 computum,
1035 1053 1120 1085 dicte
1135 1057 1219 1085 terre
1235 1054 1441 1095 reperiuntur

387 1115 455 1137 esse
486 1105 508 1136 J
511 1105 646 1136 ohannis
678 1105 874 1145 Swyn'noune
901 1104 940 1135 de
970 1104 1082 1135 eodem
1117 1109 1150 1135 et
1179 1104 1333 1135 tenandia
1351 1104 1440 1136 'dicti

387 1155 558 1187 comitatus
582 1154 621 1185 de
648 1154 771 1191 March,
799 1154 838 1185 de
864 1154 968 1185 tribus
992 1153 1139 1185 terminis„
1166 1153 1264 1194 hujus
1287 1153 1438 1194 computi,

388 1216 432 1237 xx
447 1204 478 1236 Ε,
525 1205 568 1235 Et
583 1204 696 1241 eidem,
712 1204 751 1235 de
767 1203 867 1235 firmis
884 1206 1041 1235 terrarum
1057 1203 1096 1235 de
1112 1204 1231 1235 foresta
1246 1203 1285 1235 de
1300 1204 1386 1244 Dyy,
1402 1203 1437 1235 in

387 1254 536 1286 manibus
567 1253 699 1285 Patricii
729 1253 882 1284 Cokbnrn
912 1263 969 1295 per
1004 1253 1136 1284 modum
1173 1253 1332 1285 excambii
1362 1263 1437 1284 cum

386 1304 479 1335 terris
496 1303 534 1335 de
550 1303 783 1335 Halthornsike
805 1312 903 1343 prope
926 1307 1025 1334 terras
1049 1303 1255 1334 dominicales
1279 1303 1318 1334 de
1341 1302 1437 1333 Abir-

387 1364 481 1385 corne
497 1353 658 1394 occupatis
674 1353 708 1383 in
724 1353 855 1394 grangia
869 1353 960 1394 regis,
976 1353 1015 1384 de
1031 1353 1154 1384 duobus
1165 1353 1276 1393 primis
1292 1352 1438 1384 terminis

385 1403 483 1444 hujus
510 1403 661 1443 computi,
689 1413 710 1433 x
732 1402 763 1434 H.
810 1402 853 1433 En
877 1402 990 1440 eidem,
1017 1412 1073 1443 per
1098 1402 1295 1435 solucionem
1319 1402 1438 1433 sacham

387 1456 610 1493 computorum
632 1451 801 1482 rotulabori
824 1451 863 1482 de
886 1451 987 1483 firmis
1013 1455 1171 1483 terrarum
1197 1452 1237 1483 de
1263 1451 1437 1483 Petcokkis

385 1513 442 1543 per
457 1501 682 1533 liberacionem
706 1501 838 1531 Roberti
853 1501 978 1538 Ledale,
994 1501 1080 1532 dicto
1103 1504 1326 1541 computorum
1348 1504 1437 1532 rotu-

385 1551 486 1582 latore
503 1550 624 1581 fatente
639 1552 804 1590 receptum
820 1559 914 1589 super
930 1553 1126 1590 computum,
1145 1560 1167 1580 x
1181 1549 1223 1586 ΠΖ,
1238 1559 1295 1590 pro
1319 1549 1437 1590 quibus

386 1600 596 1641 respondebit).
641 1599 685 1631 Et
699 1599 812 1636 eidem,
828 1599 866 1630 de
883 1599 983 1630 firmis
998 1602 1154 1630 terrarum
1170 1599 1209 1630 de
1225 1599 1391 1640 Litilspott
1401 1599 1435 1630 in

385 1650 533 1681 manibus
550 1648 740 1680 Archibaldi
755 1648 794 1679 de
810 1648 954 1686 Dunbar,
971 1648 1026 1688 qui
1042 1648 1182 1679 ostendit
1201 1652 1320 1679 cartam
1344 1659 1436 1679 suam

385 1700 514 1731 domino
529 1699 595 1740 regi
611 1698 695 1730 clare
710 1698 870 1736 memorie,
885 1701 923 1729 ut>
942 1700 1032 1739 patet
1053 1698 1088 1728 in
1110 1698 1215 1730 rotulo
1242 1698 1319 1729 anni
1341 1698 1435 1739 quin-

386 1749 562 1791 quagesimi
596 1748 683 1785 noni,
713 1751 745 1779 et
776 1747 814 1779 de
845 1747 995 1779 mandato
1033 1747 1185 1788 ejusdem,
1220 1747 1365 1778 allocatis
1395 1747 1435 1779 de

385 1799 531 1830 terminis
569 1797 724 1839 computi,
755 1808 799 1828 xx
829 1797 860 1829 Ε.
906 1797 949 1828 Et
979 1797 1092 1835 eidem,
1121 1807 1178 1839 per
1214 1797 1434 1829 remissionem

385 1849 504 1880 factam
519 1858 575 1889 per
595 1848 761 1879 dominum
784 1857 890 1889 regem
913 1847 1078 1879 Willelmo
1100 1847 1252 1889 Douglas,
1274 1847 1435 1889 gardiano,

385 1899 423 1930 de
440 1899 540 1929 firmis
555 1901 712 1929 terrarum
728 1898 767 1930 de
782 1896 972 1928 Ersildoune
988 1897 1026 1928 de
1042 1897 1157 1928 ultimo
1178 1897 1314 1928 termino
1337 1897 1434 1938 hujus

384 1947 536 1989 computi,
553 1947 698 1979 Gilberto
714 1946 842 1977 domino
865 1946 1029 1987 Kennedy
1050 1950 1189 1978 testante
1211 1947 1431 1978 remissionem

384 2008 480 2039 super
495 2000 692 2038 computum,
708 1996 786 2037 xxiij
804 1996 835 2028 ri.
853 2006 896 2027 xv
912 2000 934 2027 ἔ.
959 1997 990 2037 vj
1008 1996 1037 2029 d.
1083 1997 1126 2027 Et:
1142 1996 1253 2033 eidem,
1269 1996 1308 2027 de
1331 1996 1432 2028 firmis

383 2050 540 2078 terrarum
557 2047 594 2078 de
611 2046 783 2087 Harclanys
795 2046 830 2077 in
842 2046 990 2078 manibus
1003 2045 1139 2077 Walteri
1152 2046 1253 2087 Spens
1263 2049 1295 2077 et
1307 2046 1431 2077 heredis

383 2096 527 2137 ejusdem
554 2107 594 2127 ex
621 2095 731 2127 eadem
758 2105 861 2133 causa,
885 2095 969 2126 sicut>
996 2095 1210 2126 Archibaldus
1234 2095 1273 2126 de
1297 2095 1432 2126 Dunbar

383 2145 481 2177 habet
503 2148 602 2177 terras
633 2145 672 2177 de
695 2145 869 2177 Petcokkis
892 2144 931 2176 de
956 2144 1076 2176 eisdem
1098 2144 1252 2182 terminis,
1275 2154 1297 2176 x
1311 2144 1343 2175 Ji.
1388 2144 1432 2175 Et

384 2195 496 2233 eidem,
511 2205 568 2236 pro
589 2194 689 2227 tercia
711 2194 820 2227 debita
839 2203 954 2235 sponse
977 2193 1138 2235 quondam
1160 2193 1183 2226 J
1185 2193 1320 2226 ohannis
1343 2193 1446 2225 Bane·
