1551 2462
0 2090 34 2240 τώδ’-ΕΜ.)
0 1844 33 2081 ιῖ.“1“ιῑ“.>έ“’·ν“>’ψ’·,ἱῑ’-Υ“>
7 1727 26 1786 -«·÷·-
1 1691 25 1712 εὐ
0 1584 14 1595 “

3 2246 42 2452 2-.fi{÷-⁴23-1>-‘2=x“³¹·

107 256 195 290 1461.
416 252 577 284 REGUM
601 253 846 285 SCOTORUM.
1113 256 1151 284 99

104 345 267 378 Ersiltoun
283 345 322 378 de
338 345 432 378 dictis
454 346 608 383 terminis,
624 346 636 377 1
651 351 675 378 s.
720 346 763 378 Et
778 346 890 384 eidem,
913 348 1041 388 propter
1056 346 1153 377 vasti-

105 399 205 427 tatem
221 399 377 427 terrarum
392 395 431 427 de
448 396 666 427 Oranschawis
683 406 739 437 per
754 398 880 437 tempus
897 396 1044 436 compoti,
1057 395 1102 436 iiij
1120 395 1152 426 ti.

105 446 148 476 Et
163 445 275 483 eidem,
284 456 340 486 per
351 445 534 476 vastitatem
552 445 590 476 de
600 445 630 476 le
643 446 735 476 Dene
747 449 779 477 et
795 445 995 476 Rachanside
1006 455 1062 485 per
1073 448 1153 476 tem-

105 505 165 536 pus
181 495 328 536 compoti,
344 495 356 526 l
371 499 394 526 s.
440 495 482 525 Et
498 495 609 532 eidem,
625 505 682 536 per
704 495 920 526 decidenciam
936 495 1100 526 firmarum
1115 494 1154 525 de

106 545 268 576 Dunscele
298 555 354 586 per
384 545 469 575 idem
500 548 636 585 tempus,
659 555 726 575 xxx
756 549 779 576 s.
825 545 868 575 Et
891 545 1002 582 eidem,
1026 547 1155 585 propter

107 594 290 625 vastitatem
319 597 477 625 terrarum
507 594 545 625 de
577 594 745 625 Chirnside
779 594 818 625 de
856 594 979 625 duobus
1008 593 1154 625 terminis

106 644 202 685 hujus
225 644 372 685 compoti,
395 644 428 684 iij
453 644 485 675 Η.
510 655 531 674 x
554 648 577 675 s.
622 644 666 674 Et
688 644 800 682 eidem,
817 648 944 685 propter
970 644 1155 675 vastitatem

107 697 263 725 terrarum
286 693 325 725 de
349 694 498 725 Grenlaw
514 694 553 725 de
577 693 700 725 duobus
723 694 869 725 terminis
893 694 990 734 hujus
1007 694 1154 734 compoti,

106 754 151 774 xx
165 747 188 775 ἔ.
234 744 276 774 Et
291 743 403 781 eidem,
419 754 475 784 pro
498 743 596 781 feodo>
613 754 671 774 suo
695 744 734 775 de
751 743 874 775 duobus
897 744 1042 776 terminis
1057 744 1155 784 hujus

71 828 81 831 ,
107 793 266 834 compoti„
285 803 329 823 xx
359 792 400 830 u„
425 796 457 824 et
487 793 526 824 de
556 793 707 824 mandato
734 793 861 825 domine
888 793 1004 834 regine,
1026 793 1156 824 custode

107 842 224 884 privati
241 842 339 884 sigilli
355 846 494 874 testante
518 842 714 874 mandatum.
759 843 802 874 Et
826 844 959 875 allocate
982 844 1086 874 eidem
1101 853 1157 884 per

107 892 301 924 solucionem
317 892 435 923 factam
453 892 590 923 Patricio
607 893 736 924 domino
752 893 854 931 Halis,
871 893 1044 925 senescallo
1060 893 1157 924 comi-

107 945 194 974 tatus
216 941 361 973 Marchie
383 953 440 983 pro
463 945 615 984 tempore,
635 943 732 983 jclviij
757 943 790 974 fi.
807 943 875 984 xiiij
893 947 926 980 s„
942 944 1001 974 sub
1017 942 1157 984 periculo

108 992 329 1033 compotantis,
345 1002 440 1033 super
464 992 580 1033 quibus
604 993 783 1023 onerandus
808 996 856 1024 est
879 993 984 1024 dictus
1000 992 1157 1023 Patricius

109 1091 209 1121 annui
224 1090 367 1121 redditus
383 1090 476 1131 burgi
492 1090 530 1122 de
546 1091 689 1128 Dunbar,
699 1101 735 1122 eo
746 1091 832 1132 quod
847 1091 959 1123 ballivi
975 1102 1031 1132 pro
1047 1091 1159 1122 eodem

111 1150 217 1170 annuo
233 1139 360 1170 redditu
375 1139 410 1170 in
425 1140 582 1171 scaccario
598 1140 720 1171 domini
736 1141 817 1181 regis
835 1141 960 1171 faciunt
975 1144 1160 1181 compotum

110 1199 167 1230 per
181 1189 267 1220 idem
282 1191 418 1229 tempus,
434 1189 466 1229 vj
483 1189 515 1220 11¹.
561 1189 603 1220 Et
627 1189 738 1227 eidem,
754 1200 810 1231 per
826 1190 1026 1231 *solucionem
1042 1191 1160 1221 factam

110 1238 381 1270 intromissoribus
405 1239 527 1270 domini
549 1239 639 1280 regis,
656 1240 695 1271 de
717 1240 868 1271 mandato
892 1240 1020 1271 domine
1044 1240 1160 1281 regine,

111 1289 242 1320 custode
268 1288 385 1329 privati
406 1288 503 1329 sigilli
527 1291 666 1321 testante
693 1290 889 1327 mandatum,
914 1300 970 1331 pro
995 1290 1100 1321 warda
1121 1290 1160 1321 de

110 1337 270 1378 Dalwosy,
283 1337 350 1378 xlvj
367 1337 399 1369 h·-
444 1338 487 1369 Et
503 1338 614 1375 eidem,
627 1340 685 1380 pro
699 1339 835 1380 cariagio
852 1339 1017 1370 bombardi
1033 1339 1160 1370 domine

113 1388 229 1428 regine,
245 1391 282 1418 ut
295 1390 386 1428 patet
402 1397 458 1428 per
473 1388 621 1419 cedulam
638 1388 770 1419 Roberti
786 1388 910 1420 Laudre
923 1389 961 1420 de
974 1389 1161 1430 Edrington,

112 1437 282 1468 facientem
304 1437 399 1468 fidem
424 1447 520 1478 super
547 1441 740 1479 compotum,
757 1438 801 1479 vij
829 1438 862 1470 Ε.
907 1439 949 1470 Et
974 1438 1086 1476 eidem,
1103 1449 1161 1479 pro

12 1500 22 1518 ῑ
63 1522 75 1531 4
111 1487 248 1529 cariagio
264 1487 406 1528 ejusdem
422 1487 590 1526 bombardi
606 1498 624 1519 a
640 1488 782 1519 Berwico
795 1488 835 1519 ad
847 1488 1016 1530 collegium
1033 1488 1161 1520 domine

110 1537 226 1578 regine,
242 1541 338 1578 prout
363 1537 440 1568 fides
467 1537 553 1568 facta
577 1537 641 1568 fuit
665 1548 721 1578 per
741 1541 987 1578 compotanfflm,
1003 1539 1035 1579 vj
1052 1538 1083 1569 u.
1101 1548 1122 1569 v
1138 1542 1161 1569 s.

111 1586 153 1618 Et
175 1586 287 1624 eidem,
309 1597 366 1628 per
391 1587 584 1618 solucionem
613 1587 731 1618 factam
755 1587 898 1619 Johanni
922 1588 1081 1619 'Louthian
1106 1598 1162 1628 pro

111 1636 258 1676 expensis
274 1636 414 1677 ipsorum
438 1637 703 1677 congregancium
727 1637 832 1668 firmas
854 1637 892 1668 de
907 1637 1051 1674 Dunbar,
1066 1640 1162 1678 prout

113 1685 189 1717 fides
206 1686 290 1717 facta
306 1686 369 1718 fuit
385 1696 480 1727 super
496 1689 688 1727 compotum,
704 1686 737 1727 iij
755 1686 786 1717 fi.
804 1697 825 1717 x
841 1691 863 1717 s.
920 1687 962 1718 Et
978 1687 1090 1724 eidem,
1105 1698 1162 1728 per

115 1734 309 1767 solucionem
340 1736 458 1767 factam
489 1746 545 1776 pro
576 1736 723 1776 expensis
761 1735 947 1767 clericorum
986 1737 1062 1768 bina
1092 1738 1162 1768 vice

63 1795 69 1800 ·
113 1785 310 1826 capiencium
335 1785 565 1816 indictamenta
584 1786 772 1826 justici-arie,
788 1789 825 1817 ut
850 1789 938 1827 patet
963 1797 1019 1827 per
1034 1787 1162 1818 literam

113 1836 263 1876 scriptam
287 1846 386 1866 manu
409 1835 587 1867 Alexandri
612 1836 729 1867 Fowlis
761 1839 921 1867 ostensam
952 1846 1047 1877 super
1077 1846 1161 1867 com-

113 1889 233 1927 potum,
250 1887 327 1928 xxiij
345 1891 367 1918 s.
380 1887 395 1927 j
412 1887 442 1918 d.
486 1887 529 1917 Et
544 1887 655 1924 eidem,
671 1898 727 1928 per
751 1887 946 1918 solucionem
972 1888 1089 1919 factam
1105 1887 1162 1918 tri-

113 1938 172 1970 bus
200 1939 312 1970 cimbis
342 1939 545 1979 portantibus
575 1949 674 1980 grana
701 1943 732 1971 et
759 1939 865 1970 firmas
896 1939 934 1970 de
959 1939 1095 1970 Dunbar
1123 1939 1162 1970 ad

114 1987 205 2020 Leith
222 1998 278 2029 pro
294 1988 390 2020 naulo
401 1989 582 2026 earundem,
596 1991 689 2030 prout
699 1989 777 2020 fides
790 1989 874 2020 facta
889 1989 952 2019 fuit
968 1999 1062 2030 super
1078 1999 1162 2019 com-

114 2043 235 2081 potum,
250 2040 296 2081 iiij
314 2040 346 2072 fi.
391 2041 433 2071 Et
449 2040 561 2078 eidem,
578 2051 635 2081 pro
657 2041 760 2072 tribus
785 2041 863 2072 ceris
889 2041 929 2072 ad
945 2041 1107 2071 clausuras
1124 2041 1162 2071 de

113 2091 257 2129 Dunbar,
273 2096 344 2123 octo
360 2092 439 2123 ceris
455 2092 612 2123 clausuris
635 2092 839 2124 inferioribus
864 2093 948 2123 infra
969 2096 1109 2123 castrum
1125 2092 1164 2123 de

48 2166 61 2171 ..
115 2143 258 2181 Dunbar,
288 2144 376 2184 xxvij
405 2148 427 2175 ἔ.
474 2144 516 2175 Et
546 2144 658 2182 eidem,
685 2145 723 2175 de
752 2145 850 2175 firmis
882 2144 920 2175 de
945 2144 1105 2175 Hardauis
1129 2144 1164 2175 in

116 2193 263 2225 manibus
279 2193 414 2225 Walteri
431 2193 542 2235 Spens,
557 2197 594 2225 ut
620 2197 710 2235 patet
726 2195 760 2225 in
785 2194 897 2225 rotulis
924 2193 1164 2234 precedentibus

108 1041 257 1072 dominus
281 1041 383 1072 Halis.
429 1041 481 1072 Et>
497 1041 610 1078 eidem,
633 1052 690 1082 per
713 1042 907 1083 superfluam
938 1042 1158 1073 oneracionem
1172 1019 1372 1073 ggffffifffflffi
