1551 2462
427 250 488 279 650
731 248 894 280 norum
918 247 1153 279 SCACCARH
1385 249 1476 277 1469.
1512 226 1522 283 J

426 341 559 382 cipienti
582 341 749 373 aunuatim
773 341 888 383 viginti
911 341 1054 382 quinque
1077 350 1198 371 marcas
1221 349 1361 370 unacum
1383 339 1477 370 terris
1527 333 1530 335 ’

426 390 670 422 dominicalibus
681 391 720 422 de
730 391 904 431 Kildrumy
915 400 972 431 pro
982 390 1146 431 quinquen
1151 389 1202 420 nio
1213 389 1330 426 futuro,
1343 392 1379 420 ut
1388 391 1478 430 patet
1526 396 1531 398 ’

425 449 483 480 per
497 439 605 471 literas
622 440 743 471 domini
758 440 840 481 regis
857 439 916 470 sub
933 439 1057 480 privato
1073 442 1214 478 ostensas
1231 448 1326 479 super
1347 448 1476 478 compu-
1500 435 1502 437 ’

425 491 505 526 tum,
518 488 557 520 de
572 499 656 521 anno
672 489 813 530 computi
830 492 862 520 et
877 489 937 520 sub
953 487 1094 528 periculo
1110 487 1334 529 computantis,
1350 487 1426 528 xxvj
1443 486 1476 518 Ti.

427 538 483 579 xiij
501 542 524 569 Ξ.
549 539 595 580 iiij
613 539 642 570 d.
687 539 730 569 Et
760 538 872 575 eidem,
901 548 958 579 per
987 537 1212 569 liberacionem
1242 537 1362 568 factam
1391 537 1476 568 dicto

427 587 703 620 dominoHenrico
714 588 753 619 ad
765 587 999 629 reparaciOnem
1010 591 1042 618 et
1052 587 1322 618 construccionem
1333 586 1428 617 castri
1439 586 1478 618 de
1508 590 1512 591 ’

213 625 377 678 ffisffifflgzbit
428 637 612 678 Kfldrumy,
629 638 667 669 de
689 638 840 668 mandato
857 637 978 668 domini
992 637 1074 678 regis
1090 636 1264 667 literatorio
1279 635 1339 667 sub
1354 635 1478 676 signeto

213 685 342 713 Kissg⁰¹¹¹³·
361 727 365 731 .
429 687 467 718 de
477 690 626 728 precepto
637 690 668 718 et
679 687 805 718 literam
819 687 896 717 dicti
908 686 1030 717 domini
1039 686 1174 717 Henrici
1183 686 1222 717 de
1234 687 1361 726 recepto
1371 688 1476 716 osten-

212 726 379 783 {tssfflgndebm
429 746 497 767 sam
513 747 609 777 super
630 740 826 778 computum,
839 735 866 777 j⁰
886 736 928 773 132,
951 746 1008 776 pro
1024 736 1141 776 quibus
1157 734 1368 776 respondebit.
1415 734 1477 775 [To

213 786 338 808 rotulator.
434 785 472 816 W
470 786 540 823 ales,
554 786 761 826 Comptrollcr,
767 786 824 826 for
839 785 1011 822 household,
1021 785 1118 816 „13205
1130 785 1170 816 7s.
1185 784 1272 824 10d.]
1307 784 1351 815 Et
1364 784 1477 820 eidem,

427 839 557 876 propter
568 835 753 866 vastitatem
765 838 920 866 terrarum
931 834 970 865 de
983 833 1202 875 Cammyskist
1212 834 1246 864 in
1257 833 1389 864 Stradee
1402 843 1476 864 cum

427 885 545 926 quibus
561 887 749 925 computans
761 884 907 925 superius
919 886 1076 920 oneratur,
1088 886 1125 913 ut
1140 886 1230 923 patet
1244 882 1279 913 in
1293 882 1419 920 rentali,
1435 882 1475 914 de

427 944 511 965 anno
527 934 706 974 computi‚l
728 937 752 965 ἔ.
797 934 840 964 Et
862 933 974 970 eidem,
990 932 1030 964 de
1045 932 1100 973 viij
1118 932 1231 964 martis
1254 932 1292 963 de
1316 936 1475 963 custume-

428 984 538 1015 martis
548 984 682 1015 dominii
691 983 730 1015 de
737 983 988 1023 Straithdee‚pro
998 992 1134 1023 quarum
1144 981 1288 1023 qualibet
1298 981 1478 1013 allocantur

427 1033 602 1065 husbandis
619 1034 762 1074 quinque
778 1032 880 1070 solidi,
897 1033 936 1064 de
952 1043 1036 1063 anno
1052 1031 1195 1073 computi
1210 1035 1243 1062 et
1258 1031 1318 1063 sub
1333 1031 1475 1072 periculo
1506 1040 1518 1069 j

428 1084 652 1125 computantis,
669 1083 703 1114 xl
719 1087 742 1114 'si
787 1083 830 1114 Et
855 1083 968 1119 eidem,
984 1092 1041 1123 pro
1064 1082 1121 1122 xiij
1146 1081 1257 1112 martis
1281 1081 1416 1112 dominii
1437 1081 1477 1113 de
1516 1092 1518 1094 ·

429 1133 633 1164 Straithdone
645 1133 683 1164 (18
696 1132 806 1164 eodem
819 1143 902 1163 anno
913 1135 945 1163 et
954 1132 1013 1162 sub
1030 1132 1140 1163 eodem
1153 1131 1303 1172 periculo,
1315 1131 1349 1172 iij
1366 1131 1399 1162 Ε.
1414 1141 1437 1162 v
1451 1135 1476 1163 ἔ.

427 1183 470 1213 Et
493 1182 604 1220 eidem,
620 1183 746 1227 proliiij
771 1182 882 1213 martis
906 1182 945 1213 de
962 1182 1094 1213 Cromar
1110 1181 1148 1212 de
1164 1181 1275 1212 eodem
1290 1191 1382 1218 anno,
1398 1180 1475 1212 allo-

428 1234 529 1265 cando
544 1236 581 1264 ut
597 1243 701 1274 supra,
717 1243 761 1263 xx
776 1236 799 1264 ἔ.
847 1233 890 1264 Et
906 1232 1018 1269 eidem,
1033 1241 1090 1272 pro
1106 1241 1162 1262 sex
1179 1231 1289 1262 martis
1305 1231 1476 1262 comitatus

427 1284 468 1315 de
483 1283 652 1319 Garviach,
664 1282 829 1314 allocando
842 1285 878 1313 ut
894 1292 989 1323 supra
1004 1281 1189 1318 husbandis,
1205 1281 1244 1312 de
1261 1281 1372 1312 eodem
1383 1291 1475 1318 anno,

430 1344 494 1364 xxx
510 1337 533 1365 ἓ.
580 1333 621 1363 Et
644 1332 756 1369 eidem,
779 1342 836 1372 per
858 1331 1075 1363 decidenciam
1097 1331 1262 1361 firmarum
1285 1330 1420 1362 dominii
1436 1330 1475 1362 de

429 1383 609 1415 Straithdee
625 1383 658 1413 in
675 1382 831 1413 comitatu
847 1381 886 1413 de
895 1381 978 1419 Mar,
994 1391 1034 1412 ex
1044 1391 1080 1412 eo
1093 1380 1179 1421 quod
1194 1380 1317 1411 rentale
1333 1380 1476 1412 continet

428 1433 533 1465 solum
558 1433 744 1473 octuaginta
768 1435 833 1462 tres
859 1431 957 1462 libras
984 1440 1100 1461 novem
1129 1430 1247 1461 solidos
1277 1433 1311 1461 et
1340 1434 1477 1471 quatuor

429 1483 574 1514 denarios
599 1487 631 1513 et
658 1485 848 1522 computans
873 1484 1023 1511 oneratur
1049 1490 1123 1511 cum
1150 1484 1281 1511 centum
1305 1484 1337 1511 et
1367 1480 1476 1511 decem

427 1533 517 1564 libris
548 1543 604 1563 sex
634 1531 744 1563 solidis
775 1534 807 1562 et
837 1533 908 1561 octo
939 1529 1085 1567 denariis,
1115 1533 1153 1560 ut
1182 1533 1272 1570 patet
1298 1529 1331 1560 in
1356 1529 1476 1560 eisdem

428 1581 664 1623 particulariter
679 1579 870 1611 examinatis
889 1589 984 1619 super
1006 1582 1203 1619 computum,
1226 1578 1302 1618 xxvj
1320 1578 1351 1608 11⁴.
1369 1578 1435 1619 xvij
1451 1582 1476 1610 ἓ.
1507 1578 1512 1584 ’

427 1632 475 1672 iiij
501 1631 531 1662 d.
576 1631 619 1661 Et
641 1629 753 1666 eidem,
775 1639 832 1669 per
855 1628 1072 1659 decidenciam
1095 1628 1258 1658 firmarum
1281 1627 1415 1658 dominii
1437 1627 1477 1659 de
1499 1664 1502 1665 ⁷

429 1680 642 1716 Straithdoue,
665 1689 705 1710 ex
721 1688 758 1709 eo
774 1677 859 1718 quod
874 1679 1062 1718 computans
1086 1680 1235 1707 oneratur
1256 1686 1330 1707 cum
1346 1680 1475 1708 centum
1499 1671 1508 1676 ’

429 1730 595 1771 sexaginta
624 1733 694 1760 octo
719 1728 809 1758 libris
840 1730 872 1758 et
899 1726 1022 1758 rentale
1037 1726 1180 1757 continet
1206 1729 1336 1757 centum
1360 1725 1476 1767 viginti

428 1791 485 1812 sex
514 1780 613 1811 libras
646 1777 762 1819 viginti
792 1776 946 1814 denarios,
969 1775 1071 1816 xXxiij
1109 1775 1142 1806 fi.
1180 1775 1258 1816 xviij
1297 1779 1322 1807 ἔ.
1353 1775 1408 1816 viij
1444 1774 1494 1808 d„

428 1831 472 1862 Et
498 1830 610 1866 eidem,
633 1838 689 1869 per
712 1827 929 1858 decidenciam
951 1826 1115 1857 firmarum
1138 1824 1178 1856 de
1204 1825 1380 1862 Croomarr,
1401 1834 1474 1856 cum

428 1881 546 1922 quibus
583 1881 772 1919 computans
817 1876 962 1917 superius
999 1878 1149 1907 oneratur
1186 1885 1260 1905 cum
1304 1874 1476 1916 nonaginta
1496 1915 1502 1921 ἱ

428 1930 552 1961 duabus
585 1928 675 1959 libris
713 1926 850 1958 sedecim
888 1925 997 1957 solidis
1021 1928 1053 1956 et
1082 1927 1153 1955 octo
1176 1923 1313 1955 denariis
1336 1923 1370 1954 in
1393 1933 1476 1955 anno

428 1984 461 2011 et
497 1977 619 2010 rentale
657 1975 872 2017 computantis
895 1974 999 2006 solum
1037 1974 1180 2005 continet
1217 1973 1383 2014 sexaginta
1419 1977 1475 2007 sex
1492 2007 1499 2011 ,

428 2030 526 2061 libras
549 2038 605 2059 sex
628 2026 745 2058 solidos
768 2029 801 2056 et
824 2027 894 2055 octo
917 2024 1072 2060 denarios,
1094 2027 1132 2054 ut
1162 2027 1252 2064 patet
1282 2023 1316 2053 in
1346 2022 1473 2059 eisdem.

429 2080 468 2110 de
499 2087 582 2109 anno
618 2075 768 2116 computi,
785 2074 861 2114 xxvj
885 2073 917 2104 11
935 2084 956 2103 x
972 2077 994 2104 ἔ.
1041 2073 1083 2103 Et
1105 2072 1217 2108 eidem,
1234 2075 1365 2112 propter
1389 2074 1473 2103 vast-

428 2129 541 2160 itatem
592 2130 748 2157 terrarum
807 2123 846 2154 de
903 2122 1098 2154 Craohinard
1143 2121 1178 2152 in
1232 2121 1383 2152 Strathde
1433 2119 1472 2151 de
1491 2114 1494 2116 q

427 2178 564 2209 termino
581 2175 689 2208 Sancti
705 2173 840 2206 Martini
860 2172 956 2214 hujus
979 2171 1122 2213 computi
1145 2171 1205 2202 sub
1227 2170 1368 2211 periculo
1389 2179 1472 2202 com·-
