1551 2462
97 274 111 301 1
118 273 188 301 461.
407 268 569 301 REGUM
593 267 838 300 SOOTORUM.
1105 269 1144 297 89

97 362 207 395 Sancti
222 361 359 393 Martini
381 361 466 392 infra
488 361 548 392 hoc
571 364 763 402 compotum.
809 360 852 391 Et
874 359 914 391 de
937 359 1029 400 xxiiij
1056 359 1146 390 ferris

95 422 250 454 equorum
261 411 508 442 annuiredditus
519 410 685 452 cujusdam
696 414 778 441 terre
790 409 963 450 spectantis
974 408 1148 439 Laurencio
1162 410 1232 433 Nota.

97 461 211 503 Smyth
226 461 261 492 in
277 460 426 501 Brechyn
442 460 481 491 de
497 460 616 491 eisdem
631 459 777 491 terminis
795 459 905 490 Sancti
916 458 1061 495 Martini,
1073 458 1150 499 quia

96 514 175 543 tunc
191 511 335 542 redditur
358 513 496 542 tantum.
541 510 674 541 Summa
696 509 793 551 hujus
817 509 931 546 oneris,
946 508 1097 549 iiij⁰xxvij
1116 507 1148 539 fi.

97 561 132 592 ix
147 565 170 592 ἔ.
189 560 220 601 vj
241 561 270 591 d.

141 610 235 648 Item,
250 609 336 640 idem
352 612 463 640 onerat
489 619 522 640 se
549 608 588 640 de
604 608 683 639 lxxv
706 608 737 639 fi.
762 608 801 639 (16
824 608 924 639 firmis
941 611 1095 639 terrarum
1111 607 1151 638 de

99 658 366 690 Dornoehschelis
389 659 423 689 in
447 658 602 689 comitatu
625 658 664 689 de
688 658 847 689 Garviach
870 658 909 689 (16
930 658 1073 698 quinque
1089 660 1150 687 ter-

99 709 195 740 minis
219 708 315 748 hujus
346 708 493 748 compoti.
539 708 581 738 Et
612 708 650 739 dc
676 719 698 738 x
727 707 761 739 fi.
785 707 823 738 de
846 707 947 738 firmis
974 706 1152 737 molendini

100 758 242 799 ejusdem
258 758 296 789 de
312 758 432 789 eisdem
448 757 600 789 terminis.
648 757 691 788 Et
707 757 745 788 de
769 757 800 798 vj
825 756 856 788 fi.
881 756 938 797 xiij
963 760 986 788 5.
1002 756 1048 797 iiij
1066 756 1095 787 d.
1113 756 1152 786 (16

100 808 200 839 firmis
213 808 251 839 de
262 807 393 838 Harlaw
406 807 491 838 infra
503 807 626 838 dictum
639 807 827 838 comitatum
841 807 880 837 de
893 806 987 837 dictis
999 805 1153 838 terminis.

101 857 143 888 Et
159 857 197 888 de
213 857 266 898 xvj
283 857 315 889 fi.
332 857 389 898 xiij
407 861 429 889 ἓ.
453 857 499 898 iiij
525 857 554 888 d.
578 857 617 888 de
640 857 740 888 firmis
763 856 803 888 de
826 856 982 887 Warthiss
1005 856 1043 887 de
1059 856 1154 887 dictis

101 907 256 938 comitatu
272 910 304 938 et
319 907 471 938 terminis.
517 907 559 937 Et
584 907 623 937 (16
650 917 717 937 xxv
743 906 775 938 fi.
804 906 843 937 de
869 906 969 937 firmis
994 906 1032 937 de
1054 906 1153 937 Roth-

102 1008 257 1037 terrarum
285 1006 323 1036 de
347 1005 501 1037 Ardoune
527 1009 560 1036 et
583 1005 808 1036 Buchanstone
825 1016 898 1036 cum
914 1005 1099 1036 molendino
1116 1005 1154 1036 de
1169 1011 1369 1042 Nota‚superflua

103 1054 196 1086 dictis
213 1054 355 1095 quinque
370 1054 524 1085 terminis.
569 1055 612 1085 Et
629 1054 668 1085 de
681 1054 734 1095 xvj
747 1054 779 1084 E„
792 1054 849 1095 xiij
862 1059 884 1085 ἕ.
897 1054 943 1095 iiij
961 1055 993 1085 d.
1007 1055 1045 1086 de
1056 1055 1156 1086 firmis

103 1104 199 1135 unius
215 1104 328 1135 davate
345 1107 426 1135 terre
443 1104 481 1135 de
505 1104 674 1135 Inveroree
698 1104 737 1135 de
760 1104 892 1144 prefatis
914 1104 1069 1135 terminis.
1114 1105 1156 1135 Et

104 1154 143 1185 (16
159 1154 212 1193 xvj
226 1153 258 1185 fi.
271 1153 327 1193 xiij
340 1157 363 1185 ἔ.
376 1153 422 1194 iiij
437 1153 464 1184 d.
479 1153 578 1184 annui
593 1153 737 1184 redditus
751 1153 789 1184 (16
803 1154 970 1185 Inveroree
987 1154 1025 1185 de
1038 1154 1157 1185 eisdem

104 1203 257 1234 terminis.
303 1203 345 1234 Et
368 1203 407 1234 de
430 1203 529 1243 xxxvj
547 1203 579 1234 H.
595 1203 651 1243 xiij
683 1207 707 1235 5.
734 1203 779 1243 iiij
798 1203 826 1234 d.
846 1203 885 1234 (16
904 1204 1003 1235 firmis
1019 1208 1102 1234 terre
1119 1204 1157 1235 de

105 1252 346 1293 Knokynbarde
368 1263 442 1283 cum
465 1252 648 1283 molendino
664 1252 806 1293 ejusdem
822 1252 861 1283 (16
884 1253 979 1284 dictis
1003 1253 1156 1287 terminis.

105 1302 148 1332 Et
171 1301 209 1332 (16
232 1301 244 1332 1
266 1301 297 1332 fi.
315 1301 354 1332 de
378 1301 478 1332 firmis
502 1304 585 1332 terre
608 1301 647 1332 de
670 1301 850 1342 Dunydure
874 1312 947 1333 cum
974 1302 1157 1334 molendino

61 1386 65 1387 ⁷
105 1350 144 1382 de
160 1351 279 1382 eisdem
295 1351 448 1382 terminis.
493 1351 536 1381 Et
553 1350 592 1381 de
607 1351 663 1391 viij
681 1351 714 1382 fi.
731 1351 760 1391 vj
780 1355 802 1381 5.
821 1351 876 1391 viij
894 1351 923 1383 d.
941 1352 979 1383 de
995 1352 1094 1383 firmis
1118 1352 1157 1383 de

106 1399 274 1441 Tullyfour
290 1400 328 1431 de
344 1400 490 1431 terminis
506 1400 652 1440 compoti.
698 1400 740 1430 Et
756 1400 795 1431 de
818 1401 872 1441 xvj
886 1400 917 1431 Ii.
935 1401 991 1441 xiij
1017 1405 1039 1432 Ξ.
1062 1401 1109 1441 iiij
1127 1401 1156 1432 (ἶ.

106 1449 145 1481 (16
161 1450 260 1482 firmis
277 1450 315 1481 de
333 1450 587 1481 Duncanstoune
603 1450 641 1480 (16
658 1450 752 1481 dictis
768 1450 922 1481 terminis.
961 1451 1004 1481 Et
1020 1450 1058 1481 de
1074 1450 1109 1481 xl
1124 1450 1157 1482 fi.

107 1499 145 1530 de
160 1499 260 1530 firmis
276 1502 357 1530 terre
373 1499 412 1530 de
436 1499 691 1530 Glanderstoune
714 1509 788 1530 611111
811 1499 993 1530 molendino
1015 1499 1158 1540 ejusdem

107 1548 146 1579 de
158 1548 276 1580 eisdem
288 1549 445 1580 terminis.
490 1549 532 1579 Et
548 1548 587 1579 de
602 1549 658 1589 viij
676 1548 707 1579 fi.
724 1549 824 1580 annui
840 1549 982 1580 redditus
993 1550 1109 1590 fogagii
1120 1550 1158 1580 de
1173 1557 1245 1579 Nota.

107 1597 138 1629 16
153 1597 227 1629 Une
250 1601 282 1629 et
303 1598 465 1629 Westhall
492 1598 531 1629 (16
558 1598 681 1629 duobus
712 1598 857 1629 terminis
886 1599 996 1629 Sancti
1022 1599 1159 1630 Martini

108 1647 191 1678 infra
214 1647 274 1679 hoc
297 1650 489 1689 compotum,
512 1647 588 1688 quia
610 1651 688 1678 tunc
710 1648 855 1678 redditur
878 1650 1012 1679 tantum.
1058 1649 1101 1679 Et
1119 1649 1158 1679 de

108 1697 138 1738 vj
157 1701 180 1728 ἔ.
197 1697 252 1738 viij
270 1697 299 1729 d.
315 1698 415 1729 annui
438 1697 580 1728 redditus
611 1697 650 1728 de
674 1697 836 1739 Cragcolle
859 1698 898 1729 de
921 1698 1015 1742 dictis
1035 1699 1157 1730 duobus

109 1747 253 1778 terminis
284 1747 393 1778 Sancti
423 1747 566 1778 Martini.
613 1747 745 1778 Summa
767 1747 863 1787 hujus
893 1748 1006 1785 oneris,
1035 1747 1096 1789 iij⁰l
1125 1748 1158 1780 fi.

110 1796 187 1836 xviij
205 1800 227 1827 ἓ.
240 1796 286 1836 iiij
304 1796 332 1827 d.

154 1846 247 1883 Item,
257 1846 342 1877 idem
356 1849 466 1877 onerat
481 1856 515 1877 se
532 1845 570 1877 de
581 1846 637 1886 xiij
649 1846 680 1877 117.
697 1846 729 1887 vj
747 1850 770 1877 Ξ.
785 1846 840 1887 viij
858 1846 887 1877 d.
905 1846 943 1878 (16
960 1847 1060 1878 firmis
1075 1850 1159 1879 terre

111 1895 150 1927 de
166 1895 279 1927 Creich
296 1895 333 1926 de
357 1895 480 1926 duobus
504 1895 614 1936 prImis
638 1896 783 1927 terminis
807 1896 904 1936 hujus
920 1896 1067 1937 compoti,
1084 1897 1159 1937 quia

111 1949 183 1985 post
198 1944 299 1976 dictos
315 1944 393 1975 duos
416 1944 570 1975 terminos
587 1944 751 1992 ‘Robertus
775 1945 891 1976 Ledale
914 1945 1034 1985 recepit
1053 1946 1159 1976 firmas

112 1994 291 2026 earundem.
352 1994 484 2025 Summa
507 1993 603 2034 hujus
626 1994 730 2025 oneris
753 1997 849 2035 patet.
896 1994 1028 2025 Summa
1051 1995 1159 2026 totalis

113 2043 307 2075 oneracionis
324 2047 429 2084 preter
445 2043 609 2084 arreragia,
626 2042 684 2084 vij⁰
697 2043 811 2084 lxxxxj
829 2044 861 2074 fi.
879 2044 947 2084 xiiij
965 2048 988 2075 ἑ.
1006 2045 1036 2084 vj
1054 2044 1084 2076 (Ῐ.

157 2093 250 2130 Item,
276 2093 362 2124 idem
389 2095 499 2123 onerat
522 2102 556 2123 se
583 2092 621 2123 de
652 2103 673 2123 v
703 2093 734 2124 11.
762 2104 783 2123 v
810 2097 832 2124 Ξ.
859 2103 915 2133 per
939 2093 1160 2125 vendicionem

115 2141 354 2183 quatuordecim
377 2145 551 2173 martarum
576 2141 709 2173 dominii
734 2142 773 2173 de
797 2142 935 2173 Brechin
959 2153 1015 2183 per
1033 2145 1160 2184 tempus

115 2191 261 2232 compoti.
307 2191 348 2222 Et
371 2190 410 2222 (16
434 2201 524 2231 1111111]
551 2190 582 2221 fi.
611 2191 643 2231 vj
668 2195 691 2223 ἔ,
719 2191 774 2232 viij
802 2191 832 2223 d.
859 2201 915 2232 per
939 2191 1160 2223 vendicionem
