1551 2462
123 179 212 209 1469.
412 167 413 170 ¹
430 172 590 205 REGUM
614 171 860 204 SOOTORUM.
1104 173 1162 202 601

120 268 152 300 fi.
176 268 232 309 xiij
260 271 282 299 ἔ.
309 266 355 308 iiij
381 265 411 298 d.
455 266 498 297 Et
523 276 581 306 per
607 264 802 296 solucionem
826 264 945 295 factam
971 263 1101 294 domino
1128 263 1167 294 de

121 318 278 359 Trariglis,
295 315 484 358 percipienti
501 314 668 346 annuatim
692 314 808 355 viginti
833 323 955 344 marcas
980 313 1079 343 annui
1098 312 1166 343 red-

121 367 207 399 ditus
222 366 351 398 baronie
367 366 405 397 de
422 364 554 401 Skeoch,
571 364 609 395 de
626 363 719 394 dictis
741 363 886 394 terminis
903 365 935 393 et
950 362 1010 393 sub
1025 361 1167 402 periculo

122 415 345 458 computantis,
367 415 423 455 xiij
448 413 481 446 n.
504 414 535 455 vj
561 418 583 445 s.
607 412 663 454 viij
682 413 710 444 d.
756 413 799 443 Et
822 412 930 443 abbati
946 415 979 443 et
994 410 1168 443 conventui

123 466 162 498 de
174 465 293 502 Gulros,
305 463 554 505 percipientibus
567 463 734 494 annuatim
747 461 959 503 quadraginta
974 465 1039 492 tres
1051 460 1169 492 solidos

123 515 222 548 annui
235 514 379 546 redditus
395 517 551 545 terrarum
567 512 606 543 de
619 512 731 549 Puffis,
744 511 782 542 de
796 511 890 542 dictis
906 510 1051 542 terminis
1068 514 1099 542 et
1109 511 1168 541 sub

23 569 24 603 ξ
78 586 81 587 ⁷
102 587 107 589 -
124 565 233 597 eodem
247 563 397 605 periculo,
409 563 478 604 xliij
496 567 519 594 s.
564 563 607 593 Et
622 561 807 594 Alexandro
824 561 947 602 Lamby
960 561 998 592 de
1008 561 1170 600 Duncany

124 613 311 656 percipienti
335 612 445 643 decem
469 621 591 642 marcas
617 621 673 651 pro
705 610 809 642 media
833 614 923 651 parte
949 614 1107 641 terrarum
1131 609 1170 641 de

125 663 314 696 Inneralone
339 662 374 692 in
399 661 694 701 compensacionem
721 660 893 692 earundem
918 660 957 691 de
984 670 1067 691 anno
1086 670 1170 690 com-

22 714 82 752 s,
125 713 204 755 puti‚
219 711 250 753 vj
274 711 306 742 fi.
332 711 388 751 xiij
417 714 440 741 Ξ.
465 710 511 750 iiij
538 710 568 741 d.
613 710 655 741 Et
679 710 825 750 serjando
852 710 890 740 de
914 709 1098 746 Tulicultre,
1114 718 1171 750 pro

22 754 23 761 ¹
127 762 217 795 feodo
232 772 288 794 suo
304 761 342 792 de
359 771 443 792 anno
466 760 617 801 computi,
640 770 685 790 xx
701 764 723 791 ξ.
769 760 812 790 Et
835 759 980 800 serjando
997 760 1036 791 de
1053 760 1174 790 Strive-

22 829 23 858 ᾗ
127 811 284 848 Ιίῃεοὴίῐε,
295 820 353 852 pro
366 809 457 841 feodo
470 820 527 840 suo
543 809 582 840 de
598 819 681 840 anno
698 809 848 850 computi,
865 820 909 840 xx
925 813 948 841 ἔ.
994 810 1036 840 Et
1052 809 1173 840 Jacobo

22 899 23 906 ἵ
71 854 73 857 ⁴
127 861 278 898 Wilsone,
293 859 440 891 ortulano
455 859 490 890 in
506 862 608 890 castro
628 858 666 889 de
684 858 865 900 Striveling,
880 869 937 900 pro
953 859 1045 890 feodo
1061 869 1118 890 suo
1134 859 1173 890 de

22 942 23 950 ,
70 910 75 912 ’
128 910 238 943 eodem
260 919 352 946 anno,
377 919 422 939 xx
447 913 470 940 ἕ.
516 909 558 939 Et
588 919 645 949 per
675 908 870 940 solucionem
901 908 1019 940 factam
1046 907 1174 940 Andree

128 960 254 992 domino
270 958 447 995 Avandale,
463 958 651 989 cancellario
669 958 784 996 Scocie,
800 969 856 999 pro
872 959 1016 990 custodia
1028 958 1124 990 castri
1135 958 1175 990 de

52 1008 59 1013 ’
80 1047 82 1049 ‚
130 1009 309 1050 Striveling‚
320 1008 510 1049 percipienti
527 1008 696 1039 annuatim
711 1011 842 1039 centum
858 1011 891 1040 et
913 1008 1029 1049 viginti
1044 1018 1175 1046 marcas,

77 1052 81 1053 ⁷
129 1061 232 1101 preter
247 1058 338 1090 feoda
364 1058 509 1099 vigilum,
520 1057 666 1099 garitoris
692 1061 723 1088 et
746 1058 930 1098 janitorum,
955 1060 992 1089 ut
1015 1061 1104 1099 patet
1119 1068 1176 1099 per

129 1109 236 1141 literas
253 1108 374 1140 domini
390 1109 471 1149 regis
495 1108 573 1139 alias
590 1111 732 1139 ostensas
756 1117 851 1148 super
867 1110 1053 1148 computum
1069 1111 1101 1139 et
1116 1108 1177 1139 sub

70 1152 77 1157 ⁴
130 1158 268 1201 periculo
284 1158 509 1199 computantis,
524 1157 605 1188 lxxx
623 1157 655 1188 fi.
700 1158 743 1188 Et
759 1161 829 1188 octo
845 1157 1006 1198 vigilibus,
1021 1157 1079 1188 uni
1094 1158 1175 1199 gari-

130 1208 198 1246 tori‚
214 1211 246 1240 et
269 1208 393 1239 duobus
406 1207 599 1248 janitoribus
626 1207 661 1237 in
684 1207 769 1238 dicto
793 1210 896 1238 castro
911 1218 968 1248 pro
984 1207 1084 1239 feodis
1100 1208 1175 1244 suis,

131 1256 271 1299 quolibet
286 1267 396 1288 eorum
412 1255 601 1297 percipienti
616 1256 650 1286 in
667 1267 750 1287 anno
766 1256 879 1297 viginti
898 1255 1024 1294 solidos,
1040 1257 1078 1288 de
1091 1257 1178 1288 dicto

131 1317 214 1338 anno
229 1309 262 1337 et
277 1306 336 1337 sub
353 1305 463 1336 eodem
479 1305 630 1346 periculo,
646 1306 677 1346 xj
694 1306 727 1337 fi.
772 1306 815 1336 Et
831 1305 942 1343 eidem,
958 1316 1014 1347 per
1030 1306 1176 1337 deciden-

18 1387 20 1400 Ι
133 1356 213 1388 ciam
228 1356 390 1386 firmarum
413 1355 553 1396 passagii
568 1359 600 1386 et
616 1355 772 1386 croiarum
789 1355 827 1386 de
844 1355 924 1386 Erth
939 1356 978 1386 de
994 1365 1077 1387 anno
1094 1366 1178 1386 com-

20 1412 22 1421 *
68 1403 76 1410 ⁴
132 1405 202 1447 puti
217 1407 249 1436 et
265 1405 325 1436 sub
345 1404 486 1445 periculo
509 1405 734 1445 computantis,
758 1404 847 1445 xxxij
876 1409 898 1436 s.
944 1405 986 1435 Et
1009 1415 1066 1446 pro
1082 1404 1178 1436 falca-

133 1455 222 1486 cione
237 1457 269 1486 et
283 1453 463 1485 lucracione
479 1453 546 1484 feni
561 1454 645 1494 prati
668 1453 707 1485 de
723 1454 811 1495 Logy
827 1454 866 1485 de
882 1464 965 1485 anno
981 1454 1078 1494 hujus
1094 1464 1177 1485 com-
1192 1448 1356 1501 §Jffiggdebst

133 1504 211 1546 puti,
227 1503 261 1535 xl
277 1507 299 1535 ἒ.
346 1503 404 1544 [Το
429 1503 536 1540 Wales,
555 1503 762 1544 Comptroller,
778 1503 877 1535 &137
891 1504 970 1544 102]
1009 1504 1051 1535 Et
1067 1503 1178 1541 eidem,
1191 1496 1316 1531 rotulatt'm

132 1564 188 1595 per
196 1553 390 1585 solucionem
402 1553 521 1583 factam
533 1552 617 1583 dicto
630 1555 852 1594 computorum
862 1553 1030 1584 rotulatori
1039 1553 1074 1584 in
1086 1552 1179 1584 certis

133 1602 180 1635 lez
194 1602 336 1634 uncostis
351 1602 478 1633 intratis
493 1602 527 1633 in
550 1602 640 1633 libris
656 1602 822 1639 dietamm,
846 1602 924 1643 xlvij
942 1607 975 1640 s„
990 1613 1048 1643 pro
1064 1603 1180 1643 quibus

134 1652 341 1693 respondebit.
386 1651 429 1682 Et
452 1651 564 1688 eidem,
579 1661 636 1692 per
657 1651 883 1682 liberacionem
898 1651 1017 1682 factam
1032 1652 1180 1683 Donaldo
1194 1656 1239 1679 Do.

135 1701 262 1733 Fischer
276 1711 332 1742 pro
347 1700 558 1732 mundacione
574 1704 758 1741 stagnorum
771 1701 866 1741 juxta
881 1705 1007 1742 pratum
1024 1701 1063 1733 de
1080 1702 1181 1733 Striv-

134 1750 206 1788 elin,
218 1750 256 1782 de
268 1750 419 1782 mandato
436 1750 557 1781 domini
569 1750 650 1790 regis
663 1750 837 1781 literatorie
853 1750 912 1781 sub
925 1751 1047 1791 signeto
1063 1754 1095 1782 et
1107 1751 1181 1782 sub-

135 1800 303 1841 scriptione
327 1799 366 1831 de
391 1802 542 1840 precepto
567 1803 692 1830 ostenso
715 1809 810 1840 super
831 1803 1027 1840 computum,
1049 1811 1094 1831 xx
1110 1805 1132 1832 ἔ.
1149 1804 1182 1833 et

134 1861 190 1893 per
204 1852 338 1884 eandem
353 1851 480 1883 literam
502 1854 602 1882 restat
625 1851 687 1882 sibi
709 1851 743 1881 in
766 1854 915 1892 computo
931 1862 1101 1893 granorum
1117 1863 1182 1884 una

136 1901 240 1933 celdra
266 1901 384 1932 farrine
409 1901 574 1932 avenatice
600 1900 773 1931 allocanda.
818 1900 861 1931 Et
885 1900 996 1938 eidem,
1019 1911 1075 1941 per
1097 1902 1182 1932 solu-

137 1950 259 1982 cionem
284 1950 402 1981 factam
428 1950 593 1981 Fratribus
619 1949 875 1981 Predicatoribus
902 1949 941 1980 de
967 1950 1119 1981 Strivelin
1142 1951 1182 1982 ad

137 2000 370 2041 reparacionem
385 1999 464 2030 dicti
479 1999 540 2030 loci
557 1999 591 2030 in
607 1999 839 2040 quinquaginta
855 1999 946 2030 libris
956 1999 1001 2030 eis
1017 2010 1057 2030 ex
1072 2000 1182 2031 elimo-

139 2049 208 2081 sina
233 2049 354 2081 domini
377 2049 459 2091 regis
484 2049 518 2080 in
541 2049 683 2090 quinque
709 2049 800 2080 annis
817 2049 934 2080 futuris
961 2049 1130 2088 solvendis,
1146 2054 1181 2081 ut

139 2102 226 2140 patet
257 2109 313 2140 per
338 2098 447 2130 literas
473 2108 547 2129 suas
574 2098 634 2129 sub
664 2097 790 2139 privato
817 2100 849 2129 et
878 2098 1114 2140 subscripcione
1144 2100 1184 2131 de
