1551 2462
0 276 2 283 ,
31 238 38 243 '
85 255 174 284 1461.
394 249 554 282 REGUM
579 248 824 280 sooroRUM.
1089 253 1125 281 61

81 346 181 377 eciam
197 344 324 376 domino
342 343 481 374 Henrico
498 343 619 374 fatente
636 345 798 382 receptum
808 344 846 372 ut
861 352 966 382 supra,
982 342 1082 383 xxviij
1096 343 1127 374 fi.

80 395 112 436 vj
129 398 163 432 s„
177 403 232 435 pro
247 393 363 434 quibus
387 392 486 423 eciam
509 391 721 432 respondebit.
767 390 811 423 Et
834 401 890 431 per
904 391 1128 422 liberacionem

83 444 199 475 factam
225 442 368 473 «Iohanni
395 441 547 477 Darrach,
576 440 750 471 senescallo
776 440 903 471 domine
934 441 1041 481 regine
1072 451 1127 482 pro

83 496 231 533 tempore,
247 492 286 522 ab
299 501 452 532 expensas
466 490 618 521 domicilii
634 489 786 529 ejusdem,
797 493 833 520 ut
846 493 935 530 patet
944 500 999 530 per
1010 490 1128 521 librum

84 541 293 582 componentis
310 540 524 580 subscriptum
541 550 639 570 manu
655 539 732 570 dicti
749 539 771 569 J
773 539 916 575 ohannis,
933 540 988 580 xiij
1006 540 1039 571 1-1.
1057 541 1088 570 ix
1105 545 1127 571 s.

85 601 106 622 v
121 591 160 628 d„
174 601 230 631 pro
245 590 362 630 quibus
378 589 590 630 respondebit.
635 589 678 619 Et
700 598 756 629 per
770 588 994 620 liberaoionein
1011 590 1128 620 factam

85 640 233 681 magistro
249 639 356 670 David
380 638 516 679 Guthry,
539 637 693 678 receptori
717 637 839 668 domini
863 638 953 679 regis,
970 639 1008 669 de
1031 639 1131 670 firmis

85 693 237 721 terra-rum
268 689 307 720 de
334 688 527 729 Kingkellis,
552 698 630 728 quas
658 690 791 727 occupat
821 687 980 719 Johannis
1008 688 1132 729 Strang,

85 739 229 779 claviger,
244 739 278 769 in
294 738 385 769 feodo
402 746 459 768 suo
475 737 513 768 de
530 747 612 768 anno
626 737 772 778 compoti,
789 738 867 778 xviij
885 737 926 774 ΠΖ,
942 748 998 778 pro
1015 739 1131 779 quibus

86 789 171 824 idem
193 787 342 828 magister
364 787 470 818 David
498 786 709 827 respondebit.
757 787 798 817 Et
823 787 943 818 Thome
959 788 1130 825 VVardlaw‚

88 838 256 874 chiteriste,
272 837 310 868 de
333 837 432 867 firmis
455 839 608 867 terrarum
633 836 671 867 de
688 836 851 877 Brygland
875 847 955 877 quas
979 838 1076 869 habet
1097 838 1130 869 in

88 887 178 919 feodo
194 897 250 918 suo
274 886 312 917 de
336 886 447 917 eodem
463 896 555 922 anno,
571 885 618 926 liij
636 890 660 917 s.
684 886 729 926 iiij
754 885 796 922 (1.,
819 896 874 926 pro
898 887 1014 927 quibus
1031 888 1130 918 eciam

88 937 236 978 magister
249 936 353 968 David
366 935 577 976 respondebit.
622 935 665 965 Et
680 935 810 976 Albany
824 936 969 967 herraldo
982 937 1020 968 de
1033 937 1132 968 firmis

28 989 35 993 ’
87 987 243 1017 terrarum
273 985 312 1016 cle
342 984 499 1016 Dulerufe
529 994 602 1015 oum
639 984 822 1015 molendino
860 985 893 1015 in
924 985 1064 1017 dominio
1095 987 1134 1018 de

0 1760 29 1787 ,⁹2
0 1656 25 1737 *rr

0 2089 23 2142 :22²2
3 2051 22 2074 »ς
0 1981 20 2040 vm·
4 1959 22 1970 ,ι-
0 1845 13 1908 *τ

0 2175 18 2200 -ω
0 2163 3 2169 ¹

0 2230 33 2462 effluerem-2⁶

0 1568 10 1632 »ι-ς,
0 1469 14 1521 *f*
0 1435 3 1437 v
0 1384 3 1408 «.
0 1341 2 1349 ,.
0 1259 13 1305 .«.,,

88 1035 253 1071 Methven,
264 1042 342 1075 quas
355 1034 451 1064 habet
461 1033 495 1064 in
506 1033 596 1064 feodo
609 1033 706 1064 suode
719 1033 803 1064 dicto
813 1044 905 1071 anno,
917 1045 937 1064 x
947 1034 988 1072 fi„
999 1045 1054 1076 pro
1064 1036 1134 1076 qui-

89 1085 149 1115 bus
165 1084 250 1115 idem
265 1083 415 1124 magister
437 1082 546 1113 David
567 1082 778 1123 respondebit.
825 1084 865 1113 Et
890 1083 1073 1115 Alexandro
1096 1085 1135 1116 de

89 1133 318 1165 Foullartoune
341 1132 379 1163 de
402 1132 502 1162 firmis
524 1135 680 1162 terrarum
704 1132 742 1162 (16
766 1132 896 1170 Foullis,
920 1133 1135 1171 Casteltoune,

89 1183 262 1224 Drumfyn,
278 1182 458 1223 Myltoune,
482 1192 554 1213 cum
577 1181 769 1219 molendino,
792 1192 871 1222 quas
895 1187 1029 1223 occupat
1051 1183 1137 1214 idem

89 1232 273 1263 Alexander
288 1231 322 1262 in
338 1231 429 1262 feodo
456 1238 514 1262 suo·
539 1231 577 1262 de
604 1231 688 1262 dicto
716 1241 808 1268 anno,
824 1242 867 1262 xx
890 1231 933 1269 ΠΖ,
948 1242 1004 1273 pro
1020 1233 1137 1273 quibus

88 1281 189 1312 eciam
199 1280 410 1321 respondebit.
444 1281 486 1311 Et
495 1280 668 1321 eidem‚pro
679 1291 741 1311 uno
752 1291 833 1321 equo
844 1284 950 1322 empto
961 1292 979 1312 a
989 1282 1010 1312 J
1012 1282 1137 1313 ohanne

90 1330 204 1371 Strang
219 1330 258 1360 ad
275 1339 369 1360 nsum
391 1329 518 1360 domine
541 1329 656 1370 regine,
672 1329 802 1360 custode
825 1330 942 1370 privati
962 1332 1059 1372 sigilli
1075 1335 1137 1363 tes÷

89 1428 134 1462 Et
145 1429 256 1466 eidem,
271 1439 327 1470 per
341 1428 565 1459 liberacionem
582 1429 698 1460 factam
715 1429 843 1460 domino
859 1430 897 1461 de
913 1431 984 1469 Lee,
996 1431 1035 1462 de
1048 1441 1137 1462 man-

89 1478 163 1510 dato
183 1478 310 1510 domine
325 1478 442 1519 regine,
457 1487 513 1518 per
528 1487 642 1509 manus
659 1479 798 1509 custodis
814 1479 931 1519 privati
947 1480 1053 1521 sigilli,
1069 1481 1137 1522 ipso

89 1528 190 1560 eciam
209 1530 345 1558 testante
368 1527 555 1558 mandatum
579 1537 674 1568 super
690 1532 883 1568 compotum,
904 1540 921 1559 x
947 1529 978 1561 fi.
1025 1530 1067 1561 Et
1083 1539 1139 1571 per

91 1576 284 1608 solucionem
315 1577 433 1608 factam
471 1576 599 1607 domino
638 1577 773 1608 Ricardo
811 1577 953 1616 Roberti,
991 1580 1138 1620 scriptori

91 1625 274 1662 rotulorum,
289 1635 345 1666 pro
360 1626 517 1666 scriptura
539 1625 712 1656 eorundem
728 1629 761 1657 et
783 1626 944 1658 laboribus
961 1628 1025 1659 suis
1042 1639 1139 1670 penes

92 1685 218 1707 causam
234 1675 272 1706 de
289 1675 400 1712 Soltre,
423 1685 479 1715 per
501 1674 726 1706 liberacionem
750 1675 828 1706 dicti
854 1677 995 1708 custodis
1021 1678 1139 1718 privati

93 1724 197 1766 sigilli,
236 1724 303 1765 ipso
341 1725 461 1755 fatente
499 1727 663 1764 receptum
701 1735 796 1765 super
826 1729 1018 1767 compotum,
1050 1727 1085 1758 xl
1114 1731 1137 1758 s.

93 1773 135 1806 Et
164 1774 274 1811 eidem,
305 1784 362 1814 per
391 1773 616 1804 liberacionem
646 1773 765 1804 factam
795 1774 924 1806 domino
953 1775 1139 1808 Alexandro

93 1823 228 1865 Napare,
243 1827 321 1854 tunc
337 1827 555 1864 compotorum
570 1823 746 1860 rotulatori,
762 1824 885 1856 decimo
901 1829 991 1857 sexto
1007 1826 1140 1866 Aprilis,

94 1872 134 1904 ad
163 1883 317 1914 expensas
348 1872 502 1903 domicilii
539 1872 740 1904 dominorum
778 1874 860 1915 regis
890 1879 922 1906 et
953 1876 1069 1916 regine,
1100 1886 1140 1906 ex

55 1953 59 1956 ,
94 1922 243 1954 mandato
273 1922 401 1953 domine
431 1922 546 1962 regine,
577 1923 707 1953 custode
734 1923 851 1963 privati
879 1924 977 1965 sigilli
1000 1928 1139 1956 testante

93 1971 280 2003 mandatum
295 1982 390 2012 super
411 1974 603 2012 compotum,
619 1975 652 2002 et
673 1972 824 2012 magistro
848 1973 1013 2004 Willelmo
1037 1973 1140 2011 Blare,

94 2024 171 2053 tunc
186 2021 367 2058 senescallo,
388 2021 510 2052 fatente
533 2026 696 2062 receptum
715 2032 772 2062 per
794 2022 938 2053 sedulam
962 2033 1059 2054 manu
1083 2034 1139 2054 sua

94 2071 243 2112 scriptam
259 2074 418 2102 ostensam
435 2081 529 2111 super
545 2075 737 2111 compotum,
753 2075 784 2103 et
801 2071 839 2103 de
863 2073 979 2112 quibus
1002 2073 1141 2104 reddidit

95 2124 286 2161 compotum,
317 2131 337 2151 x
374 2120 406 2151 ri.
467 2120 509 2151 Et
538 2120 672 2151 allocate
703 2122 899 2161 compotanti
938 2122 971 2152 in
1009 2126 1140 2153 eentum

95 2170 328 2212 quinquaginta
343 2169 433 2201 libris
449 2173 585 2210 quatuor
601 2170 739 2202 denariis
754 2171 898 2202 liberatis
915 2171 999 2202 dicto
1012 2171 1140 2203 domino

1142 367 1305 396 Respondebit

1142 397 1253 420 Darrach.

1144 536 1307 565 Respondebit

1175 790 1220 813 Do.

1180 1092 1224 1114 Do.
