1551 2462
0 1141 34 1261 ‘gf-‘etgar
1 1019 35 1118 ίῑζδῗιῖ·
0 896 30 989 ῗ-ΑᾸ·
0 855 27 873 ’.3
0 794 21 830 ⁴-'*·
0 659 32 770 ‘¹³⁰‘flg'
7 612 26 640 1·
0 513 8 535 ¹‘
8 490 12 493 '
6 407 27 418 '.
0 342 23 383 ’,Ἀ

0 1530 39 1697 msa*
0 1439 38 1525 *27⁸*
0 1319 40 1434 ,ἐή-111311»,
0 1263 38 1314 ν’·τέ

130 260 219 289 1468.
439 257 599 289 REGUM
625 257 869 291 SCOTORUM.
1111 267 1172 294 533

125 351 235 392 pabuli
257 360 412 391 equorum
435 355 467 382 et
489 351 588 392 gagiis
611 351 748 382 lValteri
772 352 937 389 Galbrath,
961 354 1028 394 ipso
1053 354 1174 386 fatente
1188 361 1350 389 Respondebit

125 403 295 441 receptum,
313 400 354 440 vij
372 400 403 431 fi.
428 411 448 431 x
465 405 497 437 5.,
520 411 577 441 pro
600 401 716 441 quibus
740 402 950 442 respondebit.
997 404 1039 434 Et
1062 391 1288 441 01ε10111,9“ὡ“”

124 460 180 491 pro
196 449 289 481 certis
313 450 460 490 expensis
484 450 576 480 factis
592 460 649 491 per
672 454 912 491 computantem
935 451 1018 483 circa
1039 453 1175 494 cariagia

125 499 278 530 frumenti
314 503 347 530 et
376 499 480 536 brasii,
512 509 636 531 necnon
673 500 833 540 stipendio
865 501 1085 539 brasiatorurn,
1110 513 1175 533 non

125 549 252 580 intratis
279 548 312 579 in
336 548 425 579 libris
450 548 616 586 dietarum,
639 559 679 580 ex
702 549 959 581 consideracione
983 551 1175 588 auditorum,

126 611 145 631 v
160 600 191 631 fi.
209 600 273 641 xvij
292 605 314 632 ἔ.
331 600 387 640 viij
405 600 433 631 d.
479 600 521 631 Et
537 601 649 637 eidem,
666 611 722 641 pro
739 601 839 632 firmis
855 605 992 642 quatuor
1008 602 1174 633 domorum

124 650 158 681 in
173 649 251 680 villa
267 650 305 680 de
322 650 428 686 Perth,
442 650 577 680 duarum
592 661 648 690 pro
660 650 841 688 lardinaria,
854 652 950 682 unius
963 662 1020 693 pro
1031 653 1174 683 carboni-

124 699 191 736 bus,
212 701 244 730 et
266 701 378 739 quarte
400 709 457 739 pro
481 699 586 740 granis
610 700 843 737 conservandis,
861 700 898 731 de
915 711 998 732 anno
1023 703 1174 742 computi,

96 792 100 795 1
125 759 146 780 v
174 748 205 780 n.
251 749 294 779 Et
323 749 435 786 eidem,
464 759 521 789 pro
552 750 699 790 expensis
736 754 959 790 computorum
991 751 1175 782 rotulatoris

126 798 216 830 factis
233 798 317 840 apud
333 798 432 830 Perth
447 798 481 829 in
497 799 671 830 assedando
689 802 788 830 terras
812 800 978 840 predictas,
1002 800 1036 841 iij
1055 800 1086 831 n‘.
1134 801 1176 832 Et

125 848 280 886 eidem,de
290 849 389 880 firmis
400 853 554 880 terrarum
561 849 677 879 foreste
688 849 726 879 de
737 849 917 880 Mamlorne
929 849 1081 890 deputate
1087 854 1175 881 vaste

125 908 181 939 per
195 909 300 940 regem
323 899 357 930 in
374 899 439 930 suis
459 899 687 930 venacionibus
713 898 804 930 factis
825 902 898 939 post
921 899 1075 930 ultimum
1090 910 1175 931 scac-

125 948 254 986 carium,
280 948 356 980 licet
382 949 584 980 contineatur
610 948 641 979 in
671 948 784 979 rotulis
812 948 955 989 ejusdem
980 949 1065 990 quod
1090 949 1175 981 dicte

125 1001 206 1029 terre
229 1001 307 1030 tunc
323 999 561 1035 assedabantur,
578 998 654 1039 quia
674 998 885 1038 proclamavit
906 1009 958 1030 eas
977 1009 1044 1030 esse
1064 1003 1176 1036 vastas,

127 1050 222 1088 prout
237 1048 315 1079 fides
339 1049 424 1079 facta
448 1048 510 1078 fuit
533 1058 628 1088 super
643 1051 838 1088 computum,
856 1048 894 1079 de
918 1059 1002 1079 anno
1025 1049 1176 1090 computi,
1190 1046 1354 1075 Respondebit

127 1097 202 1137 xxvj
220 1101 242 1128 5.
268 1098 322 1141 viij
347 1098 376 1129 d.
438 1098 496 1139 [To
511 1098 621 1128 Adam
652 1098 764 1128 Walles
787 1098 824 1138 of
844 1098 950 1137 crayo,
969 1098 1177 1139 compto-ouer,
1190 1076 1321 1128 fflissizr„

94 1173 100 1177 .
125 1147 199 1178 26058
209 1146 266 1187 35]
306 1147 347 1178 Et
357 1147 468 1184 eidem,
484 1157 540 1188 per
552 1146 747 1178 solucionem
759 1147 877 1178 factam
893 1147 1021 1178 domino
1034 1148 1055 1178 J
1058 1147 1177 1178 ohanni

126 1195 236 1236 Layng
257 1206 314 1236 pro
337 1197 403 1227 suis
425 1196 587 1227 laboribus
611 1196 704 1227 factis
728 1197 763 1227 in
787 1196 927 1237 presenti
953 1197 1119 1233 scaccario,
1137 1207 1176 1227 ex

126 1245 380 1277 consideracione
404 1246 594 1282 auditorum,
617 1256 638 1275 v
660 1245 691 1276 n.
737 1246 780 1277 Et
796 1246 907 1283 eidem,
930 1256 987 1287 pro
1011 1246 1103 1277 feodo
1119 1256 1176 1277 5110

127 1295 164 1326 de
180 1306 263 1326 anno
279 1296 430 1336 computi,
446 1306 486 1327 ex
502 1295 756 1327 consideracione
769 1296 960 1333 auditorum,
979 1296 1007 1336 vj
1026 1295 1057 1326 ri.
1076 1296 1132 1336 xiij
1152 1300 1174 1327 5.

125 1345 172 1387 iiij
195 1345 224 1376 d.
270 1346 313 1376 Et
335 1345 447 1382 eidem}
463 1356 520 1386 pro
544 1345 694 1376 undecim
717 1346 826 1377 martis
850 1345 944 1376 dictis
968 1345 1176 1377 stukemartis

126 1395 259 1435 receptis
283 1395 322 1426 ab
345 1394 522 1425 husbandis
539 1395 577 1426 de
603 1395 757 1426 Deschier
780 1398 812 1426 et
828 1396 949 1436 Twyer,
965 1405 1021 1435 pro
1041 1405 1176 1435 quarum

125 1443 267 1484 qualibet
290 1444 468 1475 allocantur
491 1444 667 1476 husbandis
691 1455 746 1476 sex
770 1444 862 1476 solidi
891 1447 923 1476 et
948 1448 1018 1475 octo
1046 1444 1177 1480 denarii,

128 1493 255 1525 intratis
270 1493 305 1524 in
321 1493 411 1525 libris
428 1494 582 1524 domicilii
597 1497 740 1535 tempore
756 1494 939 1525 venacionis
958 1493 1080 1525 domini
1095 1494 1177 1534 regis

130 1542 277 1574 vicesimo
293 1544 316 1575 J
318 1543 376 1574 ulii
392 1543 477 1574 infra
492 1543 552 1574 hoc
569 1546 766 1584 computum,
781 1543 814 1583 iij
832 1543 863 1574 fi.
882 1543 938 1584 xiij
956 1547 978 1574 5.
996 1543 1043 1583 iiij
1060 1542 1088 1573 d.
1135 1543 1178 1574 Et

127 1591 237 1630 eidem,
261 1602 317 1633 pro
341 1593 489 1633 expensis
506 1593 571 1623 suis
596 1592 689 1623 factis
712 1593 746 1623 in
762 1592 856 1623 dietis
877 1593 1105 1623 venacionibus
1121 1602 1178 1632 per

127 1641 337 1683 quadraginta
353 1642 420 1673 dies
444 1652 516 1673 011111
533 1642 700 1673 duodecim
717 1642 856 1680 famulis,
872 1642 972 1673 nichil
988 1641 1178 1682 percipienti

129 1690 169 1721 ad
183 1690 359 1729 liberatam,
383 1702 422 1722 ex
446 1691 700 1723 consideracione
716 1692 906 1728 auditorum,
930 1701 951 1721 x
966 1690 998 1721 11.
1045 1691 1178 1722 Summa

129 1749 350 1781 expensarum,
373 1739 410 1781 ije
431 1740 534 1772 lxxxx
561 1741 592 1772 11.
618 1741 671 1781 xvj
698 1744 720 1772 ’5.
746 1741 779 1781 iij
806 1740 834 1771 d.
851 1741 884 1781 xj
910 1743 1019 1771 marte.
1053 1740 1107 1773 *Et
1132 1740 1177 1770 510

130 1792 249 1820 restant
265 1789 300 1831 ij0
316 1791 417 1821 xxxix
432 1790 463 1820 11.
482 1801 502 1821 x
518 1795 540 1822 s.
557 1801 578 1820 v
594 1790 622 1822 d.
661 1791 710 1821 De
724 1790 848 1831 quibus,
864 1789 1006 1830 pendent
1022 1788 1061 1820 de
1077 1789 1176 1819 firmis

129 1841 284 1870 terrarum
322 1840 361 1871 de
400 1839 507 1881 Cluny
541 1843 669 1880 propter
698 1839 870 1870 discordias
908 1838 992 1869 inter
1029 1838 1179 1868 comitem

131 1887 262 1920 Atholie
285 1892 318 1920 et
340 1889 504 1920 Andream
529 1889 623 1930 Gray,
640 1889 678 1920 de
701 1899 784 1919 anno
808 1888 959 1928 computi,
984 1887 1040 1927 xiij
1057 1887 1088 1918 fi.
1105 1888 1137 1928 vj
1155 1892 1178 1918 s.

133 1937 190 1979 viij
206 1937 235 1968 d.
282 1939 326 1969 Et
347 1939 490 1980 pendent
506 1949 601 1979 super
623 1939 645 1969 J
647 1938 804 1969 ohannem
822 1937 957 1968 Stewart
971 1937 1010 1968 de
1026 1936 1180 1968 Rannach

132 1985 170 2017 de
187 1987 286 2018 firmis
302 1990 457 2018 terrarum
474 1987 513 2018 de
530 1986 683 2017 Rannach
700 1985 738 2017 de
754 1986 839 2017 dicto
855 1995 947 2022 anno,
963 1986 1041 2026 xviij
1058 1985 1089 2016 11.
1107 1986 1138 2027 vj
1157 1990 1179 2017 ἓ.

129 2035 185 2076 viij
203 2035 230 2066 d.
277 2036 320 2067 Et
342 2037 484 2077 pendent
507 2046 602 2076 super
625 2035 761 2066 eundem
785 2035 806 2065 J
809 2034 967 2065 ohannem
992 2034 1126 2066 Stewart
1142 2035 1180 2066 de

38 2079 46 2088 “’
94 2126 99 2128 -
131 2084 230 2116 firmis
255 2088 412 2116 terrarum
440 2085 476 2116 de
501 2085 712 2125 Glenlyoune,
738 2094 817 2124 quas
841 2084 977 2124 percipit
1001 2084 1040 2114 ad
1067 2094 1181 2115 manus
1196 2095 1363 2118 Consulendus

131 2134 283 2174 proprias,
299 2134 342 2175 vij
360 2134 401 2172 n,
425 2145 521 2175 super
544 2134 660 2174 quibus
677 2133 889 2164 consulendus
913 2136 961 2164 est
983 2143 1047 2170 rex,
1063 2136 1095 2164 et
1110 2136 1182 2174 post
1195 2127 1337 2184 bsigressdus

134 2182 302 2214 consilium
327 2183 505 2215 onerandus
530 2189 577 2214 est
601 2186 789 2224 computans
813 2182 851 2213 de
878 2182 1004 2213 eisdem.
1052 2182 1182 2214 Summa
1196 2192 1337 2220 computans
