1551 2462
303 267 342 298 72
614 265 779 297 ROTULI
804 266 1041 298 SOAOCARH
1265 269 1279 296 1
1288 266 1357 297 461.

298 409 321 449 ij
337 408 431 440 bouis
447 409 469 449 ij
489 408 610 440 terlotis
632 409 655 449 ij
680 409 784 449 peeois
809 419 984 440 avenarum
1007 409 1046 440 de
1074 409 1174 440 firmis
1198 413 1359 440 terrarum

299 458 339 490 de
363 458 448 489 Catil
470 458 510 490 de
540 458 660 490 eisdem
693 458 847 490 terminis.
894 458 936 489 Ec
959 458 999 489 de
1022 458 1078 499 viij
1096 458 1128 489 fi.
1150 458 1288 499 jceldra
1304 458 1354 499 iiij

299 508 394 540 bullis
410 508 498 539 ordei
527 509 549 549 ij
567 508 682 539 celdris
700 509 754 549 viij
774 507 867 539 bouis
884 518 1059 539 avenarum
1076 511 1159 538 terre
1180 507 1219 539 de
1238 508 1357 538 Drum-

299 557 443 588 tennand
459 557 498 588 de
515 557 635 589 eisdem
652 558 805 588 terminis.
852 557 894 588 Et
911 557 950 588 de
966 557 1021 597 xvj
1039 556 1071 588 li.
1086 557 1098 597 j
1115 556 1252 588 celdrav
1265 556 1359 588 bouis

296 609 309 649 j
328 608 441 640 ferloba
458 608 613 639 frumenti
625 609 637 649 j
656 608 763 639 oeldra
780 618 801 638 x
817 607 912 638 bollis
937 607 959 648 ij
979 607 1101 638 ferlotis
1126 607 1214 638 ordei
1237 607 1271 647 iij
1296 606 1358 638 cel-

300 707 340 738 de
356 707 476 739 eisdem
492 707 646 738 terminis.
692 707 736 737 En
752 706 790 738 de
807 716 828 737 v
843 706 875 737 11.
893 706 924 747 vj
937 710 959 737 ἓ.
974 706 1028 747 viij
1047 706 1076 738 d.
1086 707 1099 747 j
1114 706 1219 738 celdra
1231 717 1252 737 x
1264 706 1359 737 bollis

300 757 322 797 ij
356 757 477 788 ferlohis
509 757 595 788 ordei
620 767 694 788 cum
719 756 843 787 duabus
867 756 1013 796 partibus
1042 755 1154 787 ferlote
1181 755 1359 786 molendini

300 806 444 847 ejusdem
462 806 500 838 de
516 806 637 838 eisdem
652 806 806 837 terminis.
853 806 896 836 Erl
919 805 957 836 de
985 806 1040 846 xvj
1057 805 1089 837 fi.
1114 805 1135 846 ij
1161 805 1276 836 celdris
1302 805 1356 846 viij

300 855 396 887 bollis
427 856 514 887 ordei
544 866 565 886 v
590 856 705 887 celdris
733 865 908 886 avenarum
935 855 1012 886 ville
1044 855 1082 886 de
1115 855 1288 886 Neutoune
1319 854 1359 886 (18

301 907 465 939 Faucland
481 908 520 939 de
537 908 655 939 eisdem
672 907 825 938 terminis.
872 908 913 939 Et
930 907 968 938 (18
985 917 1051 937 xxx
1067 907 1109 944 112,
1126 907 1164 938 de
1180 907 1358 938 feodifirma

301 956 379 988 ville
394 956 433 988 de
450 956 614 987 Faucland
630 956 668 987 de
684 956 804 987 eisdem
823 956 975 988 terminis.
1021 957 1064 987 Et
1086 956 1124 988 de
1148 957 1251 997 xxxiij
1270 961 1303 994 5.,
1319 957 1358 988 (18

302 1006 395 1037 firma
411 1006 507 1037 unius
525 1006 647 1037 fabrilis
665 1006 749 1037 dicte
765 1006 842 1037 ville
858 1006 898 1037 (18
921 1006 1041 1037 eisdem
1058 1006 1212 1038 terminis.
1258 1006 1301 1037 Et
1318 1006 1358 1037 de

301 1056 335 1096 iij
352 1055 384 1086 11.
402 1056 433 1096 vj
447 1059 480 1092 5.,
497 1055 535 1086 (18
549 1055 646 1086 firmis
662 1059 798 1096 quabuor
814 1055 1014 1088 brasinarum
1025 1056 1102 1087 ville
1115 1055 1260 1097 ejusdem
1274 1059 1307 1087 eh
1319 1055 1359 1087 de

301 1105 423 1137 eisdem
439 1105 594 1136 terminis.
639 1105 682 1135 Et
699 1105 737 1136 de
750 1105 780 1146 iij
796 1105 828 1136 ti.
841 1116 884 1136 xv
897 1110 919 1137 S.
933 1105 972 1136 de
984 1105 1084 1137 firmis
1095 1116 1151 1137 sex
1162 1105 1358 1146 cotagiorum

303 1154 447 1195 ejusdem
477 1155 555 1186 ville
586 1158 618 1186 eb
645 1155 683 1186 de
715 1155 834 1186 eisdem
859 1155 1012 1188 terminis.
1059 1155 1101 1186 Et
1126 1155 1165 1187 de
1190 1156 1221 1196 vj
1249 1155 1291 1191 hl,
1318 1155 1359 1186 de

303 1204 404 1235 firmis
420 1204 596 1235 molendini
612 1205 651 1236 de
676 1204 842 1236 Faueland
865 1205 904 1236 de
927 1205 1048 1237 eisdem
1072 1205 1225 1236 terminis.
1271 1205 1358 1236 Nota

303 1254 390 1295 quod
405 1254 528 1285 dietum
545 1254 768 1286 molendinum
784 1255 950 1286 consuevit
971 1254 1111 1287 assedari
1135 1264 1190 1295 pro
1213 1254 1358 1296 quinque

303 1304 427 1341 marcis,
443 1304 499 1335 sed
516 1314 602 1335 1111118
617 1304 744 1335 levatur
760 1304 800 1335 ad
816 1315 872 1336 sex
888 1314 1018 1335 mareas.
1064 1304 1107 1335 Et
1130 1304 1169 1335 de
1193 1304 1237 1345 xij
1262 1304 1294 1336 fi.
1318 1304 1358 1335 de

302 1354 403 1386 firmis
419 1354 457 1385 de
478 1354 592 1385 Balbla
616 1354 654 1385 de
678 1355 798 1386 eisdem
822 1355 975 1386 terminis.
1022 1355 1064 1385 Εἰ
1080 1354 1118 1385 (18
1136 1354 1224 1395 xxxij
1243 1354 1357 1386 celdris

301 1403 475 1434 carbonum
493 1403 531 1434 de
547 1403 647 1434 firmis
665 1403 702 1435 de
719 1404 892 1435 Neutoune
909 1404 947 1435 de
963 1403 1154 1435 Markinche
1168 1403 1207 1435 de
1220 1404 1357 1435 termino

303 1452 414 1483 Sancti
444 1452 580 1483 Martini
618 1453 703 1483 infra
743 1453 802 1484 1108
842 1456 1034 1494 compotum.
1082 1453 1214 1484 Summa
1249 1453 1357 1485 totalis

302 1502 437 1544 pecunie
453 1503 606 1543 quarterii
622 1503 660 1534 de
672 1503 844 1540 Faueland‚
851 1502 936 1544 jcxlij
950 1503 981 1534 H.
995 1504 1040 1545 vij
1055 1508 1077 1535 5.
1091 1503 1136 1544 iiij
1149 1504 1177 1535 d.
1225 1504 1358 1535 Summa

301 1553 411 1584 totalis
434 1553 589 1584 frumenti
613 1553 690 1584 dicti
714 1553 875 1593 quarterii,
896 1554 909 1594 j
935 1553 1041 1584 celdra
1064 1563 1085 1583 v
1109 1553 1192 1584 bolle
1204 1554 1217 1594 j
1242 1553 1357 1585 ferlota

302 1603 465 1634 frumenti.
512 1603 644 1633 Summa
660 1603 769 1634 totalis
786 1603 881 1640 ordei,
898 1604 929 1644 xj
948 1603 1053 1634 celdre
1077 1603 1099 1644 ij
1125 1602 1236 1634 ferlote
1259 1603 1355 1635 ordei.

303 1652 436 1683 Summa
451 1652 560 1684 totalis
576 1663 759 1690 avenarum,
779 1653 857 1693 xviij
883 1653 987 1684 celdre
1010 1653 1054 1694 xij
1080 1652 1164 1684 holle
1187 1653 1210 1693 ij
1235 1652 1357 1685 ferlote.

303 1702 436 1732 Summa
451 1701 560 1733 totalis
576 1702 759 1738 carbonum,
777 1702 866 1743 xxxij
885 1702 997 1733 celdre.

348 1752 441 1788 Item,
457 1751 542 1782 idem
559 1755 669 1782 onerat
685 1762 718 1782 se
734 1752 772 1783 de
789 1752 836 1792 liij
853 1756 876 1783 ὲ.
891 1752 936 1792 iiij
954 1752 982 1783 d.
1004 1753 1016 1793 j
1042 1752 1148 1783 eeldra
1170 1763 1191 1783 x
1215 1752 1309 1784 bollis
1332 1753 1354 1794 ij

302 1801 427 1833 ferlotis
442 1801 464 1842 ij
483 1801 586 1842 peccis
603 1811 777 1832 avenarum
801 1801 840 1832 de
863 1802 963 1832 firmis
987 1805 1068 1833 terre
1092 1802 1131 1834 de
1156 1802 1356 1833 Maristoune

302 1851 338 1882 in
354 1851 514 1892 quartario
530 1851 569 1882 de
586 1851 679 1891 Edyn
698 1850 736 1882 de
746 1851 841 1882 dictis
852 1851 954 1883 tribus
968 1852 1121 1883 terminis.
1168 1853 1210 1883 Et
1220 1852 1259 1884 de
1268 1863 1312 1883 xx
1323 1857 1356 1890 5,,

302 1955 385 1983 terre
400 1952 440 1983 de
459 1952 640 1992 Ramorgny
663 1955 696 1982 et
718 1951 891 1982 Lawfeilde
907 1951 946 1982 de
971 1952 1090 1983 eisdem
1113 1951 1267 1983 terminis.
1313 1953 1357 1983 Et

302 2001 341 2032 de
358 2001 426 2042 xiiij
443 2001 475 2032 fi.
493 2001 549 2041 xiij
567 2005 590 2032 ἕ.
607 2001 652 2041 iiij
671 2001 699 2032 d.
715 2001 727 2041 j
744 2001 850 2032 coldra
863 2001 919 2042 xiij
932 2001 1025 2032 bollis
1039 2002 1192 2033 frumenti
1204 2002 1226 2042 ij
1240 2001 1355 2034 celdris

302 2062 322 2082 v
339 2051 433 2083 bollis
449 2051 537 2083 ordei
552 2055 635 2082 terre
655 2050 693 2081 de
717 2051 821 2091 Ferny
846 2051 885 2081 de
908 2051 1028 2082 eisdem
1051 2051 1205 2083 terminis.
1253 2052 1296 2083 Et
1316 2052 1354 2083 de

301 2101 381 2132 lxxx
412 2101 454 2138 n„
485 2104 567 2132 terre
598 2100 637 2131 de
669 2100 789 2131 Luthre
821 2100 859 2132 de
890 2101 1011 2132 eisdem
1042 2101 1195 2132 terminis.
1242 2101 1283 2132 Et
1315 2101 1354 2132 de

301 2151 390 2191 xxvij
408 2151 450 2186 n„
467 2154 548 2181 terre
572 2150 610 2181 de
636 2150 723 2181 Estir
744 2150 905 2191 Balgarvy
929 2153 962 2181 eh
989 2150 1108 2181 Westir
1129 2151 1289 2192 Balgarvy
1314 2151 1354 2182 de

300 2200 421 2232 eisdem
434 2200 588 2232 termitlis.
612 2200 654 2231 Et
670 2199 709 2231 de
724 2199 781 2240 xiij
796 2199 828 2231 H.
845 2200 876 2240 vj
891 2204 914 2231 ἒ.
931 2200 986 2240 viij
999 2200 1038 2237 (1.,
1047 2200 1059 2241 j
1078 2200 1184 2231 celdra
1200 2201 1245 2241 xij
1259 2200 1353 2232 bollis

302 2250 456 2282 frumenti
469 2251 481 2292 j
500 2250 605 2282 eeldra
618 2260 661 2281 xv
677 2249 770 2291 honis
787 2249 808 2291 ij
828 2249 949 2282 ferlotis
966 2261 1040 2282 cum
1054 2250 1126 2282 bina
1139 2254 1230 2292 parte
1239 2250 1352 2282 ferlote
