1551 2462
331 349 348 377 4
355 349 392 377 56
643 349 807 381 ROTULI
832 350 1067 382 SCACOARH
1293 352 1383 380 1467.

330 440 455 472 cionem
478 441 596 473 factam
620 442 704 474 dicto
728 446 950 484 computorum
974 443 1142 474 rotulatori
1165 443 1206 474 ad
1229 452 1384 483 expensas

331 489 486 522 domicilii
501 492 582 533 regis
599 492 633 523 in
649 493 742 523 certis
755 493 876 530 martis,
888 493 957 534 ipso
974 493 1096 524 fatente
1111 496 1277 534 receptum
1289 501 1385 533 super

331 544 527 581 computum,
543 551 586 572 xx
602 541 644 579 E,
659 552 716 582 pro
741 542 857 583 quibus
880 542 1092 583 respondebit.
1138 541 1181 573 Et
1199 542 1311 579 eidem,
1327 551 1384 582 pru

331 590 430 630 gagiis
443 589 635 622 verletorum
647 591 767 622 stabuli
778 591 901 623 domini
912 592 995 633 regis
1005 595 1037 623 et
1048 591 1183 622 aliorum
1193 591 1385 622 servitorum

331 640 536 671 manencium
552 641 638 681 apud
653 641 816 672 Faucland
832 651 906 672 cum
921 641 1011 682 equis
1022 641 1144 672 domini
1156 641 1238 682 regis
1251 640 1385 682 diversis

330 689 454 727 vicibus
481 700 538 730 per
563 694 691 731 tempus
714 692 866 731 computi,
890 694 928 722 ut
953 694 1044 732 patet
1067 691 1103 722 in
1126 691 1238 723 cedula
1254 701 1385 731 compu-

330 739 431 770 tantis
445 739 683 780 particularlter
705 741 888 772 examinata
908 752 1003 782 super
1026 745 1213 782 computum
1236 744 1269 772 et
1283 751 1384 772 rema-

332 792 429 821 nente
445 799 519 820 cum
533 790 647 821 rotulis
663 790 820 827 scaccarii,
843 790 922 831 xlvij
939 790 971 822 Ῐί.
988 791 1042 831 viij
1057 794 1079 821 s.
1097 791 1129 831 xj
1142 790 1170 821 d.
1217 791 1260 821 Et
1272 789 1384 827 eidem,

263 872 268 877 ,
330 849 388 880 pro
411 839 559 870 decimali
583 839 656 870 feno
673 839 757 880 prati
780 840 818 871 de
837 839 1076 881 Uchtermukty
1091 840 1195 871 locato
1219 850 1293 871 cum
1309 839 1384 871 feno

114 871 281 925 ξῖῗιᾚζξῗω
330 889 501 930 principali
517 889 600 929 prati
612 888 652 919 de
667 889 838 926 Faucland,
851 889 954 930 xxxiij
972 894 994 920 s.
1007 890 1053 930 iiij
1068 889 1096 920 d.
1143 890 1185 921 Et
1203 890 1314 928 eidem,
1326 899 1384 930 pro

330 939 404 969 feno
420 938 569 969 decimali
584 938 623 969 de
650 938 815 970 Faucland
840 939 943 970 locato
967 949 1041 970 cum
1056 939 1180 980 reliquo
1196 939 1278 976 feno,
1303 948 1324 970 v
1350 938 1382 969 n

329 989 372 1021 Et
388 988 500 1026 eidem,
515 998 573 1029 pro
596 988 813 1019 arconiacione
837 988 904 1019 feni
927 988 965 1020 de
989 989 1180 1026 Fauclande,
1197 999 1241 1019 xx
1261 993 1284 1020 ἓ.
1340 989 1384 1019 Et

330 1039 442 1076 eidem,
458 1047 515 1079 pro
538 1037 663 1069 duobus
679 1038 838 1069 archoniis
861 1038 929 1069 feni
947 1038 1063 1079 emptis
1086 1038 1127 1069 ad
1150 1048 1244 1069 usum
1260 1038 1384 1069 domini

330 1089 411 1130 regis
438 1088 477 1119 de
504 1087 656 1119 mandato
686 1091 909 1128 computorum
939 1087 1131 1126 rotulatoris‚
1162 1088 1231 1129 ipso
1262 1088 1384 1119 fatente

329 1137 527 1175 mandatum,
543 1141 576 1168 et
588 1137 769 1178 expenditis
785 1137 820 1168 in
843 1148 938 1169 usum
955 1138 1082 1176 stabuli,
1099 1149 1120 1169 x
1135 1138 1167 1170 fi.
1213 1138 1256 1169 Et
1272 1138 1384 1176 eidem,

329 1199 387 1230 pro
403 1189 538 1220 diversis
555 1187 703 1230 expensis
727 1188 819 1219 factis
842 1198 898 1229 per
914 1191 1155 1229 computantem
1178 1188 1262 1220 circa
1278 1191 1383 1220 custo-

330 1240 417 1270 diam
441 1238 625 1279 octuaginta
647 1241 823 1268 martarum
844 1241 1026 1279 emptarum
1052 1238 1094 1269 ad
1115 1237 1326 1269 lardinarium
1342 1238 1383 1270 de

331 1288 484 1320 Strivelin
507 1291 541 1319 et
562 1292 721 1319 certarum
748 1287 883 1318 aliarum
908 1291 1085 1319 martarum
1108 1290 1282 1329 pastarum,
1298 1287 1383 1329 capi-

329 1339 412 1372 endo
427 1348 484 1380 pro
501 1337 645 1369 custodia
668 1340 843 1368 martarum
858 1337 892 1368 in
909 1337 959 1368 die
983 1341 1053 1369 octo
1069 1337 1223 1375 denarios,
1239 1347 1296 1378 per
1311 1347 1384 1369 cen-

330 1395 401 1420 tum
424 1393 456 1420 et
483 1389 592 1420 decem
616 1387 691 1424 dies,
707 1387 754 1428 iiij
772 1387 803 1418 112
822 1387 852 1427 vj
878 1391 899 1418 ἔ,
917 1387 974 1427 viij
991 1387 1020 1418 d.
1066 1387 1109 1418 Et
1124 1387 1237 1424 eidem,
1254 1397 1383 1428 compu-

329 1439 413 1470 tanti
429 1449 486 1480 pro
502 1441 640 1479 quatuor
655 1437 799 1468 rethibus
815 1437 856 1468 ad
871 1436 978 1468 lacum
993 1437 1032 1468 de
1056 1437 1161 1477 Rossy
1177 1436 1216 1468 de
1231 1436 1383 1467 mandato

330 1489 466 1526 concilii,
508 1490 732 1528 computorum
781 1486 957 1517 rotulatore
1005 1489 1146 1517 testante
1183 1486 1382 1523 mandatum,

330 1538 407 1578 xxvj
425 1542 447 1569 s.
464 1537 521 1577 viij
547 1537 576 1567 d.
622 1536 665 1567 Et
689 1536 800 1573 eidem,
824 1546 883 1576 pro
906 1536 1055 1577 expensis
1081 1536 1175 1567 factis
1200 1546 1295 1576 super
1318 1546 1383 1567 uno

330 1587 484 1619 servitore
508 1589 605 1617 eunte
631 1585 778 1626 pluribus
808 1585 933 1616 vicibus
965 1595 1039 1616 cum
1069 1585 1239 1621 frumento,
1270 1585 1383 1622 brasio,

330 1637 514 1678 caponibus,
530 1639 562 1666 et
577 1635 648 1666 aliis
671 1634 857 1666 necessariis
881 1634 921 1665 ad
946 1634 1136 1675 Edinburgh
1152 1637 1184 1665 et
1200 1634 1383 1675 Striveling,

331 1697 371 1718 ex
387 1685 641 1718 consideracione
658 1684 840 1715 auditorum
863 1684 904 1715 ad
919 1694 1058 1725 presens,
1075 1694 1119 1715 xx
1142 1688 1165 1715 s.
1211 1684 1254 1714 Et
1269 1684 1382 1722 eidem,

330 1747 387 1779 pro
405 1739 528 1768 tectura
543 1738 576 1766 et
591 1734 793 1775 reparacione
809 1733 932 1765 ustrine
949 1733 987 1764 de
1003 1733 1175 1770 Faucland,
1191 1737 1228 1764 ut
1243 1737 1332 1775 patet
1348 1734 1383 1764 in

332 1786 443 1818 cedula
460 1785 685 1826 computantis,
712 1793 756 1814 xx
779 1787 801 1815 s.
847 1783 890 1814 Et
913 1783 1024 1820 eidem,
1047 1793 1104 1824 pro
1129 1783 1220 1815 feodo
1244 1794 1302 1815 suo
1325 1793 1383 1825 pro

333 1837 457 1868 factura
473 1835 639 1875 sexaginta
661 1832 840 1864 eeldrarum
864 1833 961 1863 brasii
984 1833 1148 1863 firmarum
1176 1832 1214 1863 de
1237 1832 1328 1874 Fyffe
1344 1833 1383 1864 de

333 1896 449 1928 croppo
466 1884 542 1916 anni
558 1883 765 1925 precedentis,
780 1883 812 1924 vj
829 1882 861 1913 11
900 1882 942 1913 Et
953 1882 1160 1923 computanti,
1173 1892 1229 1923 pro
1240 1883 1384 1914 custodia

331 1936 466 1967 manerii
483 1935 521 1966 de
538 1932 716 1970 Faukland,
731 1942 854 1963 necnon
871 1941 927 1973 pro
950 1931 1042 1963 feodo
1059 1942 1115 1963 suo
1134 1932 1169 1962 in
1185 1931 1296 1963 officiis
1311 1942 1382 1963 sen-

330 1985 500 2018 escallatus
516 1987 549 2015 et
564 1982 789 2014 camerariatus
805 1981 889 2012 infra
904 1981 1082 2012 dominium
1098 1981 1136 2012 de
1153 1981 1223 2019 Fiff,
1240 1981 1278 2013 de
1293 1992 1382 2012 man-

332 2037 407 2068 dato
424 2034 547 2067 domini
561 2033 644 2074 regis
667 2031 844 2063 literatorie
867 2031 927 2062 sub
950 2031 1074 2072 signeto
1090 2034 1122 2062 et
1145 2031 1382 2072 subscripcione

331 2090 457 2118 ostenso
474 2094 569 2126 super
585 2084 780 2123 computum,
797 2084 891 2122 prout
907 2080 1063 2118 custodes,
1079 2080 1251 2117 camerarii,
1263 2084 1296 2111 et
1311 2090 1382 2111 sen-

331 2136 441 2168 escalli
456 2132 591 2166 manerii
607 2136 639 2163 et
654 2131 789 2162 dominii
812 2131 1027 2172 predictorum
1051 2130 1212 2171 percipere
1228 2140 1381 2161 consuev-

331 2189 434 2224 erunt,
460 2181 641 2215 mandando
668 2191 708 2212 ex
734 2179 989 2211 consideracione
1016 2179 1205 2216 auditorum,
1229 2179 1268 2210 de
1298 2189 1382 2210 anno

330 2289 362 2317 et
378 2288 448 2316 octo
475 2282 569 2314 bollis
596 2290 770 2312 avenarum
797 2279 977 2321 expenditis
1003 2289 1060 2319 per
1085 2281 1211 2319 tempus
1238 2279 1380 2320 computi
