1551 2462
219 344 384 373 Respondebit

220 374 349 403 Kingorne.

219 497 384 526 Respondebit

218 527 348 556 Kingorne.

219 1491 382 1521 Respondebit

217 1522 349 1551 ffingorne.

217 1696 297 1720 Soluti
308 1703 350 1726 per

218 1727 354 1756 Lyndesay.

218 1895 383 1925 Respondebit

218 1927 348 1955 Kingorne.

220 2048 299 2071 Soluti
310 2054 352 2076 per

217 2077 350 2107 Lyndesay.

436 228 475 256 60
586 235 590 239 ’
738 225 902 257 ROTULI
926 225 1161 258 SCACCARII
1391 231 1481 260 1461.

431 318 594 360 jelxxxxiij
619 318 652 349 n.
675 318 730 359 viij
756 323 778 350 s.
799 319 812 359 j
836 318 875 355 (1.,
897 329 954 360 pro
978 319 1094 360 quibus
1110 314 1323 360 respondebit.
1367 321 1410 352 Et
1425 331 1482 362 per

433 369 656 400 liberacionem
687 369 805 399 factam
835 368 937 400 eidem
976 369 1104 400 domino
1142 369 1282 401 Henrico
1320 370 1352 401 in
1386 371 1481 402 certis

433 419 598 460 speciebus
628 419 742 459 emptis
773 428 829 459 per
861 422 1096 459 competentem
1127 419 1166 450 ab
1200 419 1306 450 Adam
1337 420 1420 451 Cant
1449 423 1482 451 eh

433 468 575 499 liberatis
605 467 690 498 dicto
728 467 856 498 domino
894 467 1035 499 Henrico
1073 467 1112 498 ad
1151 467 1277 498 easdem
1316 479 1479 509 expensas,

433 517 512 558 xxiij
537 517 568 547 Π,
589 516 655 556 xvij
681 520 704 548 s.
722 515 768 556 iiij
794 515 832 552 d„
848 526 904 556 pro
926 516 1042 557 quibus
1064 516 1165 547 eciam
1180 517 1393 557 respondebit.
1438 518 1481 549 Et

434 567 545 603 eidem,
562 565 600 597 de
616 565 713 596 firmis
730 569 885 596 terrarum
897 565 935 596 de
955 565 1204 607 Buehquhopill,
1215 566 1430 598 existencium
1445 567 1481 598 in

433 618 579 648 manibus
617 615 741 648 heredis
779 615 940 655 quondam
971 615 1101 646 Roberti
1132 615 1231 656 Nory,
1261 616 1299 647 de
1330 616 1480 648 mandato

433 667 561 698 domine
584 665 699 706 regine,
723 664 853 696 custode
876 664 993 704 privati
1017 664 1113 704 sigilli
1136 667 1276 696 testante
1293 666 1481 697 mandatum

432 727 528 757 super
558 718 739 755 compotum
770 714 809 744 de
840 724 923 745 auno
954 714 1100 754 compoti,
1124 713 1170 754 iiij
1196 714 1228 746 Π.
1273 715 1316 746 Et
1344 715 1481 757 Gilegar,

433 766 562 802 stalkar,
577 775 634 805 pro
651 764 750 794 firmis
773 767 927 794 terrarum
951 763 1012 794 sibi
1035 763 1252 795 assedatarum
1275 774 1314 796 ex
1331 765 1482 798 mandato

433 815 560 847 domine
576 814 683 855 regine
699 813 738 844 de
755 823 839 844 anno
856 813 994 853 compoti
1017 816 1049 844 et
1065 814 1200 844 termino
1216 814 1404 854 precedente
1421 815 1482 846 hoc

433 868 617 905 compotum
647 863 706 893 sub
737 862 830 893 dictis
862 862 1045 893 testimonio
1075 866 1107 893 et
1130 863 1280 903 periculo,
1303 863 1337 904 iij
1361 863 1394 895 Π.
1438 864 1482 895 Et

432 914 540 946 David
556 913 716 948 Ruthven,
729 922 785 953 pro
797 911 889 942 feodo
902 921 958 943 suo
976 911 1013 942 de
1025 921 1108 942 anno
1119 912 1266 952 compoti,
1278 922 1317 943 ex
1330 913 1481 944 mandato

432 965 548 1005 regine,
575 961 705 993 custode
731 961 847 1001 privati
874 960 971 1001 sigilli
1001 964 1139 992 testante
1169 961 1358 994 mandatum
1388 973 1483 1003 super

433 1011 625 1054 compot'um,
642 1021 660 1042 v
678 1011 709 1042 fi.
754 1011 797 1042 Et
812 1010 959 1050 serjando
975 1010 1014 1041 de
1030 1010 1228 1051 Tulycultre,
1244 1021 1300 1051 pro
1317 1011 1408 1043 feodo
1424 1023 1482 1051 suo

432 1064 471 1095 de
487 1072 570 1094 anno
587 1060 725 1102 compoti
741 1060 800 1093 sub
824 1059 964 1100 periculo
987 1060 1208 1100 competentis,
1232 1071 1276 1094 xx
1299 1065 1322 1092 s.
1368 1062 1411 1093 Et
1426 1072 1483 1093 sex

432 1112 640 1155 grabantibus
655 1111 691 1141 in
707 1109 858 1150 hospitali
875 1109 1003 1141 domine
1026 1110 1133 1150 regine
1156 1110 1190 1140 iu
1206 1114 1315 1142 monte
1332 1112 1427 1142 castri
1442 1112 1482 1143 de

434 1162 596 1203 Strivelyn
623 1171 662 1193 ex
687 1159 838 1191 mandato
864 1159 981 1199 regine,
998 1159 1036 1190 de
1062 1169 1145 1191 auno
1162 1161 1300 1201 compoti
1321 1161 1380 1192 sub
1397 1162 1482 1193 dicto

432 1211 624 1248 testimonio,
661 1210 695 1240 ix
732 1209 763 1241 fi.
824 1209 866 1239 Et
911 1218 968 1249 pro
1006 1208 1296 1252 quinquiesviginti
1333 1211 1481 1243 oneribus

432 1262 604 1293 carbonum
623 1259 804 1291 deliberatis
820 1269 876 1299 per
892 1262 1127 1298 compotantem
1144 1259 1262 1290 eisdem
1274 1260 1482 1300 grabantibus

433 1313 492 1343 sub
516 1311 610 1342 dictis
637 1309 788 1341 mandato
811 1312 843 1339 et
866 1308 1059 1344 testimonio,
1075 1308 1155 1338 varii
1178 1309 1283 1349 precii,
1300 1309 1355 1340 xlv
1369 1315 1393 1341 s.
1440 1311 1483 1342 Et

432 1372 488 1404 per
504 1361 698 1392 solucionem
715 1359 832 1390 factam
855 1357 957 1388 eidem
982 1356 1110 1388 domino
1134 1357 1283 1396 Heurico,
1299 1360 1482 1397 senescallo,

433 1413 466 1443 in
484 1411 577 1442 certis
600 1409 684 1440 vasis
708 1408 845 1448 lingueis
868 1407 908 1437 ad
933 1417 1026 1437 usum
1050 1406 1204 1438 domicilii
1221 1408 1348 1440 domine
1364 1410 1482 1450 regine,

432 1461 501 1502 ipso
517 1458 690 1491 senescallo
707 1458 827 1489 fatente
843 1460 1004 1497 receptum
1030 1466 1125 1496 super
1148 1461 1339 1498 compotum,
1355 1460 1433 1490 xxix
1449 1464 1483 1497 5.,

433 1521 489 1552 pro
519 1509 636 1550 quibus
673 1506 884 1547 respondebib.
930 1506 971 1536 Et
1009 1515 1065 1546 per
1101 1505 1326 1538 liberacionem
1365 1509 1481 1540 factam

434 1560 562 1591 domino
585 1557 727 1589 Heurico
750 1556 923 1596 Kingorue,
943 1555 1116 1586 senescallo
1140 1555 1267 1587 domine
1291 1558 1405 1598 regine,
1426 1568 1483 1599 per

434 1619 548 1641 manus
580 1606 720 1639 custodis
751 1605 869 1647 privati
896 1604 1002 1645 sigilli,
1018 1604 1052 1636 in
1082 1604 1300 1637 soluciouibus
1325 1610 1482 1638 certarum

434 1667 645 1700 expensarum
676 1656 760 1687 dicte
792 1654 918 1685 domine
949 1654 1057 1694 regine
1095 1664 1151 1695 per
1188 1655 1295 1695 ipsum
1325 1656 1418 1688 factis
1448 1657 1483 1688 in

435 1707 616 1744 Durisdere,
632 1705 767 1741 Lunai-k,
782 1708 815 1735 eb
832 1704 966 1745 Lithqw,
980 1703 1054 1740 sale,
1070 1704 1164 1735 certis
1181 1705 1291 1736 martis
1308 1710 1339 1737 et
1355 1711 1482 1738 muton-

433 1759 505 1790 ibus
521 1757 586 1798 regi
614 1760 645 1788 et
661 1755 767 1797 regine
791 1753 908 1794 Anglie
931 1753 1085 1790 liberatis,
1109 1757 1141 1784 et
1165 1753 1235 1785 aliis
1258 1759 1404 1787 oncostez
1426 1767 1484 1797 per
1525 1750 1528 1751 ⁷

433 1809 537 1849 ipsum
570 1805 662 1837 factis
693 1808 725 1835 eb
754 1803 882 1834 intratis
909 1802 942 1832 in
968 1802 1058 1833 libris
1085 1802 1239 1834 domicilii
1269 1805 1384 1845 regine,
1414 1807 1482 1847 ipso

433 1857 562 1889 domiuo
586 1854 726 1888 Henrico
749 1853 870 1884 fatente
893 1855 1056 1892 receptum
1079 1862 1174 1892 super
1198 1859 1389 1894 compotum,
1405 1855 1426 1896 lj
1450 1855 1482 1887 Η.

435 1907 478 1947 vij
496 1911 518 1937 s.
537 1905 566 1946 xj
585 1904 624 1941 d„
640 1913 696 1944 pro
712 1902 828 1943 quibus
845 1901 1049 1942 respondebit
1073 1901 1177 1933 dictus
1194 1903 1395 1936 senescallus.
1440 1905 1483 1936 Et

434 1957 547 1992 eidem,
574 1964 630 1995 per
653 1952 848 1984 solucionem
873 1951 990 1982 factam
1017 1950 1101 1982 dicto
1118 1952 1291 1984 senescallo
1315 1954 1483 1995 Kingorne

434 2017 490 2047 per
520 2013 633 2036 manus
657 2001 798 2044 ejusdem
823 2000 962 2031 custodis
985 2000 1101 2041 privati
1132 2001 1238 2042 sigilli,
1261 2002 1295 2032 in
1322 2003 1484 2035 solucione

434 2056 532 2087 trium
557 2057 742 2094 quartarum
767 2050 847 2081 libre
872 2050 963 2086 croci,
988 2054 1059 2081 octo
1083 2049 1301 2082 duodenarum
1325 2052 1388 2084 tele
1410 2053 1484 2091 late,

434 2105 570 2135 duarum
601 2103 755 2134 laetarum
780 2099 865 2136 birri,
896 2103 966 2130 octo
997 2099 1145 2130 bariliuin
1177 2100 1253 2131 birri
1285 2101 1484 2143 Hamburgh,

435 2154 514 2185 vai-ii
540 2151 646 2193 precii,
674 2154 706 2182 et
731 2150 922 2181 intraturum
947 2148 979 2179 in
998 2148 1091 2180 dictis
1115 2148 1204 2181 libris
1228 2149 1390 2189 domicilii,
1415 2152 1483 2193 ipso
