1551 2462
151 1137 216 1159 Nota
227 1136 265 1159 hic
276 1137 306 1160 de

152 1166 331 1196 Murthocarny.

369 276 429 305 104
679 275 844 307 ROTULI
869 274 1106 307 SOAOOARH
1329 275 1419 304 1461.

410 367 502 405 Item,
519 367 605 399 idem
621 371 730 399 onerat
745 378 778 399 se
803 368 840 399 de
857 369 933 408 xxvj
952 372 974 399 Ξ.
991 368 1047 408 viij
1065 368 1093 399 d.
1112 367 1150 398 de
1163 367 1263 398 firmis
1286 365 1419 408 pecuni-

365 427 456 447 arum
486 417 525 449 de
549 417 759 459 Marystoune
783 417 817 448 in
840 417 1000 458 quarterio
1025 417 1064 448 de
1095 417 1191 458 Edyn
1221 416 1259 448 de
1282 415 1420 447 termino

366 466 593 499 Penthecostes
609 467 693 498 infra
715 467 774 498 hoc
797 470 989 508 compotum,
1006 467 1097 507 cujus
1120 476 1226 507 grana,
1241 464 1418 505 videlicetj

366 516 471 547 celdra
496 527 517 547 x
542 517 626 548 bolle
651 517 672 557 ij
698 517 809 548 ferlote
831 516 852 557 ij
881 526 976 557 pecee
1000 526 1182 553 avenarum,
1207 516 1363 547 debenbur
1385 514 1419 545 in

365 566 502 597 termino
527 566 634 597 Sancti
659 566 801 598 Marnini.
847 566 889 597 El:
913 566 950 597 de
975 566 1006 607 vj
1024 570 1046 597 S.
1070 566 1126 606 viij
1147 566 1175 596 d.
1200 568 1356 597 terrarum
1379 564 1419 595 de

365 614 549 655 Murysfeld
566 615 604 646 de
621 615 730 646 eodem
754 615 898 646 termino.
946 615 987 645 Et
1011 615 1049 646 de
1072 615 1128 655 viij
1147 615 1178 646 11.
1195 611 1354 646 terrerum
1377 613 1417 645 de

365 664 569 705 Ramorgany
592 668 623 695 et
647 664 807 695 Lawfelde
832 664 870 695 de
895 664 979 695 (110130
1003 664 1147 695 termino.
1194 664 1236 696 Et
1259 664 1298 696 de
1321 664 1365 704 vij
1382 663 1416 694 11.

366 714 397 754 vj
415 718 439 745 S.
462 714 519 755 viij
537 714 566 745 d.
590 717 748 745 terrarum
771 714 810 745 de
834 714 939 754 Ferny
963 714 1001 745 de
1025 714 1136 745 eodem
1159 715 1296 746 termino
1326 714 1419 754 cujus

364 774 471 804 grana,
488 764 638 795 videlieet
650 764 662 804 j
681 763 787 794 celdra
800 764 856 804 xiij
875 763 958 794 bolle
976 763 1130 794 frumenti
1145 764 1166 804 ij
1186 763 1290 795 celdre
1301 774 1321 794 v
1333 763 1419 795 bolle

365 813 460 850 ordei,
477 813 633 844 debentur
655 816 692 844 ub
715 823 818 854 Supra.
864 813 907 844 Eu
930 813 968 844 (10
992 813 1068 854 xxvj
1086 813 1118 844 fi.
1143 814 1198 854 xiij
1216 818 1238 845 Ξ.
1263 813 1309 854 iiij
1327 813 1356 844 d.
1380 812 1420 844 de

365 863 465 893 firmis
482 863 558 894 ville
575 863 613 893 de
637 863 761 903 Luthry
778 863 816 893 de
839 862 924 893 dicto
940 863 1078 893 termino
1095 863 1330 894 Penthecosbes.
1375 862 1419 893 Et

365 912 404 943 de
420 913 453 942 ix
469 912 501 944 fi.
519 917 676 943 terrarum
699 912 737 943 de
761 911 1003 953 Estirbalgarvy
1027 915 1059 942 et
1081 912 1357 953 Westirbalgarvy
1379 911 1419 943 de

365 961 452 992 dieto
464 962 607 993 termino.
654 961 695 992 Et
708 961 746 992 de
762 961 793 1001 vj
806 960 838 992 fi.
856 961 911 1001 xiij
925 965 949 992 S.
965 961 1020 1001 iiij.
1034 960 1062 991 d.
1076 964 1232 992 terrarum
1246 961 1284 992 de
1300 961 1330 992 le
1347 961 1419 992 Sbar

366 1011 403 1042 de
428 1011 512 1041 dieto
535 1011 681 1048 termino,
697 1011 788 1050 cujus
812 1020 918 1050 grana,
937 1010 1086 1041 videlicet,
1106 1010 1119 1050 j
1144 1010 1248 1041 celdra
1272 1010 1316 1051 xij
1334 1009 1419 1041 holle

366 1061 520 1092 frumenti
533 1061 546 1101 j
560 1061 665 1092 celdra
681 1071 724 1091 xv
748 1060 832 1091 holle
848 1060 870 1101 ij
890 1060 1001 1091 ferlote
1018 1070 1091 1091 cum
1107 1060 1183 1091 bina
1199 1063 1288 1101 parte
1304 1059 1416 1091 ferlote

365 1110 461 1147 ordei,
477 1110 633 1141 debenbur
649 1113 685 1140 ub
701 1120 804 1150 supra.
851 1110 894 1140 Et
916 1109 955 1140 (10
978 1109 1034 1150 xiij
1055 1109 1087 1140 Ti.
1104 1109 1136 1150 vj
1154 1113 1177 1141 ἔ.
1194 1110 1248 1150 viij
1267 1109 1295 1140 d.
1319 1112 1418 1140 terra-

365 1170 436 1190 rum
454 1160 492 1191 de
508 1159 742 1200 Murthoearny
766 1159 804 1190 de
828 1158 913 1189 dioto
936 1159 1083 1195 termino,
1106 1159 1161 1189 sed
1185 1161 1420 1190 consueverunt

366 1209 505 1240 assedari
539 1209 573 1239 in
604 1209 736 1249 antiquo
763 1208 879 1239 rentali
906 1208 1073 1239 annuatim
1096 1218 1152 1249 pro
1183 1218 1297 1239 novem
1327 1208 1418 1239 libris

366 1258 490 1289 duabus
506 1258 619 1289 eeldris
636 1262 773 1298 quatuor
797 1257 890 1288 bouis
907 1257 1061 1288 frumenti
1077 1257 1199 1289 duabus
1216 1258 1330 1289 oeldris
1345 1258 1417 1289 tris-

365 1308 469 1339 decim
485 1307 579 1339 bollis
595 1307 691 1344 ordei,
708 1310 740 1338 et
755 1307 852 1338 fiebat
867 1307 1007 1338 mutacio
1020 1318 1189 1348 granorum
1205 1307 1237 1338 in
1249 1308 1418 1349 pecuniam

365 1360 495 1398 propter
511 1357 652 1397 inopiam
668 1356 915 1388 husbandorum.
961 1356 1003 1387 Et
1020 1356 1059 1387 de
1075 1367 1096 1386 x
1112 1356 1143 1387 11'.
1161 1367 1204 1387 xv
1221 1360 1244 1387 S.
1260 1359 1417 1388 terrarum

365 1407 404 1437 de
435 1406 584 1437 Rathulit
607 1406 646 1437 de
670 1406 780 1437 eodem
811 1406 957 1442 termino,
988 1406 1078 1446 eujus
1101 1416 1208 1446 grana,
1232 1406 1382 1437 videlicet
1401 1406 1415 1447 j

364 1506 522 1536 debentur
538 1508 575 1535 ut
590 1514 692 1544 snpra.
738 1504 781 1534 Et
804 1503 843 1535 de
866 1504 901 1534 xl
917 1508 939 1535 S.
958 1503 996 1535 de
1013 1504 1111 1535 firmis
1135 1504 1311 1535 molendini
1334 1505 1417 1545 ejus-

364 1555 437 1585 dem
453 1554 491 1585 de
507 1553 617 1585 eodem
633 1553 778 1584 termino.
824 1553 866 1583 Et
883 1553 921 1584 de
937 1553 992 1593 viij
1010 1553 1041 1584 fi.
1059 1554 1090 1594 vj
1108 1558 1131 1585 ἓ.
1148 1554 1204 1594 viij
1222 1553 1250 1585 d.
1261 1557 1416 1585 terrarum

364 1604 403 1634 (10
435 1603 561 1643 Ardaty
584 1602 623 1633 de
653 1602 764 1633 eodem
785 1602 940 1640 termino,
966 1603 1056 1643 eujus
1079 1613 1185 1644 grana,
1208 1603 1359 1635 videlicet
1381 1603 1416 1644 iij

364 1751 475 1783 eodem
498 1750 642 1781 termino.
689 1750 731 1780 Ε(
754 1750 792 1781 (10
815 1761 837 1780 X
869 1750 900 1781 fi.
926 1753 1082 1782 terrarum
1113 1751 1152 1782 de
1179 1752 1346 1783 Estirdron
1377 1752 1416 1784 de

364 1801 474 1832 eodem
491 1800 636 1836 hermino,
660 1799 751 1839 cujus
773 1809 879 1840 grana,
903 1800 1053 1831 videliceb
1076 1801 1097 1842 ij
1123 1801 1227 1832 celdre
1251 1801 1306 1842 viij
1331 1801 1415 1833 bolle

363 1851 398 1891 iij
417 1850 519 1881 celdre
542 1849 563 1889 ij
589 1848 672 1880 bolle
695 1848 790 1886 ordei,
807 1849 963 1879 debentur
985 1853 1022 1880 ut
1045 1860 1147 1890 supra.
1193 1850 1235 1881 Et
1258 1850 1296 1882 de
1319 1850 1367 1891 liij
1391 1855 1415 1883 ἓ.

364 1901 409 1942 iiij
428 1900 457 1931 (1,
475 1899 513 1930 (10
530 1898 629 1929 firmis
645 1897 819 1929 molendini
836 1898 979 1938 ejusdem
1002 1899 1040 1930 de
1057 1900 1167 1930 eodem
1183 1901 1327 1932 termino.
1372 1901 1416 1932 Et

365 1950 404 1981 de
421 1960 441 1980 x
457 1949 488 1979 fi.
506 1953 661 1979 terrarum
677 1947 715 1978 de
732 1947 967 1978 Thomastoune
983 1958 1055 1979 cum
1072 1949 1255 1981 molendino
1271 1950 1414 1990 ejusdem

366 2046 522 2079 Bonefeld
539 2047 577 2077 de
594 2046 704 2077 eodem
720 2045 864 2076 termino.
911 2046 953 2076 Et
977 2045 1014 2076 de
1031 2056 1051 2076 v
1075 2046 1106 2078 11.
1124 2047 1162 2078 (10
1178 2047 1278 2079 firmis
1293 2048 1414 2079 molen-

366 2097 434 2128 dini
452 2096 582 2126 fullonis
598 2098 630 2126 et
649 2093 753 2125 warde
769 2094 808 2125 (10
828 2095 934 2135 Cupro
958 2094 996 2125 de
1021 2095 1105 2126 dieto
1129 2096 1272 2127 termino.
1317 2097 1359 2128 Et
1375 2097 1414 2128 de

365 2148 399 2187 iij
417 2147 448 2177 l'i.
466 2146 496 2186 vj
515 2150 538 2176 S.
563 2145 618 2185 viij
643 2144 671 2175 (1.
697 2144 735 2175 de
758 2143 858 2174 firmis
881 2143 1057 2175 molendini
1081 2145 1119 2176 de
1144 2145 1234 2176 Bello
1250 2145 1288 2177 de
1304 2146 1414 2177 eodem

366 2196 510 2227 termino.
556 2195 597 2226 Et
614 2194 652 2225 de
680 2193 780 2233 xxxiij
810 2197 832 2224 S.
862 2193 907 2234 iiij
936 2193 966 2225 d.
993 2197 1148 2225 terrarum
1172 2195 1210 2226 de
1227 2195 1359 2227 Parkhil
1375 2195 1414 2227 de

1527 1834 1551 2462 -Ψεέἀὶἒὲζὴῖῧ-Διυξιιῡᾱρὓὲωψῇμᾲιιμκ
1534 1644 1551 1818 ama-...insss-
1544 1599 1551 1630 ,Ἦ
1540 1551 1551 1586 Α).
1547 1525 1551 1528 .
