1551 2462
96 2099 252 2132 Menteth.

306 175 367 203 248
616 171 781 204 ROTULI
806 170 1043 204 SOACOARII
1266 172 1280 200 1
1287 171 1356 200 464.

306 265 405 296 Stank
423 265 458 296 in
481 265 612 296 baronia
634 265 674 297 (18
697 266 938 307 Strongartnay,
954 267 1060 306 preter
1082 274 1189 306 grana,
1206 263 1355 295 videlieess

301 318 314 358 j
334 317 452 348 bollam
479 317 567 349 ordei
579 318 592 358 j
616 321 739 355 muton,
756 317 794 349 de
818 317 956 348 termino
980 316 1090 348 Sancti
1112 315 1250 348 Martini
1271 315 1356 346 infra

304 367 365 398 1108
392 370 585 408 computum.
632 367 675 398 Et
701 367 741 399 de
768 378 789 397 x
817 371 839 398 5.
867 370 950 398 terre
966 367 1005 398 de
1032 365 1177 398 Camach
1204 365 1243 396 de
1270 364 1355 396 dioto

304 417 450 455 termino,
466 420 572 458 preter
584 417 596 458 j
615 417 734 448 bollam
750 417 837 448 ordei
859 419 891 448 et
903 417 915 458 j
934 420 1054 448 muton.
1100 416 1143 448 Et
1163 415 1202 447 (18
1218 426 1261 446 xv
1277 420 1299 447 5.
1317 415 1356 446 de

305 467 566 508 Correquhorme,
575 470 682 508 preter
688 469 700 506 j
711 467 831 498 hollam
845 467 932 498 ordei
942 470 974 498 et
981 468 993 508 j
1006 469 1126 498 muton„
1151 466 1193 497 Et
1203 466 1242 497 de
1251 465 1354 506 xxxiij

304 567 347 597 Et
362 566 401 597 (18
432 567 508 607 xxvj
533 571 556 598 5.
581 567 636 607 viij
661 566 691 598 d.
718 570 800 598 terre
827 567 866 598 de
890 566 1070 607 Mystoune,
1085 569 1192 607 preter
1214 566 1236 606 ij
1254 565 1355 596 bonas

304 616 391 647 ordei
406 619 439 648 et]
454 616 476 657 1]
493 620 613 648 muton.
660 617 702 647 Et
718 617 756 648 de
769 617 782 657 j
800 616 906 648 celdra
923 617 1039 648 farrine
1055 617 1219 648 avenatice
1235 615 1354 646 molen-

305 666 373 697 dini
389 666 531 707 ejusdem
555 666 593 697 de
610 666 695 697 dicto
713 666 858 703 termino,
875 666 951 707 quia
966 670 1044 697 tuno
1060 666 1204 697 redditur
1220 668 1355 696 tantum.

304 716 347 746 Et
377 715 416 746 de
439 726 483 746 xx
507 719 529 746 5.
553 719 635 747 terre
659 716 697 747 de
721 717 906 757 Banegarry,
922 719 1029 757 preter
1051 716 1073 756 ij
1098 715 1199 746 bollas
1223 715 1308 746 ordei
1331 715 1353 755 ij

304 768 427 803 muton,
451 765 489 796 (18
513 766 598 797 dicto
625 765 770 797 termino.
817 766 859 796 Et
883 765 923 796 (18
945 765 1012 806 xlvj
1038 768 1061 797 5.
1085 765 1141 806 viij
1166 765 1194 797 d.
1212 768 1293 796 terre
1317 763 1356 795 de

304 815 463 856 Lfflmrky,
479 819 583 856 preter
605 814 627 856 ij
653 815 754 846 bollas
783 815 871 846 ordei
886 815 920 855 11]
946 819 1084 846 mutoun
1110 815 1149 846 de
1173 815 1300 852 eisdem,
1324 818 1356 845 et

305 865 550 906 Cassildrapare.
596 866 638 896 Et
662 865 700 896 de
724 865 756 906 xj
774 869 797 896 5.
814 865 870 905 viij
888 865 916 896 d.
935 864 973 896 de
1000 865 1201 906 Corscamby,
1217 868 1322 905 preter
1341 865 1354 905 j

305 915 425 945 bollam
449 914 537 945 ordei
557 915 569 955 j
595 917 716 945 muton.
763 915 805 945 Et
828 914 867 945 (18
891 915 922 955 xj
941 919 964 945 5.
980 915 1036 955 viij
1055 914 1084 947 d.
1101 915 1139 946 de
1163 914 1294 946 Offeren
1317 914 1356 946 (18

305 964 465 1004 Lanarky,
488 967 595 1004 preter
614 964 627 1004 j
652 964 772 995 bellam
807 963 893 994 ordei
914 964 925 1004 j
950 967 1071 996 muton.
1124 964 1168 995 En
1197 964 1236 995 (18
1266 965 1298 1005 xj
1331 967 1357 996 5.

306 1014 362 1054 viij
387 1014 416 1044 d.
440 1013 479 1045 (18
503 1013 760 1054 Hfflirbrigende,
783 1016 889 1054 preter
909 1013 921 1054 j
946 1013 1065 1045 bonam
1088 1014 1176 1045 ordei
1194 1015 1207 1055 j
1236 1017 1357 1045 muton.

306 1063 349 1094 Et
365 1062 403 1094 de
419 1063 450 1103 xj
468 1066 491 1094 5.
508 1063 564 1103 viij
583 1062 611 1094 d.
628 1060 667 1094 (18
683 1063 972 1104 Drumquhargane
987 1066 1095 1104 preter
1105 1063 1118 1104 j
1136 1063 1254 1094 bollam
1271 1063 1358 1094 ordei

303 1113 316 1153 j
348 1115 493 1144 mutoun.
538 1112 581 1143 Et
607 1113 646 1144 de
676 1112 743 1153 xlvj
769 1117 791 1143 5.
817 1112 871 1153 viij
889 1112 917 1143 d.
942 1112 982 1143 (18
1004 1112 1267 1154 Westirbrigend,
1282 1113 1358 1144 Twa

306 1162 465 1199 Duffonis,
476 1172 547 1193 811111
558 1161 664 1193 media
675 1165 764 1203 parte
777 1162 815 1193 (18
831 1160 921 1203 Larg,
932 1162 1036 1193 media
1047 1165 1137 1203 parte
1150 1162 1189 1194 de
1201 1162 1359 1194 Dontffla-

306 1215 427 1251 gartan,
443 1214 548 1251 preter
559 1211 602 1251 vij
621 1211 722 1242 bonas
734 1211 820 1242 ordei
835 1211 880 1252 vij
897 1214 1019 1249 1111113011>
1032 1211 1071 1242 (18
1087 1211 1198 1243 eodem
1212 1211 1357 1243 termino.

306 1261 349 1291 Et
362 1260 400 1292 (18
413 1260 488 1301 xxvj
504 1264 527 1292 5.
539 1261 595 1301 viij
610 1260 726 1292 d.terre
737 1261 776 1292 de
791 1261 974 1292 Knokkane
987 1264 1019 1292 eb
1035 1261 1358 1293 Westircamsohane-

306 1310 489 1347 knokkane,
512 1314 617 1351 preter
640 1311 661 1351 1]
686 1310 788 1341 bollas
811 1311 899 1342 ordei
921 1311 943 1351 ij
969 1314 1088 1342 muton.
1134 1311 1176 1342 Et
1199 1311 1238 1342 de
1260 1311 1317 1352 viij
1334 1315 1357 1342 5.

307 1360 353 1399 iiij
371 1359 400 1390 d.
418 1360 456 1391 de
472 1360 534 1390 alia
547 1360 652 1391 media
668 1364 758 1401 parte
774 1360 813 1391 (18
836 1360 866 1391 18
890 1360 972 1402 Larg
994 1371 1068 1392 811111
1090 1360 1196 1392 insula
1211 1360 1250 1392 (18
1273 1361 1359 1392 dicto

307 1409 450 1439 termino.
499 1409 541 1439 Et:
568 1410 607 1440 (18
624 1404 666 1440 kx
683 1414 706 1441 5.
730 1409 769 1440 (18
792 1409 892 1440 firmis
910 1413 992 1441 terre
1015 1410 1055 1441 de
1078 1409 1303 1450 Branquhelye
1319 1410 1358 1441 (18

307 1458 393 1489 (11810
403 1458 548 1489 termino.
580 1459 623 1489 Et
636 1459 675 1490 (18
687 1469 731 1490 xx
743 1464 765 1491 5.
780 1460 818 1490 (18
832 1459 930 1490 firmis
940 1462 1023 1490 terre
1034 1459 1072 1491 de
1084 1459 1356 1498 Eddirlehchaeh,

306 1508 350 1539 Et
365 1507 404 1538 de
423 1507 478 1548 xiij
496 1511 519 1538 5.
537 1507 583 1548 111]
602 1508 629 1539 d.
655 1508 694 1539 (18
718 1507 979 1549 Strongarwalde.
1026 1508 1068 1538 Et
1080 1507 1120 1539 de
1136 1508 1189 1548 xvj
1208 1512 1230 1539 5.
1247 1507 1303 1549 viij
1328 1509 1357 1540 d.

307 1558 346 1589 de
368 1557 670 1589 Ardemaknonane.
715 1558 758 1588 Et
781 1558 820 1588 (18
835 1568 880 1588 xv
895 1562 917 1589 5.
936 1558 974 1588 de
998 1558 1131 1598 Lagane.
1177 1557 1220 1588 En
1242 1557 1281 1589 de
1297 1569 1318 1589 x
1334 1563 1358 1591 5.

306 1606 345 1638 de
361 1607 466 1638 media
482 1610 571 1647 parte
588 1607 627 1638 de
644 1607 945 1648 Dontohargirtane.
992 1607 1034 1638 Et
1047 1607 1085 1638 de
1101 1618 1122 1637 x
1134 1611 1157 1638 5.
1175 1607 1213 1638 de
1230 1607 1358 1639 81510110-

307 1656 400 1697 ynch.
447 1656 490 1686 Et
506 1656 545 1687 de
562 1656 596 1686 xl
612 1660 634 1687 5.
652 1656 691 1687 de
715 1655 924 1696 Glenmayne.
970 1655 1013 1687 En
1029 1656 1067 1688 de
1083 1656 1139 1696 xiij
1157 1660 1179 1687 5.
1202 1656 1248 1697 iiij
1266 1656 1295 1687 d.
1320 1657 1359 1688 de

309 1705 458 1742 Grodich,
481 1709 587 1746 preter
607 1706 619 1745 j
645 1705 764 1736 hollam
795 1705 881 1736 ordei
902 1706 914 1746 j
940 1708 1061 1736 muton.
1107 1706 1151 1736 Er,
1180 1705 1220 1737 de
1243 1706 1309 1746 xlvj
1334 1711 1356 1738 5.

308 1755 364 1796 viij
382 1755 410 1786 d.
435 1759 516 1786 terre
540 1755 578 1786 de
605 1755 874 1796 Auchtynhardy,
897 1759 1003 1795 preter
1026 1755 1060 1796 iij
1086 1754 1187 1786 bans
1214 1755 1301 1786 ordei
1322 1755 1356 1797 iij

308 1808 427 1835 muton.
474 1805 516 1835 Et
541 1805 580 1836 de
603 1805 684 1846 xxiij
703 1809 725 1836 5.
757 1805 804 1845 iiij
822 1805 850 1836 d.
874 1808 958 1836 terre
982 1805 1021 1836 (18
1038 1804 1205 1842 Dowarde,
1219 1808 1325 1846 preter
1345 1806 1358 1846 j

309 1854 426 1884 hollam
454 1853 542 1884 ordei
565 1854 577 1894 j
602 1858 723 1885 muton.
778 1854 820 1884 Et
843 1853 882 1885 de
907 1854 983 1894 xxvj
1009 1858 1031 1885 5.
1057 1854 1111 1895 viij
1137 1853 1165 1885 d.
1190 1854 1230 1886 de
1252 1864 1359 1886 annuo

310 1903 436 1934 redditu
453 1903 491 1934 de
507 1903 685 1944 Glengelye
702 1903 741 1934 de
757 1903 841 1934 dicto
857 1903 1003 1935 termino.
1048 1904 1091 1934 Et
1107 1903 1146 1935 de
1161 1903 1217 1944 viij
1234 1907 1256 1935 5.
1268 1903 1314 1944 111]
1329 1903 1358 1936 d.

310 1953 348 1983 de
371 1963 478 1983 annuo
502 1952 629 1983 redditu
652 1952 691 1983 de
715 1952 843 1983 Lettare
866 1952 904 1983 de
928 1952 1012 1984 dicto
1036 1953 1181 1984 termino.
1227 1953 1360 1985 Summa

310 2002 406 2042 hujus
423 2001 535 2038 oneris,
552 2002 641 2042 xxvij
659 2001 690 2033 11.
708 2002 786 2043 xviij
804 2006 826 2033 5.
844 2002 889 2042 iiij
907 2001 946 2039 (1.,
961 2005 1068 2043 preter
1083 2012 1189 2043 grana.

358 2052 448 2088 Item,
464 2051 549 2081 idem
565 2054 676 2083 onerat
691 2061 724 2082 se
740 2051 778 2082 de
794 2051 806 2081 1
822 2055 845 2082 5.
863 2051 901 2082 (18
923 2051 1022 2082 firmis
1038 2055 1120 2082 terre
1140 2051 1243 2082 medie
1259 2051 1359 2092 partis

312 2100 350 2132 de
372 2100 543 2132 Reduache
564 2100 599 2131 in
623 2100 764 2132 dominio
787 2100 826 2131 de
849 2100 1007 2138 Menteth,
1029 2100 1068 2132 de
1090 2100 1227 2132 termino
1250 2100 1360 2132 Sancti
