1551 2462
119 401 283 431 Respondebit

121 432 181 460 (¹qu
185 432 269 460 ubone,

119 462 244 484 rotulator.

120 713 284 742 Respondebit

119 743 240 765 rotulator
250 750 293 772 pro

120 773 233 795 undecim

119 802 209 825 martis.

121 1000 285 1029 Respondebit

121 1030 271 1059 Culquhone,

120 1060 245 1082 rotulator.

121 1143 302 1174 Comitatus

120 1186 274 1218 Marchie.

336 304 397 332 398
653 301 818 333 ROTUH
842 300 1080 333 SCACCARII
1303 304 1385 332 1466

333 395 487 432 terminis,
518 395 552 436 iij
591 395 622 426 fi.
692 395 751 436 [To
778 395 979 436 Oomptroller
1001 395 1060 435 for
1089 395 1262 432 ltouselwld,
1292 395 1391 426 ,29258

331 446 374 476 5²3.
413 446 486 487 8d.].
555 446 597 476 Et
643 445 755 482 eidem,
803 455 858 486 per
904 444 1102 476 solucionem
1148 445 1267 476 factam
1306 445 1391 476 dicto

334 495 477 526 Johanni
505 495 622 536 Strang
649 505 705 536 pro
733 494 825 525 feodo
853 505 910 525 suo
937 494 976 525 de
1004 494 1140 525 termino
1164 494 1391 526 Penthecostes

335 545 411 575 anni
442 545 631 585 sexagesimi
658 544 773 585 quarti,
796 544 851 585 xvj
876 544 908 575 fi.
954 544 996 574 Et
1019 544 1131 581 eidem,
1159 554 1215 585 pro
1241 543 1391 575 undecim

335 596 446 627 martis
477 596 571 627 dictis
601 595 836 627 martfoddellis
867 595 946 626 dicti
969 596 1148 633 comitatus,
1173 606 1228 636 pro
1255 606 1390 636 quarum

335 645 480 686 qualibet
510 638 688 677 allocantur
711 645 887 676 husbandis
912 645 1054 686 quinque
1078 645 1180 682 solidi,
1204 646 1333 677 intratis
1355 646 1390 676 in

334 696 424 727 libris
440 696 599 727 dictarum
619 695 887 736 vicesimoquinto
910 695 1098 727 Decembris
1120 695 1204 726 infra
1227 695 1286 726 hoc
1305 706 1390 727 com-

333 752 458 789 putum,
481 748 516 778 lv
539 752 560 779 S.
609 747 667 788 [To
685 747 896 788 Comptroller,
912 756 1048 788 expensos
1067 748 1103 778 in
1118 747 1281 778 household
1297 747 1390 784 books,

335 798 411 828 339
449 798 513 828 IOs.
553 798 618 838 δἐἰ]
678 797 721 828 Et
758 797 870 834 eidem,
908 807 965 838 pro
1004 797 1096 828 feodo
1134 807 1192 828 suo
1228 797 1267 828 de
1306 807 1390 828 anno

335 847 478 887 computi
490 850 521 878 et
532 847 669 878 termino
683 847 908 878 Penthecostes
921 847 1111 888 precedente
1123 847 1182 878 hoc
1193 850 1390 888 computum,

337 896 488 928 videlicet
526 897 561 927 in
599 907 683 927 anno
714 897 1034 937 sexagesimoquarto,
1065 907 1105 928 ex
1135 896 1390 928 consideracione

335 946 527 982 auditorum,
544 957 587 976 xv
603 946 635 977 h'.
682 946 814 977 Summa
831 956 1052 987 expensarum,
1068 944 1254 987 iij⁰lxxxviij
1268 946 1299 977 fi.
1312 957 1354 977 xv
1366 950 1389 978 S.

335 1007 354 1026 x
373 996 402 1027 (Ἰ.
447 996 490 1026 Et
506 997 551 1027 sic
567 999 689 1027 restant
709 995 806 1037 ij⁰liiij
823 995 854 1026 fi.
880 996 911 1036 vj
929 1000 951 1027 S.
976 1006 997 1026 x
1014 995 1042 1026 d.
1067 996 1099 1036 xj
1124 999 1226 1027 marte
1246 996 1259 1036 j
1283 996 1390 1027 celdra

335 1046 441 1078 brasii.

382 1146 578 1186 Computum
594 1145 744 1187 Symonis
769 1145 908 1182 Salman,
923 1145 1096 1186 receptoris
1113 1145 1276 1176 firmarum
1292 1145 1389 1176 comi-

335 1198 424 1226 tatus
448 1196 602 1233 Marchie,
627 1196 839 1236 [Liulitlzyova
860 1196 903 1226 25
925 1195 1010 1225 June
1030 1195 1126 1233 1466,
1141 1195 1232 1236 from
1247 1195 1290 1226 95
1305 1194 1390 1226 June

336 1246 430 1284 1465.

383 1296 507 1335 Choma.
552 1294 699 1332 siro-ears,
715 1296 814 1327 ..3593
829 1295 871 1333 bs.
889 1296 938 1326 Sd.
956 1295 1067 1326 besides
1077 1295 1199 1335 yram]

379 1345 473 1382 Item,
488 1345 571 1376 idem
589 1349 699 1375 onerat
715 1355 748 1375 se
764 1344 803 1375 de
820 1344 898 1385 xlvij
916 1344 948 1374 li.
965 1344 997 1384 xj
1016 1348 1037 1375 S.
1055 1355 1111 1385 per
1127 1345 1266 1386 integras
1283 1345 1390 1377 firmas

335 1398 491 1425 terrarum
503 1395 541 1426 de
552 1394 735 1425 Ersiltoune
747 1394 786 1425 de
797 1394 921 1425 duobus
937 1394 1083 1425 terminis
1100 1395 1184 1426 infra
1194 1389 1388 1436 computum.

334 1444 378 1474 Et
393 1444 432 1474 de
449 1444 548 1484 xxxvj
566 1444 597 1474 fi.
622 1444 666 1484 xij
682 1448 707 1474 S.
732 1454 789 1484 per
812 1444 919 1474 firmas
942 1447 1097 1474 terrarum
1121 1444 1160 1475 de
1184 1444 1327 1475 Girnlaw
1350 1436 1389 1476 de

336 1493 430 1524 dictis
462 1493 615 1524 terminis.
663 1493 705 1523 Et
735 1493 774 1523 de
805 1493 872 1533 xvij
904 1493 936 1524 l-i.
967 1494 1025 1523 xix
1055 1497 1077 1524 S.
1110 1494 1142 1534 vj
1168 1493 1196 1524 d.
1223 1493 1262 1525 de
1289 1493 1390 1525 firmis

335 1547 491 1573 terrarum
507 1543 546 1573 de
565 1543 664 1573 Duns.
711 1543 753 1573 Et
769 1542 808 1573 de
823 1553 844 1573 v
860 1542 892 1574 11'.
909 1543 940 1583 vj
957 1547 980 1573 S.
998 1543 1054 1584 viij
1072 1543 1101 1574 d.
1118 1547 1201 1574 terre
1218 1542 1256 1574 de
1273 1543 1389 1574 Cades-

335 1592 431 1623 chele
477 1592 520 1622 Et
535 1592 574 1623 de
590 1592 636 1622 lix
651 1591 682 1622 fi.
699 1592 731 1632 vj
749 1596 772 1623 S.
789 1592 845 1632 viij
863 1592 891 1622 d.
915 1595 1070 1623 terrarum
1086 1592 1125 1623 de
1141 1592 1300 1623 Lethame.
1347 1593 1390 1623 Et

336 1642 375 1673 de
406 1652 449 1672 xx
479 1641 511 1681 n.
542 1645 699 1672 terrarum
730 1641 769 1672 de
799 1641 1040 1682 Mersyntoune.
1086 1642 1129 1672 Et
1159 1641 1198 1672 de
1231 1652 1249 1672 x
1280 1641 1311 1672 fi.
1349 1641 1388 1673 de

337 1692 491 1723 Gradane.
538 1692 580 1722 Et
596 1691 634 1722 (18
651 1692 728 1732 xxvj
746 1691 778 1722 fi.
796 1691 853 1732 xiij
871 1695 893 1722 S.
917 1691 964 1732 iiij
981 1691 1010 1722 d.
1027 1694 1185 1722 terrarum
1201 1691 1239 1722 de
1257 1691 1386 1723 Hirsell.

335 1742 378 1772 Et
394 1741 432 1772 de
449 1742 527 1782 xxxj
545 1741 575 1772 n.
594 1751 636 1772 xv
661 1745 683 1772 S.
709 1744 866 1772 terrarum
889 1741 928 1772 de
952 1741 1128 1773 Chirnside.
1175 1741 1218 1772 Et
1241 1741 1280 1772 de
1303 1741 1337 1772 xl
1353 1741 1384 1772 fi.

335 1795 492 1822 terrarum
517 1791 555 1822 de
580 1791 808 1832 Lochbrigeam
831 1795 863 1822 et
879 1791 1151 1832 Brigeamschelis.
1198 1791 1240 1822 Et
1256 1791 1294 1823 de
1319 1802 1340 1823 x
1355 1792 1386 1823 fi.

336 1841 452 1872 foreste
476 1841 515 1872 de
538 1841 600 1882 Dy.
647 1841 690 1871 Et
713 1841 752 1872 de
775 1840 809 1871 xl
832 1840 864 1871 fi.
888 1840 910 1881 ij
936 1845 959 1872 S.
983 1841 1029 1884 iijj
1055 1841 1083 1872 d.
1109 1841 1237 1873 baronie
1259 1841 1298 1873 de
1316 1841 1387 1873 Col-

336 1891 551 1932 brandispeth.
598 1891 640 1922 Et
664 1890 702 1921 de
729 1901 751 1921 x
778 1890 893 1921 celdris
918 1891 1072 1921 frumeuti
1102 1901 1124 1921 x
1155 1891 1270 1923 celdris
1301 1891 1388 1922 ordei

335 1945 492 1972 terrarum
523 1940 563 1972 de
593 1940 773 1980 Estbarnys
803 1950 860 1981 per
889 1940 976 1971 idem
1006 1943 1142 1981 tempus.
1187 1941 1231 1971 Et
1261 1941 1300 1972 de
1328 1941 1386 1982 viij

336 1990 451 2021 celdris
474 1990 630 2021 frumenti
653 1990 708 2030 viij
733 1989 848 2020 celdris
871 1989 960 2020 ordei
983 1989 1022 2020 de
1045 1990 1146 2021 firmis
1170 1993 1326 2021 terrarum
1349 1990 1388 2022 de

335 2040 547 2080 Westbarnys
564 2049 620 2080 per
643 2039 765 2070 dietum
782 2042 916 2080 tempus.
962 2039 1005 2070 Et
1028 2039 1067 2070 de
1090 2039 1124 2080 iij
1146 2039 1177 2070 fi.
1196 2040 1226 2080 vj
1244 2043 1266 2071 S.
1285 2040 1340 2079 viij
1357 2040 1386 2071 d.

336 2094 494 2120 terrarum
511 2089 549 2120 de
567 2089 783 2130 Osanysdene.
829 2089 873 2120 Et
888 2089 927 2120 de
944 2089 979 2120 xl
992 2089 1024 2120 H.
1041 2093 1196 2120 terrarum
1213 2089 1252 2120 de
1268 2089 1387 2121 Mekil-

336 2139 539 2179 pinkartoun.
586 2139 629 2169 Et
645 2138 683 2169 de
700 2149 720 2168 x
736 2138 768 2170 Ii.
784 2142 942 2169 terrarum
963 2139 1001 2170 de
1018 2139 1298 2180 Litilpinkartoun.
1344 2135 1402 2170 Ec*

337 2189 375 2219 de
389 2189 444 2229 viij
462 2188 493 2220 fi.
511 2189 567 2229 xiij
585 2193 607 2220 S.
624 2189 670 2229 iiij
688 2188 716 2219 d.
735 2192 815 2219 terre
839 2188 878 2219 de
901 2188 1145 2230 Neutounleyis.
1191 2189 1233 2220 Et
1249 2189 1287 2220 de
1302 2189 1336 2229 iij
1354 2188 1386 2220 ti.

337 2243 493 2269 terrarum
511 2239 548 2270 de
566 2239 674 2280 Riggis
698 2242 729 2270 et
754 2238 865 2269 Fluris.
911 2239 954 2269 Et
977 2238 1016 2270 de
1040 2249 1060 2269 v
1082 2238 1113 2269 fi.
1140 2239 1169 2279 vj
1187 2242 1209 2269 S.
1228 2239 1283 2279 viij
1300 2239 1328 2269 d.
1347 2238 1385 2270 de
