1551 2462
93 279 95 282 Α
143 254 232 283 1469.
450 252 611 284 REGUM
635 252 880 284 SOOTORUM.
1122 255 1183 283 645

139 344 178 375 de
193 343 406 382 Ar-dmanoch,
421 355 478 386 pro
493 345 585 376 feodo
601 355 658 376 suo
674 345 713 376 de
735 345 826 376 firma
845 345 944 376 crofte
960 355 1015 375 sue
1037 345 1076 376 de
1099 344 1185 376 dicto

139 393 283 432 termino,
306 394 350 435 xij
375 394 420 427 d„
450 395 493 425 Et
515 394 603 425 dicto
623 404 711 428 maro
734 405 790 435 pro
820 394 912 425 firma
938 395 1037 425 crofte
1060 404 1115 425 sue
1146 394 1185 425 de

72 463 76 466 -
139 443 223 475 dicto
245 443 390 481 termino,
413 444 458 485 xij
482 444 510 475 d.
556 444 599 474 Et
625 444 804 475 cursoribus
828 444 866 475 de
889 443 1105 480 Ardmanoch,
1129 453 1186 484 pro

139 492 238 524 feodis
253 492 319 524 suis
336 493 374 524 de
397 493 497 524 firmis
520 493 694 524 croftarum
717 503 846 524 suorum
870 493 909 524 de
932 492 1017 523 dicto
1040 492 1185 529 termino,

43 569 77 586 ,μ’
137 541 172 582 iij
189 545 211 573 ἔ.
227 541 273 582 iiij
291 542 320 573 d.
366 543 409 573 Et
424 552 480 583 pro
496 542 552 583 xiij
570 543 680 573 martis
696 542 718 583 ij
735 542 892 583 quarteris
909 542 1002 573 dictis
1012 542 1186 582 rynmartis

40 592 42 594 ’
58 587 78 615 ’Ϊ
138 591 177 623 de
192 591 322 625 baronia
338 592 376 623 de
396 591 611 629 Ardmanooh,
627 602 682 633 pro
698 602 835 632 quarum
849 591 993 632 qualibet
1008 591 1186 622 allocantur

54 674 59 679 ,
138 640 312 672 husbandis
324 641 466 682 quinque
482 641 575 672 solidi
590 641 624 672 in
637 651 729 678 anno,
745 641 783 672 de
795 641 881 671 dicto
892 641 1038 677 termino,
1048 640 1150 680 xxxiij
1162 644 1184 671 s.

14 694 38 699 ’“
75 710 78 713 Δ
137 690 173 721 ix
201 689 230 722 d.
275 690 317 721 Et
346 701 404 732 pro
427 691 484 731 xiij
515 693 629 722 muton
658 691 680 731 ij
709 690 865 731 quarteris
895 690 989 721 dictis
1012 693 1186 730 rynmuton

58 732 64 743 ⁶
138 739 177 771 de
225 739 310 771 dicta
354 741 493 778 baronia,
538 751 595 781 pro
639 750 775 781 quorum
821 739 964 781 quolibet
1009 739 1187 770 allocantur
1235 751 1239 756 ·

139 788 314 821 husbandis
337 789 504 821 duodecim
528 789 657 827 denarii,
673 789 712 821 de
734 789 820 820 dicto
842 789 987 826 termino,
1010 789 1042 829 vj
1060 793 1082 820 s.
1106 788 1140 819 ix
1156 788 1185 819 d.

139 838 181 869 Et
196 838 307 877 eidem,
323 849 381 879 pro
397 839 560 870 trisdecim
575 839 690 870 celdris
706 849 762 870 sex
785 838 878 870 bonis
894 838 991 870 brasii
1014 841 1046 869 et
1069 838 1186 869 fan-ine

40 922 43 925 ³
139 889 310 925 avenatioe,
325 898 382 929 pro
398 899 532 929 quarum
549 888 693 929 qualibet
705 888 809 919 celdra
824 888 1002 919 allocantur
1011 887 1186 919 husbandis

139 938 289 982 predictis
306 938 443 969 sedecim
459 937 552 969 solidi
568 938 602 968 in
618 948 710 975 anno,
726 937 765 968 de
789 937 873 968 dicto
888 938 1025 968 termino
1048 937 1186 968 Penthe-

71 1027 74 1030 γ
139 990 249 1024 costes,
278 997 298 1018 v
328 987 362 1019 fi.
392 987 436 1028 vij
464 991 487 1019 ἔ.
544 988 586 1018 Et
615 987 728 1025 eidem,
757 997 814 1028 per
844 986 1039 1018 solucionem
1068 987 1187 1017 factam

66 1036 68 1042 “
82 1074 84 1077 .
139 1034 302 1068 forestario
318 1036 357 1068 de
373 1036 516 1068 Ormond
532 1046 588 1077 pro
604 1036 696 1067 firma
711 1036 810 1067 crofte
827 1046 882 1067 sue
895 1036 933 1067 de
945 1036 1030 1067 dicto
1043 1036 1188 1073 termino,

57 1120 59 1122 ,
107 1103 110 1105 Δ
138 1085 160 1127 ij
185 1090 208 1118 ἓ.
232 1086 263 1126 vj
287 1086 316 1117 d.
361 1086 404 1116 Et
426 1096 514 1117 maro
541 1086 581 1116 de
604 1085 727 1123 Avach,
751 1096 808 1126 pro
839 1085 931 1116 feodo
954 1096 1010 1117 suo
1037 1085 1076 1117 de
1102 1085 1187 1116 dicto

70 1146 74 1147 ⁷
129 1135 282 1174 termino,
298 1146 319 1165 x
334 1139 356 1166 s.
403 1135 446 1166 Et
465 1135 577 1172 eidem,
593 1135 632 1166 de
648 1135 739 1166 firma
753 1134 961 1166 dimidietatis
976 1138 1133 1166 terrarum
1149 1134 1188 1165 de

138 1185 291 1216 Bonnoch
307 1187 340 1216 et
354 1184 539 1226 Banquhry,
555 1194 703 1216 concessa
718 1194 774 1224 per
796 1183 961 1215 dominum
977 1194 1082 1225 regem
1105 1184 1188 1215 clare

68 1259 75 1266 .
137 1234 288 1265 memorie
307 1234 330 1265 J
332 1237 424 1265 onete
441 1234 576 1265 Stewart
598 1234 733 1265 durante
748 1233 914 1265 voluntate
936 1234 1026 1274 regis,
1044 1236 1080 1265 ut
1099 1237 1189 1274 patet
1202 1260 1266 1283 Nota

44 1283 79 1322 “5
138 1283 173 1315 in
188 1283 301 1315 rotulis
317 1284 560 1324 precedentibus
576 1283 615 1315 de
637 1284 723 1315 dicto
745 1283 881 1314 termino
906 1286 938 1314 et
960 1283 1020 1315 sub
1046 1283 1188 1324 periculo
1202 1290 1349 1312 Mandatum

56 1340 78 1362 1
116 1337 118 1339 ’
140 1333 363 1374 computantis,
386 1333 430 1374 vij
461 1333 493 1364 fi.
525 1343 546 1363 x
570 1337 604 1370 s„
627 1336 659 1364 et
684 1333 859 1374 precipitur
882 1333 1081 1374 computanti
1103 1333 1188 1373 quod

139 1383 276 1424 amplius
292 1383 354 1414 sibi
369 1393 433 1418 non
456 1382 560 1414 solvat
582 1383 702 1423 absque
725 1393 808 1413 novo
830 1382 990 1414 mandato.
1035 1383 1078 1413 Et
1100 1392 1188 1413 maro

105 1435 108 1437 ’
139 1432 177 1464 de
193 1433 274 1474 Pety
289 1435 322 1464 et
337 1432 507 1473 Brauohly,
522 1443 580 1474 pro
599 1433 691 1464 feodo
707 1443 764 1463 suo
780 1432 819 1473 de
838 1432 923 1463 dicto
939 1432 1083 1469 termino,
1104 1442 1148 1462 xx
1165 1436 1187 1463 s.

138 1482 181 1514 Et
194 1493 282 1514 maro
297 1482 336 1513 de
349 1483 488 1520 Leffaris,
504 1493 561 1523 pro
577 1482 669 1513 feodo
685 1492 744 1513 suo
758 1482 797 1513 de
814 1481 923 1513 eodem
935 1481 1082 1519 termino,
1094 1481 1150 1522 xiij
1165 1486 1188 1513 ἓ.

54 1539 79 1570 ¹:
137 1532 184 1573 iiij
212 1531 241 1563 d.
286 1532 329 1563 Et
353 1531 465 1570 eidem,
489 1542 546 1573 pro
572 1531 670 1563 tercia
698 1531 826 1562 baronie
856 1531 894 1562 de
921 1531 1051 1562 Leffaris
1081 1531 1189 1562 debita

51 1603 75 1626 ῥ’
140 1581 267 1615 domine
283 1581 426 1622 ejusdem
442 1581 481 1612 de
497 1580 608 1612 eodem
623 1581 769 1618 termino,
785 1581 819 1611 ix
834 1580 866 1611 fi.
883 1591 927 1611 xx
943 1580 972 1611 d.
1017 1581 1060 1611 Et
1076 1581 1188 1617 eidem,

50 1631 65 1638 ’”
123 1630 178 1662 ·de
198 1631 297 1662 firmis
320 1634 475 1662 terrarum
500 1630 539 1662 de
563 1630 741 1671 Hiltounys
767 1630 803 1661 in
829 1629 970 1667 Leffaris,
992 1630 1126 1671 piscarie
1150 1630 1189 1661 de

139 1680 324 1722 Banquhry,
348 1680 504 1712 concessis
534 1679 719 1711 Alexandro
751 1678 910 1720 Flemyng
940 1689 997 1720 pro
1027 1679 1119 1710 teiris
1150 1679 1188 1710 de

73 1755 82 1766 .‚
100 1744 105 1747 ’
139 1729 288 1761 Lednoch
303 1730 338 1761 in
361 1729 492 1761 baronia
515 1729 554 1760 de
578 1729 735 1760 Methven
751 1728 886 1759 durante
909 1728 1076 1759 voluntate
1097 1728 1188 1768 regis,

139 1779 178 1810 de
193 1779 278 1810 dicto
300 1779 445 1816 termino,
469 1778 538 1819 xliij
556 1782 578 1809 s.
602 1778 648 1818 iiij
666 1777 694 1809 d.
740 1777 783 1808 Et
806 1777 917 1814 eidem,
932 1780 1061 1818 propter
1083 1777 1189 1808 decid-

63 1855 67 1861 2
140 1829 263 1860 eneiam
278 1828 442 1859 firmarum
466 1828 504 1859 de
527 1828 558 1858 le
580 1827 744 1858 Bordland
765 1827 800 1858 in
822 1827 955 1858 Leffaris
979 1837 1020 1857 ex
1043 1837 1079 1857 eo
1102 1826 1188 1868 quod

139 1878 326 1909 assedantur
341 1888 398 1918 pro
414 1876 547 1908 dimidia
571 1877 669 1913 firma,
684 1878 780 1917 prout
799 1876 878 1907 fides
901 1876 986 1907 facta
1008 1875 1071 1906 fuit
1093 1886 1189 1916 super

1 1949 3 1961 Α
55 1924 68 1957 ¹?
111 1935 117 1939 ·
139 1930 334 1968 computum,
349 1927 389 1958 de
412 1926 496 1957 dicto
519 1926 665 1963 termino,
681 1925 736 1965 xiij
756 1929 778 1956 s.
802 1925 848 1966 iiij
865 1925 895 1956 ἅ.
940 1925 982 1956 Et
1005 1924 1116 1962 eidem
1132 1935 1189 1966 per

72 2003 78 2006 .
140 1975 333 2007 solucionem
360 1976 478 2007 factam
505 1976 576 2007 Ade
605 1975 729 2006 Walles
759 1975 798 2006 de
829 1974 938 2014 Crago,
966 1978 1188 2015 computorum

2 2019 8 2064 J
27 2036 29 2038 ·
77 2046 81 2052 -
133 2025 314 2063 rotulatori,
337 2025 503 2066 recipienti
526 2035 621 2065 super
644 2027 839 2066 computum,
862 2024 906 2065 le
924 2024 968 2062 112,
991 2035 1048 2065 pro
1071 2025 1187 2066 quibus
1201 2026 1247 2078 1553
1237 2026 1367 2084 slpondehit

2 2077 4 2111 ξ
59 2106 62 2108 ,
93 2079 103 2090 “
139 2075 349 2116 respondebit.
395 2075 527 2106 Summa
558 2084 778 2115 expensarum,
803 2074 906 2105 lxxxx
931 2073 963 2106 fi.
989 2084 1010 2105 x
1036 2085 1059 2106 s.
1085 2074 1131 2116 iiij
1158 2074 1186 2106 d.
1201 2091 1228 2107 ro
1228 2074 1327 2109 maior

3 2138 5 2168 3
75 2127 78 2129 ’
139 2124 182 2155 Et
196 2125 242 2156 sic
256 2127 378 2156 restant
390 2124 403 2165 j
406 2123 452 2165 ciij
469 2123 501 2156 ῘΪ.
518 2134 540 2156 v
555 2135 577 2156 s.
595 2135 615 2155 x
633 2123 661 2155 d.
