1551 2462
402 324 465 353 494
716 321 881 354 ROTULI
906 321 1142 354 SGACGARII
1365 325 1456 356 1467.

402 419 567 457 receptum
582 426 677 457 super
693 419 881 457 computum
896 419 929 448 et
945 415 1093 447 similiter
1108 419 1261 454 ostensas,
1273 415 1403 458 j²xxxiij
1420 417 1452 448 li.

401 466 433 506 vj
456 470 478 497 ἔ.
503 466 558 507 viij
584 466 612 497 d.
659 467 702 497 Et
732 467 844 504 eidem,
867 477 924 507 per
946 465 1143 497 solucionem
1167 466 1285 497 factam
1309 466 1454 498 Gilberto

400 516 562 557 Kennedy
587 516 626 547 de
653 516 884 554 Kirkmichael,
915 516 1081 557 capitaneo
1113 516 1209 547 castri
1239 516 1278 548 de
1308 517 1455 554 Dunbar,

399 576 455 607 pro
462 566 553 598 feodo
564 577 621 597 suo
632 566 671 597 de
682 566 820 597 termino
826 566 936 598 Sancti
948 567 1083 598 Martini
1094 566 1178 598 infra
1187 566 1248 597 hoc
1258 569 1454 608 computum,

398 616 438 647 de
461 617 612 648 mandato
636 616 758 648 domiui
779 617 862 658 regis
893 616 1068 648 literatorio
1092 617 1152 648 sub
1179 617 1303 658 signeto
1326 620 1454 649 ostenso

398 676 494 707 super
510 669 706 708 computum,
722 667 791 707 ipso
807 666 909 698 eciam
926 667 1072 698 Gilberto
1087 667 1210 699 fatente
1226 670 1391 708 receptum
1413 667 1453 699 de

402 716 487 747 dicto
509 716 647 747 termino
664 727 720 757 per
742 717 851 748 lit-eras
874 727 947 748 suas
971 721 1114 748 ostensas
1138 727 1234 758 super
1256 720 1454 758 computum,

401 766 505 807 xxxiij
529 766 561 797 fi.
587 766 617 807 vj
636 770 660 797 s.
685 766 740 807 viij
759 766 787 797 d.
833 766 876 797 Et
899 766 1011 804 eidem,
1036 777 1091 808 per
1114 766 1312 798 solucionem
1334 766 1454 797 factam

399 816 539 847 Roberto
562 815 682 847 Laudir
698 816 736 847 de
759 816 988 857 Edi-ingtoune,
1012 816 1178 857 capitaneo
1202 815 1299 847 castri
1317 815 1454 847 Berwici

399 875 494 905 super
510 865 668 902 Twedam,
684 865 872 906 percipienti
889 865 1057 897 annuatim
1073 865 1228 897 ducentas
1251 876 1373 897 marcas
1395 876 1453 907 pro

400 914 544 945 custodia
560 914 703 955 ejusdem
719 914 758 945 de
774 915 925 946 mandato
950 915 1072 947 domini
1087 916 1169 957 regis
1192 915 1368 947 literatorio
1392 916 1453 947 sub

398 964 531 1005 signeto,
554 964 588 995 in
611 967 736 1005 partem
759 964 931 996 solucionis
956 965 1040 996 feodi
1063 966 1114 997 sui
1137 966 1176 997 de
1199 966 1338 997 termino
1361 965 1455 997 Beati

398 1015 534 1047 Martini
550 1020 624 1047 ante
647 1016 707 1048 hoc
730 1020 928 1058 computum,
952 1017 1021 1058 ipso
1045 1017 1146 1049 eciam
1169 1017 1308 1049 Roberto
1331 1018 1454 1049 fatente

398 1069 564 1108 receptum
589 1077 684 1108 super
708 1069 895 1108 computum
922 1077 979 1107 per
1005 1067 1097 1099 binas
1123 1067 1234 1099 literas
1261 1078 1344 1106 suas,
1360 1068 1394 1099 xl
1420 1067 1452 1100 11.

397 1116 441 1147 Et
471 1116 584 1154 eidem,
614 1127 672 1157 per
701 1116 928 1148 liberacionem
959 1117 1078 1149 factam
1104 1117 1302 1150 Archibaldo
1333 1118 1453 1160 Boyde‚

397 1166 523 1197 custodi
540 1166 617 1197 dicti
641 1167 736 1198 castri
751 1167 791 1198 de
806 1167 951 1205 Dunbar,
966 1178 1023 1209 pro
1040 1168 1132 1200 feodo
1155 1179 1213 1200 suo
1229 1179 1285 1210 pro
1309 1169 1454 1201 custodia
1514 1157 1533 1216 ἰ

398 1216 477 1247 dicti
504 1217 599 1247 castri
626 1217 664 1248 de
689 1217 827 1249 termino
855 1218 1082 1250 Penthecostes
1106 1218 1221 1249 ultimo
1237 1219 1276 1250 de
1301 1219 1453 1250 mandato
1487 1241 1493 1245 ⁵
1521 1231 1528 1238 -’

400 1266 523 1297 domini
548 1267 632 1308 regis
658 1267 835 1298 literatorio
866 1268 927 1299 sub
949 1268 1081 1309 signeto,
1105 1272 1201 1309 prout
1224 1268 1280 1299 alii
1304 1268 1452 1300 custodes

399 1316 478 1348 dicti
493 1317 590 1348 castri
606 1320 839 1348 consueverant
860 1318 1032 1358 percipere,
1057 1318 1116 1349 sub
1139 1317 1282 1359 periculo
1306 1320 1452 1359 comput-
1514 1319 1523 1361 J

397 1369 491 1406 antis,
515 1369 617 1410 xxxiij
643 1369 675 1400 fi.
693 1370 724 1410 vj
742 1374 764 1400 s.
783 1369 838 1410 viij
856 1369 884 1400 d.
931 1369 974 1400 Et
997 1369 1091 1401 dictis
1115 1369 1261 1401 Gilberto
1284 1372 1317 1401 et
1338 1369 1454 1410 Archi-

397 1421 493 1452 baldo
509 1421 548 1452 de
564 1421 664 1452 firmis
680 1424 837 1452 terrarum
854 1421 892 1452 de
910 1421 1205 1462 Litilpinkartoune
1222 1425 1254 1453 et
1277 1421 1452 1453 Newtoun-
1495 1449 1501 1451 1
1525 1414 1529 1415 ⁷

397 1470 466 1511 leys
497 1470 659 1511 deputatis
686 1481 743 1511 pro
776 1470 923 1502 custodia
960 1470 1040 1502 dicti
1069 1471 1168 1502 castri
1205 1471 1292 1502 ultra
1322 1476 1454 1502 centum
1486 1481 1488 1483 ’

396 1530 528 1556 marcas,
553 1523 648 1561 prout
673 1520 833 1551 'Robertus
860 1520 993 1552 Liddale
1020 1524 1054 1552 et
1077 1521 1186 1552 Adam
1217 1521 1395 1562 Hepburne
1417 1521 1454 1551 in
1502 1550 1508 1552 .

396 1570 543 1601 terminis
560 1570 625 1601 suis
641 1570 788 1601 custodes
811 1570 890 1601 dicti
914 1571 1009 1601 castri
1031 1570 1193 1611 percipere
1209 1573 1452 1607 consueverunt,

395 1622 491 1660 prout
513 1622 603 1659 patet
625 1619 660 1650 in
683 1619 796 1650 rotulis
819 1619 1073 1659 precedentibus,
1089 1619 1128 1650 de
1151 1630 1234 1650 anno
1257 1619 1400 1660 computi
1419 1623 1452 1651 et

397 1670 457 1701 sub
472 1669 614 1710 periculo
631 1669 857 1710 computantis,
873 1668 951 1709 xviij
976 1668 1007 1699 fi„
1025 1669 1082 1709 xiij
1100 1672 1123 1700 Ξ.
1140 1668 1187 1709 iiij
1204 1668 1234 1700 d.
1279 1669 1322 1699 Et
1338 1668 1451 1706 eidem,

395 1730 453 1761 pro
481 1719 575 1750 certis
598 1719 747 1762 expensis
769 1718 862 1749 factis
885 1728 942 1759 per
969 1721 1208 1759 computantem
1231 1718 1266 1749 in
1289 1721 1392 1750 castro
1419 1720 1452 1750 et
1502 1730 1511 1746 1
1544 1716 1548 1725 “’

397 1770 476 1801 villa
507 1769 545 1801 de
573 1769 709 1800 Dunbar
738 1772 882 1810 tempore
913 1778 975 1809 quo
1007 1768 1073 1799 dux
1110 1768 1250 1799 Albanie
1288 1778 1362 1799 cum
1392 1778 1450 1799 sua
1502 1771 1512 1794 .’

398 1819 520 1850 familia
544 1819 649 1850 tenuit
671 1818 717 1849 ibi
740 1818 870 1855 curiam,
894 1817 1044 1849 videlicet
1074 1817 1107 1848 in
1135 1817 1282 1858 panibus,
1309 1817 1449 1856 servisia,

397 1869 547 1910 piscibus,
558 1868 673 1906 butiro,
684 1868 760 1905 ovis,
773 1878 912 1899 unacum
923 1867 1113 1899 carbonibus
1127 1870 1157 1899 et
1168 1867 1274 1898 averia
1284 1877 1448 1908 equorum,
1499 1883 1506 1911 j
1541 1867 1551 1872 ”

396 1921 491 1960 prout
507 1919 638 1960 patebat
653 1918 687 1949 in
704 1917 817 1949 cedula
832 1917 1045 1958 compotantis
1069 1916 1306 1958 particulariter
1328 1917 1446 1948 exami-

396 1972 473 2000 nata
488 1978 584 2009 super
607 1970 802 2008 computum,
818 1967 885 2007 xxij
910 1967 942 1998 fi.
966 1967 1013 2007 iiij
1038 1971 1062 1998 Ξ.
1078 1976 1100 1997 ν
1123 1966 1151 1997 d.
1197 1966 1240 1997 Et
1263 1966 1374 2004 eidem,
1390 1975 1447 2007 pro
1495 2001 1503 2006 ‚A
1519 1992 1534 2010 ·.

396 2018 540 2059 cariagiis
557 2017 798 2058 quatuordecim
821 2016 999 2048 celdrarum
1023 2016 1177 2048 frumenti
1200 2019 1233 2047 et
1248 2016 1346 2047 brasii
1361 2016 1446 2047 firm·
1495 2019 1526 2043 ’ἐ

397 2078 489 2099 arum
505 2067 543 2098 de
562 2067 695 2098 Dunbar
711 2077 729 2098 a
745 2066 831 2097 dicta
846 2066 925 2097 villa
941 2066 982 2097 ad
997 2066 1178 2107 granarium
1195 2065 1234 2096 de
1250 2065 1353 2102 Leith,
1369 2066 1400 2106 vj
1413 2064 1446 2096 fi.
1466 2084 1470 2087 -
1494 2060 1498 2062 ’
1523 2066 1532 2081 ³
1549 2077 1551 2083 ·

397 2118 451 2158 xvj
468 2121 491 2148 ἔ.
538 2117 580 2148 Et
595 2113 708 2154 eidem,
730 2126 787 2157 per
809 2116 1035 2147 liberacionem
1058 2115 1177 2146 factam
1195 2114 1304 2146 David
1318 2114 1446 2146 Wricht
1475 2114 1499 2145 ,ἑ
1518 2115 1545 2145 2'

397 2170 430 2198 et
453 2166 524 2198 aliis
547 2166 766 2197 laborantibus
790 2166 873 2197 circa
897 2165 1120 2196 visitacionem
1144 2168 1176 2196 et
1200 2164 1444 2196 translacionem
1465 2199 1469 2203 ¹

395 2216 642 2247 bombardorum
658 2215 738 2256 regis
755 2215 788 2246 in
804 2215 948 2252 Dunbar,
973 2225 992 2246 x
1008 2219 1030 2246 s.
1076 2215 1119 2245 Et
1142 2214 1254 2251 eidem,
1270 2213 1337 2245 dat-i
1353 2213 1446 2245 certis

397 2265 603 2297 servitoribus
626 2275 683 2306 pro
706 2264 919 2296 inundacione
941 2274 1111 2306 granorum
1134 2263 1217 2305 regis
1240 2263 1279 2295 de
1301 2262 1446 2299 Dunbar,
1491 2279 1521 2295 -.
