1551 2462
363 296 425 323 412
677 293 844 326 ROTULI
867 294 1106 326 SOAOOARH
1329 297 1420 326 1466.
1479 302 1482 304 '

367 385 540 418 Gordoune
571 397 627 428 pro
658 388 803 419 custodia
827 388 923 419 castri
953 388 992 419 de
1018 387 1230 428 Kildrummy
1254 387 1293 419 de
1319 387 1420 419 firmis

359 439 516 466 terrarum
528 436 770 468 dominicalium
785 438 823 469 de
836 438 957 479 Mygve
969 442 1001 469 et
1013 438 1232 478 Kildrummy‚
1242 438 1282 469 de
1297 438 1418 469 eisdem

359 486 515 523 terminis,
539 497 584 516 xx
599 486 630 517 li.
676 487 719 518 Et
742 498 799 528 pro
823 488 967 519 custodia
990 488 1086 519 castri
1110 487 1149 519 de
1173 487 1356 519 Kindrocht
1379 487 1418 519 de

359 535 460 566 firmis
477 540 633 567 terrarum
657 536 898 568 dominicalium
921 537 1064 578 ejusdem
1089 537 1127 568 de
1151 537 1245 568 dictis
1261 537 1417 576 terminis,

358 585 389 626 vj
407 585 440 617 li.
457 586 513 626 xiij
531 590 553 616 s.
573 586 620 626 iiij
638 586 666 617 d.
713 587 756 617 Et
780 587 892 624 eidem,
910 587 948 618 de
972 587 1071 618 firmis
1095 587 1187 618 terris
1204 587 1243 618 de
1260 587 1414 619 Cambus-

358 635 425 666 kist
448 639 577 676 propter
602 636 789 667 vastitatem
812 637 956 677 ejusdem
980 647 1019 667 ex
1042 647 1078 668 6ο
1095 637 1180 678 quod
1204 647 1268 667 non
1291 636 1416 668 asseda-

360 685 486 721 bantur,
503 689 597 726 prout
614 690 703 726 patet
718 686 754 717 in
770 686 897 723 rentali,
914 686 953 717 (16
970 686 1090 718 eisdem
1106 686 1262 724 terminis,
1278 686 1290 717 1
1306 691 1329 718 ἔ.
1374 687 1418 718 Et

349 735 472 774 eidem,
485 735 524 766 de
537 736 685 767 secundis
702 736 834 767 decimis
850 736 966 767 debitis
983 737 1131 777 episcopo
1141 736 1365 768 Aberdonensi
1377 736 1416 768 de

294 799 298 801 Δ
358 785 451 816 terris
467 785 506 816 de
523 785 622 816 Coule
639 789 671 816 et
694 785 798 823 Oneil,
815 786 966 827 magistro
989 786 1129 823 Andrea,
1146 786 1214 826 ejus
1231 785 1413 823 camerario,

359 835 481 866 fatente
497 838 663 875 receptum
680 845 774 876 super
790 839 986 876 computum,
999 838 1104 876 preter
1121 838 1219 866 terras
1236 835 1275 867 de
1292 835 1414 867 Westir

359 884 478 921 Othris‚
503 884 540 915 de
557 894 641 914 anno
657 885 809 925 computi,
826 884 892 925 xlvj
911 889 933 915 Ξ.
953 885 1006 925 viij
1024 884 1055 915 fi„
1104 885 1146 915 Et
1162 885 1248 915 dicto
1264 885 1413 926 episcopo

356 944 414 974 pro
437 933 585 964 secundis
610 933 742 965 decimis
766 934 828 965 sibi
851 934 967 965 debitis
991 934 1030 965 de
1053 934 1205 975 thanagio
1228 934 1267 966 de
1283 935 1413 972 Kintor,

358 984 487 1024 dempta
517 983 615 1014 tercia
639 983 748 1014 debita
771 983 810 1015 de
833 983 953 1021 eodem,
977 983 1062 1015 dicto
1093 984 1266 1015 camerario
1290 984 1413 1015 fatente

356 1037 521 1074 receptum
544 1043 640 1074 super
662 1036 861 1074 computum,
892 1037 925 1064 et
947 1033 1051 1064 tribus
1074 1033 1164 1065 libris
1189 1033 1303 1065 solutis
1326 1034 1412 1065 vice-

357 1084 467 1115 comiti
483 1083 522 1114 de
538 1083 677 1122 Forfare,
694 1083 742 1124 liij
763 1087 785 1114 ἔ.
833 1083 875 1113 Et
891 1093 948 1123 per
970 1083 1166 1115 solucionem
1193 1083 1312 1115 factam
1328 1084 1412 1115 vice-

356 1133 466 1164 comiti
483 1132 522 1163 de
534 1132 672 1170 Forfare,
686 1132 877 1173 percipienti
893 1133 1061 1163 annuatim
1077 1136 1140 1164 tres
1155 1133 1254 1164 libras
1271 1133 1310 1164 de
1326 1133 1412 1164 dicto

355 1183 515 1223 thanagio,
526 1182 564 1213 de
577 1192 660 1213 anno
674 1182 816 1222 computi
827 1185 859 1213 et
871 1182 930 1213 sub
941 1182 1082 1223 periculo
1095 1183 1320 1224 computantis,
1332 1183 1366 1223 iij
1377 1182 1409 1214 n.

356 1233 398 1264 Et
409 1233 537 1263 domino
550 1232 572 1263 J
575 1232 694 1262 ohanni
710 1231 837 1273 Ogflvy,
849 1241 905 1272 pro
915 1232 1014 1263 tercia
1026 1232 1134 1263 debita
1146 1242 1261 1273 sponse
1274 1232 1312 1263 de
1325 1232 1410 1263 dicto

355 1332 507 1368 Johanni,
523 1341 579 1372 pro
601 1331 701 1362 tercia
724 1331 857 1372 piscarie
873 1330 912 1362 de
936 1331 1041 1372 Speya
1057 1331 1165 1363 debita
1187 1332 1271 1363 dicte
1295 1341 1410 1372 sponse

355 1382 393 1412 de
410 1381 528 1412 eisdem
545 1380 699 1417 terminis,
715 1391 736 1411 x
752 1380 784 1411 fi.
830 1380 872 1411 Et
889 1380 993 1411 eidem
1008 1391 1064 1421 per
1079 1381 1275 1412 solucionem
1291 1381 1410 1412 factam

355 1431 499 1471 quinque
533 1429 707 1471 capellanis
738 1428 975 1460 celebrantibus
1005 1429 1040 1460 in
1070 1430 1204 1461 ecclesia
1233 1429 1410 1461 cathedrali

354 1479 552 1511 Moraviensi
583 1479 617 1509 in
644 1478 766 1519 capella
784 1478 894 1509 Sancti
910 1479 1030 1510 Thome
1057 1479 1222 1520 Martyris,
1238 1490 1277 1510 ex
1294 1479 1408 1510 funda-

354 1529 444 1560 cione
461 1528 581 1559 domini
599 1527 719 1558 Thome
743 1527 918 1568 Ranulphy
943 1528 1069 1559 comitis
1085 1528 1230 1560 Moravie
1247 1532 1279 1559 et
1294 1528 1407 1560 confir-

351 1579 498 1609 macione
514 1577 636 1608 domini
652 1577 734 1617 regis
758 1577 889 1608 Roberti
902 1577 1009 1618 primi,
1025 1577 1155 1618 dempta
1178 1578 1276 1609 tercia
1298 1577 1407 1608 debita.

354 1638 468 1669 sponse
482 1627 604 1658 domini
616 1627 636 1657 J
640 1626 775 1657 ohannis
787 1626 905 1667 Ogilvy
917 1626 1061 1667 predicti,
1075 1627 1113 1658 de
1125 1627 1224 1658 firmis
1235 1627 1405 1659 comitatus

354 1678 508 1715 Moravie,
525 1677 563 1708 de
579 1676 726 1708 terminis
745 1676 842 1717 hujus
866 1676 1009 1717 computi
1025 1680 1058 1708 et
1080 1677 1140 1707 sub
1156 1677 1297 1717 periculo
1320 1687 1405 1708 com-

352 1727 506 1769 putantis,
523 1737 566 1757 xv
581 1726 612 1757 li.
637 1736 679 1756 xv
705 1730 728 1757 s.
753 1726 809 1766 viij
827 1726 858 1758 d.
902 1726 946 1757 Et
961 1726 1018 1757 uni
1042 1726 1206 1767 capellano
1229 1726 1404 1758 celebranti

352 1778 387 1808 in
403 1777 513 1808 eadem
535 1775 667 1807 ecclesia
689 1785 746 1815 pro
770 1775 877 1806 anima
899 1775 1062 1816 quondam
1084 1776 1166 1817 regis
1189 1776 1341 1808 Duncani
1364 1786 1404 1807 ex

352 1826 544 1858 fundacione
567 1824 746 1856 Alexandri
768 1825 850 1866 regis
866 1824 1006 1861 secundi,
1029 1825 1219 1866 percipienti
1235 1819 1403 1856 annuatim

353 1877 565 1918 quadraginta
587 1874 714 1912 solidos,
737 1874 867 1915 dempta
882 1875 981 1905 tercia
998 1874 1104 1905 debita
1127 1874 1211 1905 dicte
1227 1884 1342 1915 sponse
1363 1874 1404 1906 de

353 1937 436 1957 anno
463 1924 615 1966 computi,
639 1924 717 1964 xxvj
735 1927 757 1954 ἓ.
786 1924 842 1964 viij
859 1923 888 1954 d.
935 1923 977 1955 Et
1002 1923 1095 1954 alteri
1125 1923 1291 1965 capellano
1321 1923 1402 1958 cele-

353 1976 460 2007 branti
475 1975 509 2005 in
533 1974 643 2005 eadem
666 1973 800 2004 ecclesia
823 1973 957 2017 fundato
973 1983 1068 2014 super
1090 1973 1230 2004 dominio
1247 1972 1286 2004 de
1309 1973 1402 2004 Lam-

353 2025 442 2056 bride
469 2034 525 2065 per
548 2024 699 2054 baronem
729 2022 882 2063 ejusdem,
920 2022 1109 2063 percipienti
1139 2022 1307 2053 annuatim
1345 2032 1402 2053 sex

352 2084 482 2111 marcas,
494 2074 533 2105 de
546 2073 665 2104 eisdem
678 2072 832 2108 terminis,
847 2072 894 2113 iiij
911 2072 942 2103 fi.
989 2073 1031 2103 Et
1047 2072 1211 2113 capellano
1227 2072 1403 2103 celebranti

351 2125 385 2154 in
402 2127 504 2155 castro
520 2122 559 2153 de
576 2122 670 2162 Elgin
694 2121 828 2152 fundato
844 2131 900 2163 per
911 2121 1074 2162 quondam
1089 2121 1248 2152 Jacobum
1258 2121 1297 2152 de
1309 2121 1402 2152 Dun-

351 2175 408 2205 bar
431 2173 580 2204 comitem
603 2171 749 2202 Moravie
772 2171 811 2202 de
834 2171 927 2206 terris
950 2171 989 2202 de
1013 2170 1218 2202 Pettindrech
1239 2173 1272 2201 et
1295 2170 1401 2202 Greif-

352 2223 442 2263 schip
480 2222 519 2253 de
557 2221 660 2262 Elgin,
691 2220 881 2262 percipienti
925 2220 1093 2252 annuatim
1130 2220 1240 2252 decem
1269 2229 1400 2258 marcas,
