1551 2462
394 254 431 283 17
436 255 453 282 2
718 251 882 284 ROTULI
906 251 1124 284 SCACCARI
1352 254 1444 284 1463.

389 345 552 385 scriptam,
577 347 720 376 ostensas
747 355 842 386 super
865 348 1059 386 compotum,
1086 347 1119 376 et
1141 344 1181 376 de
1203 344 1321 386 quibus
1337 345 1444 376 dictus

388 394 497 426 David
527 395 612 436 Boys
643 395 782 426 reddidit
812 398 1005 436 compotum,
1035 394 1070 425 xl
1099 394 1131 425 n
1177 395 1220 426 Et
1245 395 1357 432 eidem,
1387 405 1444 435 per

388 443 615 475 liberaeionem
630 444 748 476 factam
765 444 850 475 dicto
866 444 974 476 David
990 445 1076 486 Boys
1089 444 1128 475 ad
1145 444 1264 476 dictam
1279 445 1442 482 fabricam,

388 493 427 524 de
439 493 550 525 eodem
568 494 726 531 mandato,
739 498 775 525 ut
785 497 875 535 patet
885 495 985 525 eciam
995 505 1051 535 per
1067 494 1194 526 literam
1211 493 1294 526 dicte
1311 489 1454 526 domine'

174 570 221 593 Res
240 570 339 593 audebit
387 543 495 584 regine
511 543 612 575 eciam
627 554 685 575 suo
700 544 824 585 signeto
834 548 866 575 et
881 544 1118 585 subscripcione
1130 544 1272 576 manuali
1285 545 1443 585 signatam

172 577 252 622 David
263 600 337 629 Boys.
388 595 558 631 ostensam,
574 597 606 625 et
629 604 686 635 pro
710 595 828 634 quibus
852 594 957 625 dictus
980 594 1089 626 David
1111 594 1326 636 respondebit,
1341 593 1377 624 xl
1399 593 1443 631 ir,

389 642 475 674 dioto
516 643 625 674 David
666 643 788 674 fatente
829 647 995 685 receptum
1031 654 1127 686 super
1164 647 1349 685 compotum
1385 654 1443 684 per

387 691 514 725 literam
541 692 620 723 dicti
647 693 769 724 domini
795 693 927 725 Roberti
955 693 1085 735 Spangy
1109 704 1166 725 sua
1189 694 1317 735 propria
1343 703 1442 724 manu

389 741 551 782 scriptam,
582 742 683 773 eciam
720 746 882 774 ostensam
919 753 1015 784 super
1052 746 1244 784 compotum.
1304 743 1348 774 Et
1385 753 1442 784 per

388 790 615 825 liberacionem
638 791 757 822 factam
780 802 837 832 per
861 792 999 824 eundem
1022 793 1203 834 Mergarete
1227 792 1265 824 de
1288 792 1442 824 Balfoure

388 839 429 873 ad
452 843 538 871 tecas
566 840 694 872 domine
724 841 831 882 regine
865 842 950 873 infra
974 846 1102 883 tempus
1133 842 1274 883 compoti
1305 842 1441 873 diversis

387 889 512 921 vicibus
535 890 574 921 de
600 891 751 922 mandato
779 891 906 923 domine
931 892 1047 933 regine,
1074 895 1111 923 ut
1132 895 1221 933 patet
1248 902 1304 933 per
1331 891 1441 923 literas

388 938 473 970 dicte
488 939 616 970 domine
643 939 750 980 regine
777 940 816 971 de
841 943 967 981 recepto
994 944 1027 972 et
1053 940 1173 973 librum
1198 941 1336 982 compoti
1362 940 1441 971 dicti

173 982 346 1034 ᾓζζξζξξξξῗε
387 988 567 1029 Margarete
584 989 685 1020 eciam
700 989 740 1020 de
761 993 888 1030 recepto
904 993 937 1021 et
960 993 1123 1021 ostensum
1139 1001 1235 1031 super
1246 994 1439 1031 compotum,

173 1030 291 1066 Balfssure.
387 1041 419 1068 et
449 1048 506 1078 pro
537 1038 653 1078 quibus
677 1038 892 1079 respondebit,
918 1037 966 1079 iij⁰
992 1039 1072 1070 lxxx
1098 1039 1131 1071 fi.
1176 1039 1219 1070 Et
1248 1038 1361 1076 eidem,
1383 1049 1441 1079 per

388 1087 609 1118 remissionem
625 1098 787 1129 gressume
809 1087 988 1120 Alexandri
1010 1089 1049 1120 de
1072 1088 1268 1120 Foulartoun
1291 1088 1330 1120 de
1347 1088 1440 1120 terris

388 1137 454 1168 suis
470 1137 554 1168 infra
570 1137 700 1169 balliam
717 1139 940 1179 computantis,
956 1139 995 1170 de
1011 1139 1162 1169 mandato
1179 1137 1308 1169 domine
1323 1138 1441 1179 regine,

387 1187 519 1218 custode
535 1187 654 1228 privati
676 1187 773 1228 sigilli
796 1190 935 1219 testante
958 1188 1179 1219 remissionem
1201 1197 1297 1228 super
1312 1197 1440 1229 compo-

385 1230 466 1273 mm,
489 1247 533 1267 xx
555 1237 587 1268 Π.
632 1237 675 1268 Et
699 1247 755 1278 per
775 1237 975 1268 consimilem
997 1237 1216 1268 remissionem
1240 1238 1358 1268 factam
1384 1247 1441 1279 per

387 1287 518 1317 eandem
547 1286 711 1318 dominam
738 1287 879 1328 reginam
903 1287 1047 1319 Johanni
1070 1287 1188 1328 Strang
1213 1287 1252 1318 de
1277 1297 1441 1328 gressuma

387 1338 542 1367 terrarum
559 1347 689 1367 suarum
711 1337 796 1368 infra
812 1337 943 1368 balliam
966 1337 1190 1377 compotantis,
1206 1336 1292 1367 dicto
1308 1337 1439 1368 custode

386 1385 503 1426 privati
531 1385 629 1426 sigilli
655 1389 793 1417 testante
818 1389 854 1417 ut
878 1387 976 1427 prius,
991 1386 1081 1426 xxxij
1106 1385 1137 1417 n.
1183 1385 1226 1416 Et
1249 1386 1361 1423 eidem,
1385 1396 1440 1427 per

386 1434 585 1465 consimilem
623 1435 841 1466 remissionem
882 1435 1002 1466 factam
1040 1435 1160 1466 Thome
1191 1435 1230 1466 de
1268 1434 1439 1472 Wardlaw,

386 1484 560 1521 citheriste,
575 1484 614 1515 de
625 1494 788 1525 gressuma
798 1488 952 1515 terrarum
963 1494 1104 1522 suarum,
1115 1484 1235 1515 factam
1247 1494 1305 1525 per
1320 1484 1440 1516 dictam

386 1534 550 1564 dominam
565 1534 715 1574 reginam,
738 1534 863 1575 prefato
887 1534 1017 1565 custode
1033 1534 1153 1575 privati
1175 1533 1275 1575 sigilli
1298 1537 1439 1566 testante

386 1593 482 1623 super
497 1586 690 1624 compotum,
713 1583 760 1624 lfij
780 1596 802 1615 s.
827 1584 873 1625 iiij
891 1583 920 1615 d.
966 1584 1008 1615 Et
1030 1583 1143 1620 eidem,
1167 1593 1224 1624 per
1239 1584 1439 1615 consimilem

385 1632 605 1664 remissionem
621 1633 738 1664 factam
754 1644 810 1674 per
832 1634 952 1665 dictam
968 1633 1131 1664 dominam
1152 1633 1295 1674 reginam
1311 1643 1438 1674 compo-

386 1683 470 1713 tanti
485 1682 524 1713 de
539 1692 702 1723 gressum-a
726 1687 881 1714 terrarum
897 1693 1027 1714 suarum
1050 1682 1089 1713 de
1112 1682 1224 1719 Treon,
1240 1682 1382 1719 Ballach‚
1406 1685 1438 1713 et

386 1732 565 1768 Lochlanis,
592 1742 670 1772 quas
694 1732 772 1763 dicit
794 1743 828 1764 se
850 1733 967 1764 habere
990 1732 1023 1762 in
1047 1732 1225 1763 feodifirma
1248 1742 1306 1773 per
1327 1732 1438 1763 literas

386 1781 477 1822 regis,
500 1781 585 1812 dicto
612 1782 742 1813 custode
765 1782 884 1823 privati
907 1781 1004 1822 sigilli
1031 1784 1170 1812 testante
1198 1782 1301 1812 eciam
1326 1782 1438 1813 remis-

386 1831 508 1862 sionem
524 1841 619 1871 super
634 1834 827 1871 compotum,
842 1841 887 1861 xx
902 1830 935 1862 ri.
951 1840 971 1860 x
995 1834 1018 1862 ἓ.
1064 1830 1107 1861 Et
1122 1830 1236 1868 eidem,
1251 1841 1312 1871 pen
1327 1831 1438 1862 remis-

387 1880 508 1912 sionem
535 1880 654 1911 faetam
681 1880 823 1921 Gillegar
851 1880 889 1911 de
920 1879 1092 1920 gressumis
1120 1880 1186 1910 suis
1210 1883 1242 1911 et
1268 1879 1308 1911 de
1337 1879 1437 1911 firmis

387 1939 518 1961 suarum
533 1933 689 1970 terrarum
712 1929 773 1960 sibi
790 1930 1022 1970 assignatarum
1044 1939 1100 1970 pro
1116 1928 1216 1959 feodo
1234 1938 1300 1965 suo,
1316 1928 1438 1959 scilicet

387 1980 426 2011 de
436 1980 536 2011 firmis
552 1979 590 2010 de
606 1979 708 2010 tribus
724 1979 869 2010 terminis
885 1978 981 2019 hujus
994 1979 1142 2019 compoti,
1158 1988 1179 2009 v
1193 1977 1225 2008 n'.
1270 1978 1313 2008 Et
1325 1977 1437 2014 eidem,

387 2029 426 2060 de
442 2029 541 2059 firmis
559 2028 697 2060 Simonis
713 2027 863 2065 Donaldi,
879 2028 1020 2059 custodis
1036 2037 1191 2069 equorum
1207 2026 1437 2057 indomitorum

386 2078 514 2109 domiue
539 2078 654 2118 regine,
677 2077 827 2108 videlicet
851 2077 929 2108 dicti
960 2077 1097 2114 stoderd,
1128 2077 1167 2108 de
1197 2076 1290 2107 terris
1316 2075 1436 2107 vocatis

387 2127 418 2158 le
456 2127 554 2168 Tayle
585 2127 624 2158 de
654 2126 772 2163 Lekko,
803 2136 865 2167 que
903 2136 936 2158 se
975 2126 1155 2157 extendunt
1192 2125 1361 2156 annuatim
1396 2125 1437 2156 ad

387 2177 466 2208 duas
488 2187 618 2214 marcas,
642 2186 716 2208 cum
737 2186 901 2217 gressuma
924 2175 1082 2208 dictarum
1106 2179 1269 2212 terrarum,
1287 2174 1437 2206 videlicet
