1551 2462
162 480 326 510 Respondebit

163 511 179 533 J
182 511 287 533 ohannes

164 541 262 569 Murray
273 546 317 569 pro
328 539 337 562 1

164 570 255 592 ovibus.

173 1246 338 1276 Respondebit

173 1276 318 1300 senescallus

175 1307 305 1336 Kingorne.

174 1343 340 1373 Respondebit

377 233 416 261 98
689 229 852 261 ROTULI
878 227 1114 260 SCACCARH
1337 230 1444 263 1461..

376 324 490 355 ovibus
501 334 574 354 cum
597 323 735 364 pellibus
760 323 798 355 de
810 324 957 355 eschaeta
973 323 1279 364 condempnatorum
1296 322 1331 352 in
1345 321 1430 352 dicto

376 374 499 410 itinere,
532 376 565 404 et
580 373 821 404 memorandum
846 373 931 414 quod
947 373 1031 404 dicte
1052 377 1152 404 marte
1169 372 1432 413 expendebantur

378 424 412 454 in
428 423 589 454 domicilio
600 423 728 454 domine
744 423 859 464 regine,
877 427 909 454 et
925 424 1043 454 intrate
1058 423 1090 453 in
1109 422 1199 453 libris
1212 421 1379 458 dietamm,
1396 424 1432 452 ut

379 476 468 514 patet
498 473 532 503 in
563 473 649 503 dieta
680 473 927 513 decimiseptimi
958 472 1153 509 Decembris,
1178 474 1210 502 et
1237 471 1321 502 dicte
1357 480 1432 501 oves

379 523 513 554 liberate
544 525 633 553 erant
664 522 806 553 Johanui
839 522 878 553 de
905 521 1060 558 Moravia,
1088 520 1279 552 armentario
1305 520 1433 551 domine

381 572 486 613 regine
509 572 544 602 in
569 572 695 608 foresta,
712 582 768 612 pro
793 572 909 612 quibus
932 571 1142 612 respondebit.
1189 570 1322 601 Summa
1337 569 1434 610 hujus

380 621 493 658 oneris,
509 621 590 661 xliiij
608 621 640 653 ri.
658 621 713 661 xiij
733 625 755 652 ἕ.
773 621 819 662 iiij
838 621 866 652 d.
884 621 962 661 xviij
981 624 1082 651 marte
1099 623 1130 651 et
1145 620 1157 650 l
1173 630 1255 651 oves.
1303 619 1435 650 Summa

380 671 490 703 totalis
502 670 706 707 oneraciouis‚
723 669 858 701 ix⁰xxxv
873 670 905 701 fi.
922 670 979 711 xiij
998 669 1025 700 d.
1046 670 1145 710 xxxvj
1162 669 1266 701 celdre
1283 668 1434 700 frumenti

382 721 480 761 xxxvj
494 720 596 752 celdre
620 720 707 751 ordei
730 720 810 761 xviij
835 723 936 751 marte
960 730 1034 751 cum
1057 719 1165 750 corriis
1181 719 1241 750 etl
1264 729 1338 750 oves
1362 728 1436 750 cum

381 770 527 812 pellibus.

424 821 573 861 Expense
596 820 748 860 ejusdem.
795 820 836 851 In
859 819 980 861 primis,
998 819 1133 851 allocate
1159 818 1356 860 compotanti
1379 828 1436 859 per

383 870 578 901 solucionem
617 870 736 900 factam
774 869 899 900 duobus
930 869 1104 910 capellanis
1136 869 1371 900 celebrantibus
1401 868 1436 898 in

384 919 517 957 ecclesia
547 919 714 959 collegiata
744 918 783 949 de
813 919 957 956 Dunbar,
988 919 1239 959 percipientibus
1270 918 1437 949 annuatim

384 968 499 1009 viginti
514 968 612 998 libras
636 968 675 999 de
698 968 799 998 firmis
823 968 1009 1008 burgalibus
1026 971 1058 998 et
1080 968 1339 999 molendinorum
1355 968 1438 1008 ejus-

386 1019 467 1056 dem,
492 1018 531 1049 de
555 1018 648 1049 dictis
673 1018 775 1048 tribus
800 1018 945 1049 terminis
975 1019 1035 1049 sub
1059 1018 1199 1058 periculo
1217 1017 1438 1058 compotantis,

387 1081 452 1103 xxx
468 1070 499 1101 fi.
546 1070 589 1100 Et
605 1070 716 1106 eidem,
733 1069 770 1101 de
788 1070 888 1114 firmis
905 1074 1060 1101 terrarum
1077 1070 1115 1101 de
1130 1070 1284 1100 Neutoun
1300 1070 1382 1110 Leys
1405 1069 1440 1100 in

387 1122 535 1153 manibus
552 1121 623 1153 Ade
641 1121 819 1162 Hepburne
835 1132 891 1162 pro
915 1122 1060 1154 custodia
1076 1122 1170 1153 castri
1187 1121 1225 1153 de
1244 1121 1385 1159 Dunbar,
1401 1120 1440 1152 de

387 1174 482 1205 dietis
498 1173 600 1204 tribus
616 1173 770 1210 terminis,
788 1174 844 1214 xiij
862 1173 894 1205 fi.
940 1174 982 1204 Et
999 1173 1110 1210 eidem,
1127 1174 1165 1204 de
1189 1173 1288 1204 firmis
1304 1176 1385 1204 terre
1402 1173 1441 1204 de

388 1224 652 1264 Litilpinkirtone
677 1233 733 1264 pro
757 1223 899 1254 custodia
925 1223 1003 1254 dicti
1026 1223 1120 1254 castri
1144 1226 1175 1254 et
1199 1223 1238 1254 de
1261 1222 1354 1254 dietis
1379 1226 1441 1253 ter-

390 1273 494 1310 minis,
511 1284 554 1304 xv
569 1273 601 1303 n.
647 1273 690 1304 Et
706 1283 762 1313 per
786 1272 983 1304 solucionem
1006 1273 1124 1303 factam
1148 1273 1276 1304 domino
1299 1271 1442 1303 Henrico

391 1323 429 1354 de
447 1323 620 1363 Kingorne,
637 1321 811 1353 senescallo
836 1321 964 1352 domine
981 1322 1097 1362 regine,
1114 1321 1154 1352 ad
1170 1331 1324 1362 expe-usas
1342 1320 1442 1351 domi-

175 1375 310 1397 florbertus
321 1373 365 1406 deu
392 1372 458 1403 cilii
488 1372 639 1412 ejusdem,
670 1372 740 1412 ipso
772 1371 893 1402 fatente
923 1375 1086 1411 receptum
1125 1380 1220 1411 super
1250 1374 1443 1410 compotum,

176 1404 274 1431 Morray
285 1409 330 1432 pro
340 1409 365 1431 ιι]
395 1421 415 1434 ,0

176 1433 266 1456 martis.

180 1585 344 1616 Respondebit

179 1617 195 1639 J
197 1617 302 1639 ohannes
313 1615 342 1637 de

180 1647 277 1674 Mormy
286 1651 330 1674 pro

180 1683 230 1698 xxx
241 1675 333 1698 ovibus.

389 1422 530 1463 Jlxxxix
560 1421 592 1452 fi.
630 1421 674 1461 xij
703 1425 726 1452 ἔ.
749 1421 805 1461 viij
840 1420 879 1457 d„
901 1430 957 1460 pro
997 1420 1114 1460 quibus
1144 1419 1355 1460 respondebit.
1402 1419 1444 1449 Et

393 1472 504 1508 eidem,
520 1481 576 1511 pro
592 1473 715 1511 septem
731 1470 842 1501 martis
854 1480 927 1501 cum
940 1470 1047 1501 corriis
1063 1470 1206 1501 liberatis
1223 1469 1382 1500 Herbarto
1406 1468 1444 1500 de

393 1521 539 1552 Moravia
570 1520 610 1551 ad
640 1530 733 1551 usum
765 1519 893 1550 domine
919 1519 1026 1560 regine
1052 1519 1087 1550 in
1114 1519 1226 1555 Pullis,
1249 1529 1305 1560 pro
1328 1518 1445 1559 quibus

393 1570 606 1611 respondebit,
630 1573 662 1601 et
685 1569 817 1610 triginta
833 1569 946 1600 ovibus
970 1569 1112 1600 liberatis
1138 1569 1279 1610 predicto
1302 1567 1447 1600 Johanni

396 1621 434 1651 de
458 1619 612 1656 Moravia,
628 1618 818 1650 armentario
843 1619 971 1649 domine
995 1619 1101 1660 regine
1126 1618 1164 1649 de
1188 1619 1313 1655 foreste,
1334 1621 1367 1648 et
1389 1627 1446 1658 pro

397 1670 512 1711 quibus
535 1668 747 1709 respondebit,
764 1678 785 1697 x
808 1667 839 1698 n.
886 1668 927 1698 Et
951 1668 1062 1705 eidem,
1086 1668 1124 1699 de
1149 1667 1248 1698 firmis
1273 1667 1386 1698 foreste
1408 1666 1447 1697 de

396 1720 459 1760 Dy,
476 1718 509 1748 in
526 1718 673 1748 manibus
691 1717 822 1748 Patricii
843 1717 1003 1754 C-okburn,
1025 1727 1098 1748 eum
1122 1717 1238 1758 quibus
1261 1718 1447 1756 compotans

397 1768 542 1809 superius
559 1770 715 1803 oneratur,
732 1777 771 1798 ex
789 1777 823 1797 eo
841 1767 926 1808 quod
943 1767 1048 1798 dictus
1066 1767 1222 1797 Patricius
1235 1765 1332 1796 habet
1347 1765 1448 1796 dictas

398 1818 505 1848 firmas
529 1816 567 1847 de
591 1816 719 1847 (lomina
742 1816 851 1856 regina
874 1826 931 1856 per
953 1816 1084 1846 modum
1110 1815 1276 1852 excambii,
1292 1814 1332 1845 de
1354 1814 1449 1845 dictis

400 1867 502 1898 tribus
526 1866 680 1903 terminis,
704 1868 799 1906 prout
822 1865 900 1895 fides
935 1865 1019 1896 facta
1043 1865 1104 1896 fuit
1137 1873 1233 1905 super
1257 1867 1449 1904 compotum,

400 1927 443 1947 xv
467 1915 498 1946 l-i.
544 1915 586 1946 Et
609 1915 720 1951 eidem,
736 1924 792 1954 per
814 1913 1008 1944 solucionem
1032 1914 1149 1945 factam
1179 1913 1250 1944 Ade
1273 1913 1451 1953 Hepburne

401 1976 457 2008 pro
474 1964 617 1996 custodia
633 1961 728 1995 castri
744 1963 782 1994 de
799 1963 934 1993 Dunbar
950 1962 988 1994 de
1004 1963 1106 1994 tribus
1123 1961 1268 1994 terminis
1284 1961 1451 2003 preteritis,

402 2016 441 2046 de
457 2014 608 2045 mandato
631 2013 759 2044 domine
781 2012 896 2052 regine,
913 2011 1043 2042 custode
1060 2012 1177 2052 privati
1200 2011 1298 2052 sigilli
1313 2014 1452 2042 testante

404 2064 600 2100 mandatum,
613 2063 672 2102 j‘l'i.
719 2063 761 2093 Et
777 2062 888 2099 eidem,
900 2066 1028 2102 propter
1045 2062 1227 2092 vastitatem
1244 2065 1397 2092 terrarum
1414 2060 1452 2091 de

406 2113 574 2145 Chiruside
599 2113 636 2143 de
661 2112 762 2153 primo
785 2111 921 2142 termino
946 2111 1041 2152 hujus
1066 2111 1211 2151 compoti,
1229 2121 1271 2141 xv
1287 2110 1318 2142 li.
1342 2110 1408 2151 xvij
1426 2114 1450 2141 ἐ.

406 2164 436 2203 vj
462 2163 490 2194 d.
538 2162 579 2193 Et
605 2162 717 2198 eidem,
733 2164 863 2202 propter
887 2161 1069 2192 vastitatem
1096 2160 1261 2201 cujusdam
1292 2160 1391 2201 partis
1415 2159 1454 2191 de
