1551 2462
78 271 166 300 1461.
386 266 548 298 REGUM
571 265 818 298 SOOTORUM.
1086 270 1124 298 93

76 360 387 403 quadringentesimo
398 360 594 401 sexagesimo
610 360 759 398 secundo,
776 360 814 391 de
827 360 976 391 omnibus
987 360 1123 401 receptis

76 412 142 444 suis
157 414 190 443 et
205 411 352 451 expensis
377 421 434 451 per
457 411 564 441 firmas
581 413 613 441 et
636 410 741 441 exitus
763 410 841 441 dicti
864 410 1008 448 dominii,
1024 412 1056 441 et
1079 410 1125 441 sic

76 462 115 493 de
131 464 268 502 quatuor
283 460 429 492 terminis
446 460 529 491 infra
544 460 604 491 hoc
622 463 814 500 compotum.

119 511 159 542 In
175 510 294 552 primis,
310 513 420 541 onerat
437 520 470 541 se
493 510 532 541 de
549 509 582 540 xl
599 509 631 541 hi
648 509 739 550 xlviij
765 510 946 541 salmonum
969 509 1008 540 de
1025 510 1124 540 firmis

75 563 231 592 terrarum
268 559 510 590 dominicalium
541 558 580 590 (18
613 559 800 600 Kynclevin
838 569 912 590 cum
942 559 1126 590 molendino

76 610 218 651 ejusdem
248 609 286 640 (18
310 608 404 639 dictis
427 611 565 648 quatuor
587 608 742 647 terminis.
787 608 830 639 Et
853 608 892 639 de
916 608 982 648 xvij
1000 608 1032 639 11¹.
1050 608 1082 648 vj
1101 612 1125 640 ἒ.

76 659 130 700 viij
155 659 184 690 d.
208 658 299 699 xlviij
323 657 520 689 salmonibus
537 662 693 688 terrarum
716 657 754 688 de
778 657 937 688 Ballathis
961 657 1000 688 (18
1031 657 1126 688 dictis

77 708 228 740 terminis.
273 708 315 738 Et
336 707 375 738 de
397 707 463 747 xvij
481 706 513 737 fi.
530 706 560 747 vj
576 710 597 737 s.
623 706 678 747 viij
697 706 726 737 d.
743 711 899 738 terrarum
919 706 956 737 de
973 707 1127 747 Innerety

75 758 114 790 de
136 758 229 789 dictis
253 757 405 788 terminis.
451 757 493 787 Et
517 756 555 787 de
579 756 657 797 xviij
676 756 707 787 fi.
733 757 789 797 xiij
807 761 829 788 ἔ.
855 757 900 797 iiij
918 757 947 787 d.
972 760 1004 788 et
1020 757 1059 787 de
1076 757 1120 797 lvj

75 807 272 840 salmonibus
296 811 452 838 terrarum
468 806 506 837 (18
530 806 690 847 Mukarsy
708 807 746 837 (18
770 807 865 838 dictis
883 807 1038 838 terminis.
1085 807 1128 838 Et

77 857 115 889 de
130 857 195 898 xvij
213 857 245 888 fi.
269 856 300 897 vj
323 860 345 887 s.
369 856 425 896 viij
443 855 472 886 d.
496 859 654 887 terrarum
677 856 717 887 de
740 856 942 888 Tulibeltane
967 856 1005 887 (18
1028 856 1123 887 dictis

75 907 230 940 terminis.
275 907 318 937 Et
333 906 372 937 de
389 906 465 946 xxvj
482 905 515 937 fi.
532 905 588 946 xiij
606 910 628 937 s.
647 906 692 947 iiij
711 906 740 938 d.
756 910 914 938 terrarum
931 906 970 938 de
985 906 1126 947 Erntuly

78 957 117 988 de
132 956 226 988 dictis
249 955 404 987 terminis.
450 955 492 986 Et
508 955 547 986 de
570 955 602 996 vj
620 955 651 986 fi.
670 956 725 996 xiij
745 962 767 987 s.
791 956 837 996 iiij
856 956 885 987 d.
909 959 1067 987 terrarum
1089 956 1129 987 de

77 1006 292 1038 Dalmernoch
304 1006 403 1036 Inner
415 1008 447 1036 et
463 1004 646 1038 molendino
660 1005 802 1046 ejusdem
818 1005 857 1036 de
867 1005 961 1036 dictis
975 1005 1130 1036 terminis.

79 1056 210 1087 Summa
234 1055 330 1095 hujus
354 1055 467 1091 oneris,
479 1052 506 1094 j⁹
522 1054 604 1094 xliiij
622 1054 654 1086 ii.
700 1055 833 1086 Summa
849 1055 1030 1086 salmonum
1047 1055 1129 1096 ejus-

78 1105 161 1143 dem,
174 1105 200 1146 j⁰
217 1104 315 1145 xxxij.

122 1155 271 1195 Expense
301 1153 453 1194 ejusdem.
498 1153 539 1185 ln
559 1153 679 1194 primis,
696 1153 829 1185 allocate
853 1154 1051 1195 compotanti
1073 1165 1130 1195 per

79 1203 274 1235 solucionem
300 1202 419 1234 factam
448 1202 578 1234 domino
603 1202 742 1233 Roberto
773 1203 876 1240 Mure,
907 1204 947 1234 de
977 1204 1129 1235 mandato

79 1252 197 1294 privati
209 1251 315 1293 sigilli,
325 1252 394 1292 ipso
405 1251 535 1283 custode
547 1251 664 1292 privati
677 1252 775 1292 sigilli
786 1255 923 1284 testante
932 1253 1122 1284 mandatum

1124 1280 1131 1291 ’
1146 1282 1311 1311 Respondebit

80 1313 147 1333 xxx
161 1302 204 1340 H,
227 1301 266 1333 de
289 1301 407 1342 quibus
430 1301 568 1335 reddidit
591 1305 775 1342 compotum
797 1301 832 1332 in
859 1312 986 1333 summa
1017 1303 1132 1334 tricen-
1147 1312 1222 1334 Mure.

79 1356 186 1383 tarum
215 1351 369 1382 librarum
399 1350 478 1381 alias
509 1350 758 1383 deliberatarum
784 1351 911 1382 domine
943 1352 1063 1393 regine,
1094 1357 1132 1383 ut

80 1404 169 1442 patet
188 1400 223 1431 in
245 1400 359 1431 rotulis
383 1400 523 1441 compoti
546 1399 625 1431 dicti
647 1400 788 1431 custodis
811 1401 930 1441 privati
946 1401 1044 1442 sigilli
1061 1402 1135 1433 sub-

59 1450 206 1491 ‘scriptis
229 1460 328 1481 manu
351 1449 478 1480 domine
500 1449 617 1490 regine.
663 1450 705 1480 Et
729 1450 841 1487 eidem,
865 1461 921 1491 per
936 1450 1132 1482 solucionem

81 1500 199 1531 factam
223 1499 308 1531 dicto
325 1499 453 1530 domino
480 1499 620 1530 Roberto
636 1499 740 1534 Mure,
758 1503 794 1531 ut
810 1503 899 1540 patet
915 1510 971 1541 per
987 1501 1133 1532 cedulam

81 1558 178 1580 manu
193 1558 250 1580 sua
266 1548 418 1589 scriptam
434 1551 595 1580 ostensam
610 1559 706 1589 super
722 1552 917 1590 compotum,
934 1550 1001 1590 xxij
1018 1550 1060 1588 11,
1076 1561 1133 1591 pro

81 1598 197 1640 quibus
234 1597 447 1638 respondebit.
493 1598 534 1628 Et
565 1598 677 1635 eidem,
700 1608 757 1639 per
787 1599 983 1630 solucionem
1014 1600 1133 1631 factam

81 1648 174 1679 certis
196 1647 410 1689 gressionibus
434 1647 646 1681 existentibus
669 1648 704 1678 in
726 1648 886 1679 Methven
909 1649 949 1680 ad
976 1660 1132 1690 expensas

81 1707 162 1735 suas,
178 1697 216 1729 de
239 1697 390 1729 mandato
406 1697 485 1728 dicti
508 1697 630 1730 domini
646 1697 779 1728 Roberti
794 1698 899 1736 Mure,
915 1702 952 1729 ut
967 1702 1056 1739 patet
1079 1710 1135 1740 per

82 1747 226 1779 cedulam
256 1747 407 1788 scriptam
439 1757 537 1778 manu
568 1747 712 1788 ejusdem
735 1752 897 1779 ostensam
928 1759 1023 1789 super
1054 1760 1135 1780 com-

82 1801 201 1838 potum,
231 1797 291 1828 sub
313 1796 454 1837 periculo
478 1797 699 1837 compotantis,
723 1797 757 1828 xl
773 1801 805 1834 s„
828 1808 885 1838 pro
908 1799 1025 1838 quibus
1048 1798 1134 1829 idem

83 1845 229 1877 dominus
245 1847 402 1877 Robertus
418 1845 629 1886 respondebit.
677 1847 719 1877 Et
735 1846 850 1884 eidem,
866 1857 922 1887 per
938 1847 1134 1878 solucionem

83 1896 200 1927 factam
238 1895 330 1926 uxori
367 1895 481 1926 Jacobi
521 1895 657 1926 Guvane
694 1906 750 1937 pro
789 1897 937 1937 expensis
976 1907 1054 1928 cm..-
1102 1907 1135 1927 m

58 1955 61 1957 ’
83 1944 300 1986 Anglicorum,
323 1945 383 1976 sub
410 1944 553 1985 periculo
570 1946 792 1986 compotantis,
816 1946 854 1977 de
878 1946 1028 1977 mandato
1056 1937 1134 1977 dicti
1153 1956 1183 1970 *-

84 1994 203 2026 domini
219 1995 352 2026 Roberti
367 1994 471 2031 Mure,
484 1997 520 2025 ut
536 1997 624 2035 patet
641 2005 697 2035 per
714 1995 862 2026 cedulam
871 1996 1022 2036 scriptam
1037 2006 1135 2026 manu

18 2058 24 2077 ι
84 2043 225 2084 ejusdem
249 2047 408 2075 ostensam
431 2043 532 2075 eciam
555 2053 651 2084 super
682 2048 875 2085 compotum,
899 2049 931 2075 et
946 2055 1002 2085 pro
1019 2045 1135 2085 quibus

84 2092 295 2134 respondebit,
311 2093 345 2123 xl
361 2097 383 2124 s.
429 2093 471 2124 Et
488 2093 599 2130 eidem,
615 2103 672 2134 per
688 2093 884 2125 solucionem
908 2094 1026 2125 factam
1049 2094 1135 2125 dicto

84 2141 212 2173 domiuo
235 2142 374 2173 Roberto
391 2142 494 2179 Mure!
517 2142 556 2173 de
580 2143 731 2174 mandato
747 2144 826 2174 dicti
852 2144 993 2175 custodis
1018 2144 1135 2184 privati

85 2191 190 2233 sigilli,
205 2192 273 2233 ipso
287 2191 417 2223 custode
432 2191 550 2233 privati
567 2192 663 2233 sigilli
682 2195 820 2224 testante
837 2193 1032 2231 mandatum,
1047 2194 1090 2234 xij
1103 2194 1134 2225 11.

1207 1606 1244 1628 Do

1208 1850 1251 1873 Do.
1284 1843 1286 1850 ’

1208 2106 1252 2129 Do.
