1551 2462
190 530 237 552 Res
271 530 356 554 ndebit

190 560 241 582 Gut
259 567 291 588 re,

188 589 359 614 thesaurarius.

190 1669 238 1692 Res
257 1669 356 1692 ondebit

190 1699 242 1722 Gut
260 1706 292 1727 re,

190 1728 362 1752 thesaurarius.

191 1866 355 1895 Respondebit

192 1896 347 1924 Bikertoune,

193 1925 344 1948 senescallus.

408 242 468 271 112
718 237 881 272 ROTULI
905 239 1142 272 SCACCARII
1364 241 1455 270 1462.

405 333 524 364 factam
539 333 678 364 Patricio
701 333 946 370 Maleomesone,
970 332 1136 363 forestario
1152 331 1191 362 de
1214 331 1404 368 Mamlorne,
1421 332 1456 362 in

405 383 496 414 feodo
513 393 579 421 suo,
595 383 633 414 de
649 383 799 414 mandato
823 382 945 414 domini
961 382 1041 422 regis
1057 381 1233 412 literatorio
1257 381 1316 412 sub
1332 381 1456 422 signeto

404 436 530 463 ostenso
561 443 656 473 super
687 435 879 473 compotum,
910 442 967 472 pro
998 431 1145 462 custodia
1168 430 1252 462 dicte
1277 430 1394 462 foreste
1417 430 1457 461 de

404 482 499 513 dictis
529 483 633 513 tribus
660 482 815 518 terminis,
845 481 880 512 xl
895 485 918 512 s.
964 481 1007 511 Et
1037 480 1149 517 eidem,
1180 490 1237 521 per
1259 480 1457 511 solucionem

404 531 523 563 factam
545 532 695 572 magistro
719 531 826 561 David
843 530 976 567 Guthre,
992 530 1199 567 thesaurario,
1215 529 1332 560 fatenti
1347 539 1455 570 recep-

404 585 475 612 tum
505 591 600 621 super
623 584 816 621 compotum,
838 579 908 617 ln„
931 590 988 620 pro
1011 579 1128 620 quibus
1151 579 1365 620 respondebis.
1411 579 1454 609 Et

404 631 516 667 eidem,
531 641 588 671 per
604 630 800 661 solucionem
816 629 934 660 factam
958 629 1086 660 domino
1103 628 1215 659 Colino
1232 628 1377 659 Cambell
1399 638 1456 669 pro

404 680 496 711 feodo
519 689 576 711 suo
600 680 638 711 de
661 680 755 710 dictis
778 679 881 710 tribus
904 678 1051 709 terminis
1074 677 1159 708 infra
1182 678 1242 709 hoc
1265 682 1458 719 compotum,

403 729 463 760 sub
493 729 634 770 periculo
666 729 887 769 compotantis,
918 728 953 758 xl
983 727 1015 758 fi.
1075 727 1118 758 Et
1147 727 1260 764 eidem,
1291 727 1330 758 de
1356 727 1457 758 firmis

403 784 562 809 terrarum
580 778 619 809 de
636 778 752 818 Cluny,
768 787 989 808 concessarum
1007 787 1064 817 per
1086 777 1252 808 dominum
1275 787 1382 818 regem
1404 777 1456 817 pie

405 828 558 859 memorie
573 827 702 858 domino
718 828 740 858 J
743 827 862 858 ohanni
878 826 1015 858 Stewart
1031 826 1070 857 de
1086 826 1265 867 Cardenny‚
1288 826 1393 863 militi,
1416 826 1457 857 ad

404 877 514 914 vitam,
537 877 576 908 de
606 877 700 908 dictis
730 876 833 907 tribus
858 876 1011 912 terminis,
1042 886 1085 906 xx
1108 875 1140 906 n.
1186 875 1228 906 Et
1258 875 1371 914 eidem,
1400 885 1457 916 per

404 926 599 958 solucionem
615 926 732 957 factam
757 925 885 956 domine
900 924 1039 956 Matilde
1055 924 1234 966 Lyndesay,
1250 925 1289 956 de
1306 925 1456 956 mandato

405 976 527 1007 domini
541 975 624 1016 regis
640 975 815 1006 literatorio
832 975 910 1006 alias
927 974 988 1005 sibi
1005 984 1151 1005 concesso
1169 977 1201 1005 eb
1217 977 1344 1005 ostenso
1360 984 1457 1015 super

405 1029 599 1066 compotum,
623 1025 693 1065 ipsa
715 1024 838 1055 fatente
861 1024 1058 1055 solucionem
1082 1033 1177 1064 super
1200 1027 1394 1064 compotum,
1417 1024 1456 1055 de

405 1075 499 1106 dictis
510 1075 614 1105 tribus
625 1074 770 1105 terminis
782 1073 868 1104 infra
878 1073 938 1104 hoc
948 1077 1142 1114 compotum,
1155 1083 1198 1103 xx
1214 1073 1246 1104 li.
1291 1073 1334 1104 Et
1344 1073 1457 1111 eidem,

405 1135 462 1165 per
485 1124 681 1165 superfluam
703 1123 924 1155 oneracionem
947 1125 1103 1153 terrarum
1121 1122 1160 1154 de
1185 1122 1396 1163 Glenlyoune,
1420 1133 1456 1154 eo

404 1174 490 1214 quod
503 1174 587 1205 dicte
598 1177 679 1204 terre
691 1176 820 1204 tantum
832 1172 1020 1203 assedantur
1029 1182 1086 1212 pro
1097 1172 1330 1213 quinquaginta
1341 1173 1456 1204 marcis

404 1224 440 1254 in
463 1234 554 1260 anno,
571 1226 608 1254 ut
623 1225 713 1264 patet
736 1222 769 1253 in
785 1221 911 1258 rentali,
926 1222 965 1253 de
981 1221 1075 1252 dictis
1091 1222 1193 1252 tribus
1209 1222 1364 1259 terminis,
1386 1233 1408 1252 v
1423 1222 1455 1254 li.

405 1283 427 1304 x
443 1278 464 1304 Ξ.
512 1274 553 1304 Et
569 1273 681 1308 eidem,
697 1272 736 1303 de
759 1272 859 1302 firmis
881 1274 1039 1302 terrarum
1063 1271 1102 1302 de
1125 1272 1224 1302 Inver
1246 1282 1319 1302 cum
1335 1271 1456 1303 molen-

405 1323 481 1353 dino
497 1332 720 1353 concessarum
735 1332 792 1362 per
815 1325 935 1352 cartam
959 1320 1079 1351 domini
1095 1321 1176 1362 regis
1193 1321 1339 1361 episcopo
1362 1322 1455 1352 Dun-

405 1372 551 1403 keldensi
564 1372 597 1402 in
611 1371 820 1407 excambium,
833 1370 872 1401 de
889 1370 982 1400 dictis
994 1370 1148 1407 terminis,
1158 1370 1192 1410 iij
1210 1370 1241 1401 li
1287 1370 1330 1401 Et
1345 1371 1454 1402 abbati

405 1421 444 1452 de
462 1422 572 1458 Scona,
594 1431 651 1461 pro
675 1420 822 1451 secundis
846 1419 977 1450 decimis
1001 1419 1062 1449 sibi
1085 1419 1201 1450 debitis
1224 1420 1263 1450 de
1286 1420 1393 1451 warda
1415 1420 1454 1452 de

405 1469 635 1511 Ballegernach
668 1469 707 1500 de
737 1469 831 1499 dictis
861 1468 1016 1505 terminis,
1046 1469 1078 1509 vj
1096 1468 1127 1499 fi.
1183 1469 1226 1499 Et
1256 1469 1367 1507 eidem,
1397 1479 1455 1510 per

404 1519 630 1551 liberacionem
659 1518 778 1549 factam
801 1518 952 1558 magistro
975 1517 1083 1548 David
1106 1517 1230 1549 Guthre
1253 1529 1310 1559 per
1339 1529 1454 1550 manus

405 1568 550 1610 magistri
566 1567 698 1599 Roberti
709 1568 734 1598 F
735 1570 844 1603 orster,
855 1567 1074 1603 senescalli‚ad
1085 1577 1240 1608 expensas
1251 1568 1452 1599 dominorum

405 1618 444 1649 de
460 1617 593 1649 consilio
609 1617 642 1647 in
659 1616 764 1652 Perth,
780 1616 848 1657 ipso
865 1616 1016 1657 magistro
1029 1617 1136 1647 David
1153 1617 1274 1648 fatente
1289 1621 1453 1658 receptum

404 1678 501 1709 super
517 1670 708 1707 compotum,
732 1666 811 1706 xviij
828 1665 860 1697 n.
885 1666 962 1706 xviij
979 1670 1002 1696 s.
1020 1666 1042 1706 ij
1059 1665 1098 1703 d„
1113 1676 1170 1706 pro
1193 1666 1309 1706 quibus
1324 1677 1454 1707 respon-

406 1717 502 1748 debit.
562 1716 604 1747 Et
634 1715 747 1751 eidem,
777 1715 812 1745 in
842 1715 975 1755 triginta
1012 1725 1066 1746 sex
1099 1715 1210 1746 martis
1241 1715 1454 1757 quadraginta

405 1765 591 1798 mutonibus
615 1775 670 1795 sex
694 1764 787 1795 bonis
811 1764 965 1795 frumenti
991 1768 1128 1804 quatuor
1150 1765 1264 1796 celdris
1280 1765 1454 1796 carbonum

405 1826 470 1846 una
496 1814 602 1846 celdra
629 1824 685 1844 sex
715 1813 809 1844 bollis
835 1813 918 1849 salis,
942 1814 1058 1853 emptis
1081 1824 1137 1855 per
1164 1817 1396 1854 compotantem
1422 1818 1454 1846 et

405 1864 547 1896 liberatis
581 1863 710 1894 domino
745 1862 909 1893 Willelmo
949 1862 1135 1900 Bikortoun,
1165 1863 1347 1901 senescallo,
1384 1864 1454 1905 ipso

406 1915 527 1945 fatente
543 1916 716 1953 receptum,
729 1912 763 1942 xl
778 1911 809 1942 fi.
822 1912 854 1952 vj
873 1915 895 1942 s.
912 1911 968 1952 viij
986 1912 1025 1948 d„
1035 1922 1092 1953 pro
1109 1913 1226 1953 quibus
1241 1913 1454 1954 respondebit.

405 1964 448 1994 Et
471 1963 582 1999 eidem,
605 1962 645 1992 dc
675 1961 775 1992 firmis
798 1964 970 1991 ternarum
996 1960 1034 1992 de
1056 1961 1211 1993 Rannach
1238 1972 1311 1993 cuni
1335 1963 1452 2003 quibus

406 2015 592 2053 compotans
614 2010 759 2051 superius
783 2013 940 2046 oneratur,
963 2020 1003 2041 ex
1027 2021 1062 2041 eo
1086 2011 1171 2052 quod
1194 2012 1397 2052 reperiuntur
1419 2012 1454 2043 in

405 2062 520 2093 rotulis
532 2060 775 2102 precedentibus
790 2059 930 2090 assedari
942 2069 998 2100 pro
1014 2059 1122 2091 decem
1139 2061 1252 2091 marcis
1264 2061 1298 2091 in
1311 2071 1403 2098 anno,
1415 2061 1454 2093 de

407 2111 501 2142 dictis
517 2111 621 2141 tribus
637 2109 790 2145 terminis,
807 2108 871 2149 xvij
891 2108 921 2139 n‘.
939 2119 959 2139 x
972 2113 995 2139 s.
1041 2109 1083 2139 Et
1104 2109 1217 2147 eidem,
1232 2120 1289 2151 pro
1306 2121 1327 2140 x
1343 2111 1454 2142 martis

407 2161 501 2192 dionis
523 2159 712 2191 stukmartis
736 2158 774 2190 de
799 2157 970 2199 Desoheyr,
994 2158 1147 2200 Tweoyir,
1170 2163 1202 2190 et
1224 2160 1454 2201 AppynnaduL
