1551 2462
133 254 191 283 146
198 254 224 284 1.
443 250 605 283 REGUM
629 250 875 283 SCOTORUM.
1144 255 1159 284 7
1165 256 1182 284 3

130 343 217 375 ordei
227 347 312 376 terre
328 344 366 376 de
375 344 406 376 le
423 344 495 376 Star
511 344 549 375 de
560 344 680 376 eisdem
696 344 850 377 terminis.
896 345 939 376 Et
953 345 992 376 de
1003 345 1038 376 xl
1052 344 1086 376 ii.
1101 348 1182 377 terre

129 394 169 425 de
192 394 424 435 Murthocarny
447 394 486 425 de
509 394 628 425 eisdem
652 394 805 426 terminis.
852 395 894 426 Et
910 395 949 426 de
972 395 1027 436 xxj
1050 394 1083 426 li.
1107 405 1128 425 x
1159 399 1183 426 ἔ.

126 443 139 485 j
158 443 264 475 oeldra
281 444 349 485 xiiij
374 444 468 475 bellis
492 444 646 475 frumenti
662 444 684 485 ij
710 444 824 476 celdris
849 455 870 475 v
892 444 988 476 bollis
1012 445 1033 485 ij
1059 444 1182 476 ferlotis

129 493 219 524 ordei
233 497 315 524 terre
331 494 370 524 de
387 493 536 525 Robhulit,
557 493 596 524 de
619 493 740 524 eisdem
763 494 917 525 terminis.
964 494 1007 525 Et
1029 494 1068 525 de
1091 494 1122 535 vj
1140 493 1182 531 fi„

130 543 169 574 de
185 543 284 574 firmis
304 543 480 575 molendini
503 543 542 574 de
566 543 716 574 Rothulit
741 543 781 575 de
804 543 925 575 eisdem
948 543 1103 580 terminis,
1126 543 1181 574 sed

129 603 216 624 nunc
231 593 396 624 assedatur
411 593 534 624 dictum
550 592 772 624 molendinum
795 603 852 634 pro
875 596 946 624 octo
969 593 1094 624 marcis.
1140 593 1182 623 Et

129 692 242 724 celdris
258 692 304 733 iiij
323 692 417 724 bollis
433 692 520 723 ordei
536 695 617 723 terre
634 691 672 723 de
689 692 810 725 Ardate
827 692 866 723 de
882 692 1003 723 eisdem
1028 692 1182 725 terminis.

129 742 172 773 Et>
194 742 233 773 de
256 742 300 782 xij
318 742 360 779 fi„
383 742 421 773 de
446 741 546 773 firmis
569 741 747 776 molendini
770 742 921 782 ejusdem.
968 742 1010 773 Et
1033 742 1072 773 de
1088 753 1133 772 xx
1148 742 1181 773 fi.

128 791 150 832 ij
167 791 282 823 oeldris
298 792 354 832 viij
371 791 466 823 bonis
483 792 636 824 frumenti
652 791 686 832 iij
711 791 825 823 celdris
849 792 871 833 ij
896 791 992 823 bollis
1015 792 1103 823 ordei
1125 802 1182 833 per

127 841 266 882 integras
290 841 396 872 firmas
420 841 459 872 de
483 841 570 872 Estir
595 841 693 872 Dron.
738 841 781 872 Et
808 841 847 872 de
873 841 927 882 viij
955 841 998 879 HK,
1019 841 1058 872 de
1082 842 1182 872 firmis

129 891 305 922 molendini
320 891 464 932 ejusdem
481 891 519 922 de
535 890 655 923 eisdem
672 891 826 923 terminis.
871 892 914 922 Et
937 891 977 923 de
1000 902 1068 922 xxx
1083 891 1125 929 fi„
1141 891 1181 922 de

128 940 222 972 terris
252 940 291 972 de
320 940 515 972 Thomaston
540 951 613 971 oum
638 941 823 972 molendino
850 941 994 982 ejusdem
1021 941 1060 972 de
1086 941 1181 972 dictis

128 990 282 1021 terminis.
327 990 370 1021 Et
385 990 424 1021 de
441 991 485 1031 xij
502 990 534 1021 fi.
551 994 707 1022 terrarum
725 990 763 1021 de
780 990 959 1031 Feryfeilde
970 994 1002 1021 et
1013 990 1181 1022 Boufeilde

128 1040 167 1071 de
198 1039 316 1071 eisdem
346 1040 499 1071 terminis.
545 1040 588 1072 En
618 1040 657 1071 de
681 1051 726 1074 xv
747 1040 790 1078 ii„
820 1040 998 1071 molendini
1021 1040 1181 1071 fullonum

128 1100 268 1121 unacum
285 1089 391 1121 warda
406 1090 445 1121 de
462 1090 568 1130 Cupro
585 1090 623 1121 de
639 1089 757 1121 eisdem
776 1089 931 1121 terminis.
977 1090 1020 1121 Et
1039 1089 1078 1121 de
1102 1101 1123 1120 x
1138 1090 1180 1127 fi„

128 1139 168 1171 de
184 1139 283 1171 firmis
299 1139 476 1170 molendini
494 1140 533 1171 (18
558 1139 648 1170 Bello
671 1139 711 1171 de
734 1139 854 1171 eisdem
877 1140 1031 1171 terminis.
1077 1140 1119 1170 Ee
1142 1140 1182 1171 de

128 1339 297 1370 Dunmure
314 1350 387 1370 cum
404 1345 494 1380 prato
510 1343 543 1370 et,
562 1343 630 1370 orto
653 1339 796 1379 ejusdem
820 1339 859 1370 de
882 1339 1001 1370 eisdem
1024 1339 1178 1371 terminis.

127 1389 170 1420 Et
185 1388 224 1420 de
240 1389 352 1430 xxxvij
369 1389 400 1420 fi.
418 1398 461 1420 xv
477 1389 506 1420 d.
519 1389 532 1429 j
550 1388 657 1421 oeldra
673 1388 727 1429 viij
743 1388 836 1420 bollis
852 1399 1027 1422 avenarum
1043 1392 1125 1420 terre
1141 1389 1180 1421 de

127 1438 360 1470 Auldlundoris
399 1449 471 1470 cum
502 1438 642 1479 eocagiis‚
673 1444 741 1470 orto
781 1442 814 1469 et
843 1442 935 1479 prato
966 1439 1110 1479 ejusdem
1140 1439 1179 1470 de

127 1488 245 1520 eisdem
261 1488 415 1520 terminis.
460 1489 503 1520 Et
518 1489 557 1520 de
573 1488 629 1529 v-iij
648 1488 689 1525 fi„
704 1492 787 1520 terre
804 1488 843 1519 de
860 1488 980 1530 Inohry
997 1482 1035 1520 (18
1059 1489 1180 1520 eisdem

126 1539 279 1570 terminis.
325 1539 368 1571 Et
391 1539 430 1571 de
457 1538 535 1580 xviij
559 1538 602 1576 ΠΖ,
632 1541 714 1570 terre
737 1538 777 1570 de
802 1538 970 1580 Wodmyll
997 1539 1036 1570 de
1059 1539 1180 1571 eisdem

125 1589 278 1620 terminis.
324 1589 367 1620 Et
390 1588 430 1620 de
457 1587 492 1620 xl
506 1588 550 1625 li„
573 1588 612 1619 de
636 1588 735 1621 firmis
759 1592 840 1620 terre
871 1589 910 1620 de
935 1588 1077 1620 Kinlooh
1105 1599 1180 1621 eum

127 1637 232 1669 fabrili
248 1642 281 1670 et
296 1638 481 1672 molendino
502 1638 646 1679 ejusdem
669 1638 708 1669 de
731 1638 851 1669 eisdem
874 1638 1027 1670 terminis.
1074 1639 1117 1670 Et
1139 1639 1179 1670 de

127 1689 181 1729 xxj
198 1688 230 1721 li.
247 1689 292 1730 xij
310 1689 404 1720 bollis
420 1699 594 1720 avenarum
610 1698 667 1729 per
682 1688 823 1729 integras
838 1688 947 1719 firmas
962 1692 1120 1719 terrarum
1139 1687 1178 1719 de

127 1738 270 1780 Collessy
280 1749 353 1770 cum
366 1739 493 1772 brasina
505 1739 647 1780 ejusdem
661 1739 700 1769 de
712 1738 832 1769 eisdem
845 1738 999 1769 terminis.
1046 1738 1179 1770 Summa

126 1788 234 1820 totalis
264 1789 398 1830 pecunie
423 1788 576 1830 quarterii
601 1788 640 1819 de
671 1788 775 1829 Edyn,
803 1786 882 1829 vcxlj
908 1788 941 1819 Π.
967 1788 1011 1830 vij
1038 1793 1060 1819 ἒ.
1088 1788 1121 1829 xj
1148 1788 1170 1819 d

127 1838 258 1870 Summa
273 1839 382 1870 totalis
398 1839 560 1876 frumenti,
572 1837 605 1879 xj
623 1838 727 1870 eeldre
742 1836 777 1879 iij
791 1838 882 1869 holle.
922 1838 1054 1870 Summa
1070 1838 1178 1870 totalis

127 1938 234 1970 totalis
250 1949 432 1976 avenarum,
448 1949 469 1970 v
486 1939 590 1971 celdre
607 1938 674 1979 xiiij
694 1937 777 1969 bolle
794 1938 814 1979 ij
834 1938 946 1969 ferlote
962 1938 984 1978 ij
1003 1948 1104 1979 peeee.

169 1989 262 2025 Item.
277 1988 362 2020 idem
393 1991 504 2020 onerat
530 1999 564 2019 se
589 1988 628 2019 de
655 1999 675 2019 x
703 1987 735 2021 li.
761 1988 817 2028 xiij
846 1992 869 2019 ἔ.
892 1988 938 2028 iiij
963 1988 1018 2027 d.j
1036 1987 1141 2019 oeldra
1157 1996 1178 2018 v

126 2038 220 2070 bollis
233 2039 245 2080 j
264 2038 377 2070 ferlota
393 2038 415 2079 ij
433 2038 538 2080 peeeis
555 2037 709 2070 frumenti
721 2037 734 2078 j
753 2037 858 2069 celdra
870 2048 890 2068 x
901 2037 995 2068 bollis
1008 2037 1041 2078 iij
1058 2036 1177 2068 ferlotis

125 2088 212 2120 ordei
227 2099 284 2130 per
298 2088 436 2130 integras
452 2089 558 2120 firmas
575 2091 658 2119 terre
675 2087 713 2118 de
729 2087 905 2118 Balkerous
921 2086 954 2117 in
966 2084 1125 2127 quarterio
1137 2086 1177 2118 de

125 2138 254 2179 Largow
271 2138 309 2170 de
325 2138 445 2170 eisdem
458 2138 611 2170 terminis.
656 2138 699 2169 En
714 2137 753 2168 de
775 2137 822 2177 liij
840 2141 862 2167 ἔ.
887 2136 932 2177 iiij
951 2136 979 2167 d.
997 2137 1064 2177 xiiij
1083 2136 1177 2168 bollis

126 2188 213 2221 ordei
228 2188 266 2220 de
282 2189 381 2220 firmis
397 2188 574 2220 molendini
597 2188 747 2230 ejusdem.
793 2187 836 2218 Et
858 2187 897 2218 de
921 2187 976 2228 viij
993 2187 1025 2218 ri.
1040 2187 1051 2229 j
1070 2187 1177 2219 oeldra
