1551 2462
132 238 222 267 1461.
441 235 602 267 REGUM
626 235 872 268 SCOTORUM.
1137 241 1177 270 65

128 328 252 360 cionem
268 328 385 359 factam
406 328 534 359 domino
557 327 596 360 de
618 328 784 370 Trareglis,
800 329 989 370 percipienti
1005 331 1173 362 annuatim

126 377 242 419 viginti
257 388 378 409 marcas
394 378 492 408 annui
509 378 651 409 redditus
669 378 797 410 baronie
813 378 852 410 de
869 379 984 416 Skeok,
994 380 1028 410 in
1044 380 1173 421 plenam

125 427 319 459 solucionem
335 427 479 467 ejusdem
495 427 534 458 de
550 427 686 458 termino
703 428 850 468 compoti,
866 428 898 468 vj
915 428 946 459 fi.
964 429 1020 469 xiij
1039 433 1061 460 s.
1078 430 1124 471 iiij
1143 430 1172 461 d.

124 476 167 508 Et
183 477 221 508 de
238 477 336 508 firmis
359 471 515 508 terraruni
538 476 576 508 de
593 477 755 517 Lupnooh,
772 478 959 516 Lossintrul,
975 479 1172 521 Fossoquhy,

124 529 157 558 et
182 526 406 564 Quenishalch,
429 529 655 567 occupatarum
678 537 751 558 cum
774 527 865 558 bonis
888 528 1025 569 propriis
1041 528 1169 561 domine

92 600 96 603 .
123 575 238 617 regine,
253 576 292 607 de
315 575 400 607 dicto
423 576 568 612 termino,
584 576 650 616 xvij
667 576 700 608 hi
745 577 787 607 Et
810 577 918 608 abbati
942 581 974 608 et
996 577 1171 611 conventui

122 625 161 657 de
173 625 294 661 Onnes,
306 625 555 666 percipientibus
566 626 732 656 annuatim
745 626 959 667 quadraginta
970 630 1034 658 tres
1050 628 1171 660 solidos

121 675 221 707 annui
242 675 386 706 redditus
409 678 490 707 terre
514 675 553 706 de
577 675 700 716 Powys,
716 676 755 707 de
774 676 885 707 eodem
907 677 1054 714 termino,
1070 679 1126 719 xxj
1144 683 1169 714 s,

119 726 152 768 vj
168 726 199 758 d.
243 727 285 758 Et
300 727 485 758 Alexandro
501 727 624 768 Lamby
639 737 695 767 pro
719 727 824 758 media
844 730 934 768 parte
951 732 1106 759 terrarum
1130 729 1169 761 de

119 778 323 816 Inneraloun,
345 778 384 810 de
412 778 522 810 eodem
552 779 697 816 termino,
719 779 754 819 iij
787 779 818 811 fi.
851 780 882 820 vj
915 784 938 812 ἔ.
962 781 1017 821 viij
1050 781 1078 812 d.
1125 782 1169 813 Et

117 828 140 860 J
142 828 261 860 ohauni
275 829 314 860 de
325 828 483 866 Balfoure,
495 829 534 860 de
546 829 645 860 firmis
661 829 837 860 molendini
849 829 888 861 de
905 829 1010 861 Skeok
1026 830 1066 861 de
1082 830 1168 862 dicto

117 878 261 915 termino,
277 878 378 918 xxxiij
403 882 426 910 S.
449 878 496 919 iiij
521 878 550 909 d.
595 879 638 909 Et
661 878 825 910 Fratribus
849 878 1103 911 Predieatoribus
1127 880 1166 912 de

117 927 299 969 Striveling,
316 928 565 970 percipientibus
581 928 757 959 annuatim
768 928 879 959 decem
895 928 993 960 libras
1010 929 1049 960 de
1065 929 1165 961 firmis

115 980 196 1015 terre
211 977 251 1009 de
266 978 345 1008 Row
362 987 401 1008 ex
417 977 584 1008 elimosina
599 978 721 1009 domini
743 978 765 1009 J
768 978 857 1009 aeobi
873 978 1006 1009 secundi
1021 979 1110 1019 regis,
1127 983 1165 1011 ut

114 1030 204 1068 patet
218 1027 252 1058 in
275 1027 387 1058 rotulis
410 1027 662 1068 precedentibus,
678 1027 717 1059 de
741 1027 826 1058 dieto
848 1027 994 1065 termino,
1007 1038 1027 1057 v
1043 1027 1073 1059 fi.
1121 1029 1164 1061 Et

113 1077 226 1114 eidem,
238 1077 277 1108 de
293 1076 392 1108 firmis
408 1080 566 1108 certarum
581 1080 736 1108 terrarum
753 1077 786 1108 in
804 1077 1011 1118 Strogartnay
1027 1077 1162 1119 deputa-

112 1129 218 1157 tarum
240 1136 297 1169 per
319 1126 485 1157 dominum
507 1137 613 1167 regem
636 1121 701 1167 pro*
717 1127 834 1158 foresta
860 1127 899 1158 de
930 1127 1161 1169 Glenfinglask,

111 1176 158 1217 iiij
175 1175 207 1208 ti.
224 1175 280 1216 xiij
298 1180 320 1207 ἔ.
336 1175 383 1216 iiij
400 1175 429 1206 d.
475 1176 517 1206 Et
533 1176 571 1207 de
581 1176 681 1207 firmis
691 1179 846 1207 terrarum
862 1176 901 1208 de
917 1177 1014 1218 Gudy
1027 1187 1159 1218 oocupa-

110 1227 216 1256 tarum
231 1235 304 1256 oum
320 1225 455 1266 propriis
470 1225 562 1256 bonis
583 1225 710 1256 domine
726 1224 841 1266 regine,
857 1225 896 1257 de
912 1225 997 1257 dicto
1012 1227 1159 1265 termino,

109 1285 154 1305 xx
170 1284 193 1306 s.
231 1274 273 1305 Et
288 1283 376 1305 maro
392 1274 431 1305 de
447 1274 606 1311 Menteth,
617 1284 674 1315 pro
687 1274 778 1305 feodo
794 1283 850 1305 suo
861 1274 900 1305 de
911 1274 997 1305 dieto
1012 1276 1158 1313 termino,

108 1323 186 1364 xxvj
203 1327 227 1355 ἔ.
243 1323 299 1364 viij
315 1323 345 1355 d,
383 1323 426 1354 Et
440 1321 480 1355 de
495 1323 595 1354 firmis
610 1327 766 1354 terrarum
783 1323 822 1354 de
839 1324 1004 1365 Bochopil,
1016 1325 1156 1356 existen-

68 1392 71 1394 -
107 1373 192 1404 cium
206 1373 241 1404 in
257 1373 405 1404 manibus
415 1373 545 1408 ,heredis
561 1373 723 1413 quondam
739 1373 870 1404 Roberti
887 1373 919 1404 N
920 1383 986 1414 ory,
1002 1373 1042 1405 de
1064 1384 1155 1406 man·-

107 1421 182 1453 dato
197 1422 324 1453 domine
340 1422 456 1463 regine,
471 1421 510 1453 de
531 1422 641 1453 eodem
665 1422 809 1459 termino,
826 1421 860 1452 xl
872 1426 895 1453 5.
941 1423 984 1453 Et
999 1422 1038 1454 de
1053 1423 1154 1455 firmis

107 1475 263 1503 terrarum
278 1471 405 1503 Offeren
421 1472 460 1503 de
473 1471 709 1512 Sebergartane,
721 1471 754 1502 in
767 1471 916 1503 manibus
928 1472 999 1503 Ade
1013 1472 1152 1505 Cosoure

103 1531 144 1552 ex
160 1521 426 1562 impigneracioue
442 1520 588 1561 quadam,
601 1521 639 1552 de
652 1521 737 1552 dieto
750 1521 895 1558 termino,
908 1521 1010 1562 xxxiij
1028 1526 1052 1553 s.
1063 1523 1109 1563 iiij
1120 1523 1151 1555 d.

103 1570 146 1601 Et
161 1571 306 1612 serjando
322 1571 361 1602 de
376 1570 561 1607 Tulicultre,
577 1580 633 1610 pro
652 1570 744 1601 feodo
766 1581 824 1602 suo
846 1570 886 1602 de
902 1571 987 1602 dicto
1003 1572 1150 1610 termino,

102 1630 123 1651 x
146 1624 170 1652 ἓ.
214 1621 256 1651 Et
279 1620 424 1661 serjando
447 1620 485 1652 de
510 1620 797 1661 Strivelingschire‚
819 1630 876 1661 pro
900 1620 992 1652 feodo
1022 1631 1079 1652 suo
1110 1622 1149 1653 de

99 1669 184 1701 dicto
195 1670 340 1707 termino,
353 1680 373 1701 x
389 1673 411 1700 ἔ.
458 1670 500 1700 Et
515 1679 571 1710 per
580 1669 772 1710 superfluam
784 1670 1004 1701 oneracionem
1015 1673 1097 1701 terre
1109 1671 1149 1702 de

99 1718 270 1751 Neutoune
287 1719 325 1750 de
348 1720 464 1750 Doune
480 1719 519 1751 de
535 1719 620 1750 dieto
643 1719 789 1756 termino,
806 1719 907 1759 xxxiij
925 1723 948 1750 ἒ.
965 1719 1011 1759 iiij
1029 1719 1059 1751 d.
1105 1720 1147 1753 Et

98 1778 153 1799 sex
169 1768 318 1810 vigilibus
334 1772 366 1800 et
387 1769 446 1800 uni
467 1769 617 1809 garitario
632 1769 666 1799 in
682 1771 785 1800 castro
807 1768 847 1800 de
871 1768 1052 1808 Striveling,
1068 1779 1146 1810 quo-

34 1829 38 1831 ·
96 1815 176 1849 libet
190 1817 384 1858 percipiente
400 1818 433 1849 in
450 1828 533 1849 anno
548 1828 605 1859 pro
627 1818 726 1849 feodis
750 1818 816 1849 suis
831 1818 947 1858 viginti
963 1817 1089 1855 solidos,
1105 1819 1145 1849 de

95 1866 180 1898 dioto
195 1868 340 1906 termino,
355 1867 390 1908 iij
406 1867 438 1899 n.
455 1879 477 1898 x
492 1872 515 1899 s.
561 1868 603 1898 Et
617 1867 783 1899 Willelmo
799 1867 838 1898 de
848 1867 1003 1904 Moravia,
1018 1867 1144 1899 custodi

96 1916 190 1948 castri
206 1916 245 1948 de
261 1917 444 1959 Striveling,
459 1927 515 1958 pro
531 1917 609 1948 dieti
632 1917 727 1948 castri
743 1917 887 1948 custodia
903 1927 961 1958 pro
977 1916 1068 1948 feodo
1084 1927 1143 1948 suo

94 1965 133 1998 de
148 1966 233 1998 dieto
248 1967 393 2004 termino,
409 1967 463 2007 xvj
480 1966 512 1999 fi,
529 1966 585 2007 xiij
603 1971 626 1998 s.
643 1966 689 2007 iiij
714 1966 743 1998 d.
789 1967 831 1998 Et
853 1977 910 2007 pro
926 1966 1141 1998 defalcacione

82 2018 126 2048 ‚et
147 2015 325 2047 lucracione
348 2016 431 2057 prati
455 2016 494 2047 de
517 2016 691 2057 Striveling
713 2015 752 2046 de
776 2016 917 2056 presenti
942 2025 1036 2052 anno,
1058 2015 1093 2046 xl
1116 2020 1138 2047 ἕ.

91 2064 134 2096 Et
156 2075 212 2105 per
234 2065 428 2106 superfluam
451 2065 671 2097 oneraoionem
693 2068 851 2096 terrarum
874 2064 913 2095 de
937 2064 1086 2102 Codlooh,
1102 2075 1139 2096 eo

91 2114 176 2154 quod
199 2114 283 2146 dicte
305 2118 388 2146 terre
410 2125 474 2146 non
497 2115 700 2155 reperiuntur
722 2115 756 2147 in
779 2114 904 2151 rentali‚
920 2114 958 2145 de
975 2113 1059 2145 dioto
1075 2117 1137 2145 ter-

90 2164 185 2201 mino,
200 2165 234 2205 iij
252 2169 275 2196 s.
291 2165 337 2206 iiij
354 2165 383 2197 d.
430 2166 472 2197 Et
487 2176 544 2206 per
559 2165 754 2197 solucionem
770 2164 887 2197 factam
903 2164 1031 2196 domino
1047 2164 1138 2196 Hen-

133 2221 201 2246 VOL.
219 2222 273 2246 VII.
988 2221 1007 2243 E
