1551 2462
157 574 322 603 Respondebit

155 604 292 626 Alexander

142 642 144 644 ’
158 633 264 662 Murray.

157 820 321 848 Respondebit

157 849 257 883 Guthre‚
269 850 321 872 the-

158 885 285 902 saurarius.

213 978 258 1001 Do.

157 1170 353 1200 Computandum

156 1202 256 1253 {greum
263 1200 359 1223 Andr-ea

159 1310 325 1342 Respondebit

157 1342 237 1369 Blare,
249 1349 326 1365 senes-

158 1372 240 1395 callus.

159 1514 325 1544 Respondebit

161 1544 260 1578 Gutffle,
271 1544 322 1567 the-

161 1580 287 1597 samarius.

373 236 432 264 136
684 233 848 265 ROTULI
871 231 1108 266 SCACCARII
1329 236 1420 265 1462.

370 326 521 368 magistro
537 326 620 358 dicte
636 327 741 358 warde
752 337 809 368 pro
823 327 914 358 feodo
927 337 984 359 suo
997 327 1035 358 de
1047 326 1167 358 eisdem
1178 326 1332 364 terminis,
1343 326 1378 357 ix
1389 326 1421 358 fi.

370 376 413 407 Et
429 376 540 414 eidem,
555 387 612 417 per
627 377 822 408 solucionem
838 377 956 408 factam
968 378 1119 418 magistro
1129 376 1315 408 Alexandro
1330 377 1423 408 Mur-

369 436 436 466 ray,
446 429 524 458 tunc
536 427 690 468 receptori
703 427 825 458 domiui
836 427 927 468 regis,
937 427 1006 468 ipso
1017 427 1137 458 fatente
1150 429 1314 467 receptum
1323 436 1420 467 super

370 479 554 516 compotum
570 479 602 507 et
618 476 656 507 de
673 477 790 517 quibus
812 476 952 507 reddidit
975 479 1171 517 computum,
1186 476 1254 516 lxxj
1271 475 1303 506 li.
1321 476 1377 506 xix
1392 475 1421 507 d.

370 525 412 556 Et
428 526 541 562 eidem,
557 536 613 566 per
625 526 821 556 solucionem
833 525 951 557 factam
967 526 1052 557 dicto
1064 525 1216 566 magistro
1227 525 1422 563 Alexandro,

370 626 427 666 viij
445 630 467 657 s.
484 626 530 666 iiij
548 626 586 663 d„
603 636 659 667 pro
676 626 792 667 quibus
815 625 1027 666 respondebit.
1074 625 1117 656 Et
1139 625 1251 662 eidem,
1266 635 1323 665 per
1338 624 1423 655 solu-

371 675 494 706 cionem
510 675 628 706 factam
643 676 795 715 magistro
814 675 919 706 David
940 675 1074 712 Guthre,
1089 675 1286 706 thesaurario
1302 674 1424 705 domini

370 725 462 766 regis,
477 735 533 765 per
549 725 766 766 recepcionem
784 728 815 756 ct
833 725 1059 756 liberacionem
1074 724 1219 766 magistri
1234 723 1424 755 Archibaldi

373 775 546 813 Quhitlaw,
569 778 606 806 ut
628 779 718 816 patet
741 785 797 816 per
819 775 928 806 literas
951 774 1095 815 ejusdem
1118 784 1213 815 super
1231 777 1424 814 compotum,

371 827 403 855 et
433 824 517 856 dicto
547 824 743 855 thesaurario
771 824 892 855 fatente
918 828 1084 865 receptum
1110 833 1206 864 super
1232 826 1423 864 compotum,

373 874 450 914 xxvj
467 874 508 911 ri„
524 885 581 915 pro
597 874 713 915 quibus
729 874 939 914 respondebit.
985 873 1028 904 Et
1037 873 1150 910 eidem,
1159 883 1216 914 per
1227 872 1423 904 solucionem

371 923 490 954 factam
501 923 585 954 dicto
597 923 803 960 thesaurario,
816 923 932 954 fatenti
943 926 1107 964 receptum
1118 933 1213 963 super
1225 926 1423 963 computum,

371 972 429 1013 xiij
458 973 489 1003 E.
517 973 573 1013 xiij
599 977 620 1003 Ξ.
645 973 691 1012 iiij
716 972 754 1009 ἃ,
777 983 834 1013 pro
858 973 975 1013 quibus
1002 973 1103 1003 eciam
1126 972 1336 1013 respondebit.
1382 972 1425 1002 Et

372 1021 485 1059 eidem,
501 1032 557 1062 per
573 1022 769 1053 solucionem
785 1022 904 1053 factam
930 1022 1059 1052 Andree
1082 1022 1158 1059 Ker,
1181 1021 1305 1053 custodi
1329 1021 1425 1052 castri

372 1071 411 1102 de
427 1071 624 1112 Ediuburgh,
639 1071 672 1101 in
690 1074 814 1112 partem
836 1070 1007 1102 solucionis
1031 1071 1115 1102 feodi
1138 1071 1188 1102 sui
1210 1081 1266 1112 pro
1283 1070 1426 1102 custodia

372 1120 451 1151 dicti
467 1121 563 1152 castri
578 1120 616 1151 de
633 1121 779 1152 ducentis
795 1120 910 1152 marcis
925 1121 960 1151 in
975 1131 1067 1158 anno,
1080 1121 1149 1161 ipso
1162 1120 1291 1152 Andrea
1305 1120 1426 1151 fatente

373 1173 537 1211 receptum
574 1180 670 1211 super
710 1173 904 1211 compotum,
941 1181 962 1200 x
984 1170 1016 1200 fi.
1056 1181 1078 1200 x
1100 1174 1133 1207 s„
1172 1180 1268 1210 super
1308 1170 1424 1211 quibus

373 1219 624 1260 computandum
655 1223 703 1251 est
733 1230 807 1251 cum
845 1220 930 1251 dicto
966 1220 1104 1251 Andrea.
1150 1220 1192 1251 Et
1229 1220 1342 1257 eidem,
1371 1230 1428 1261 per

373 1269 569 1300 solucionem
581 1269 699 1300 factam
713 1269 862 1310 magistro
873 1269 1037 1301 Willelmo
1048 1269 1150 1307 Blare,
1162 1273 1240 1301 tunc
1252 1269 1426 1301 senescallo

373 1318 528 1349 domicilii
544 1318 666 1349 domini
680 1319 772 1359 regis,
787 1319 856 1359 ipso
873 1319 993 1350 fatente
1012 1322 1176 1359 receptum
1192 1329 1288 1360 super
1303 1329 1426 1360 compo—

374 1371 453 1405 tum,
471 1368 527 1398 xix
542 1367 574 1398 fi.
592 1368 648 1398 xix
664 1372 686 1399 s.
703 1369 735 1408 vj
749 1368 788 1405 d„
804 1378 860 1408 pro
872 1368 988 1408 quibus
999 1368 1209 1408 respondebit.
1255 1369 1298 1399 Et
1313 1369 1427 1406 eidem,

374 1428 430 1458 per
441 1417 635 1448 solucionem
648 1417 766 1448 factam
778 1418 928 1458 magistro
945 1417 1052 1450 David
1068 1417 1203 1455 Guthre,
1218 1418 1426 1456 thesaurario,

374 1467 409 1497 in
425 1467 620 1498 solucionem
635 1466 720 1497 feodi
736 1467 843 1497 David
860 1467 1071 1499 Creichtoune
1090 1467 1129 1499 de
1149 1468 1254 1499 tribus
1269 1468 1426 1506 terminis,

376 1516 461 1547 dicto
477 1517 627 1557 magistro
643 1516 750 1547 David
766 1516 887 1547 fatente
911 1516 1107 1548 solucionem
1122 1527 1218 1559 super
1233 1520 1425 1559 compotum,

376 1576 421 1596 xx
436 1565 477 1603 11,
493 1576 550 1607 pro
567 1565 683 1607 quibus
699 1566 910 1607 respondebit.

1536 807 1551 1199 -ᾳΑ-ΜιΛΑ,-11
1546 742 1551 781 -1,
1532 673 1551 710 ⁴¹
1544 624 1546 626 -
