<?xml version="1.0" encoding="UTF-8"?>
<!DOCTYPE html PUBLIC "-//W3C//DTD XHTML 1.0 Transitional//EN"
    "http://www.w3.org/TR/xhtml1/DTD/xhtml1-transitional.dtd">
<html xmlns="http://www.w3.org/1999/xhtml" xml:lang="en" lang="en">
 <head>
  <title>
</title>
<meta http-equiv="Content-Type" content="text/html;charset=utf-8" />
  <meta name='ocr-system' content='tesseract 3.04.00' />
  <meta name='ocr-capabilities' content='ocr_page ocr_carea ocr_par ocr_line ocrx_word'/>
</head>
<body>
  <div class='ocr_page' id='page_1' title='image "./rotuliscaccariir07scot_0395.png"; bbox 0 0 1551 2462; ppageno 0'>
   <div class='ocr_carea' id='block_1_1' title="bbox 111 264 1153 317">
    <p class='ocr_par' dir='ltr' id='par_1_1' title="bbox 111 264 1153 317">
     <span class='ocr_line' id='line_1_1' title="bbox 111 264 1153 317; baseline -0.004 0"><span class='ocrx_word' id='word_1_1' title='bbox 111 264 200 317; x_wconf 71' lang='lat'>1465.</span> <span class='ocrx_word' id='word_1_2' title='bbox 417 283 577 315; x_wconf 82' lang='lat' dir='ltr'><strong>REGUM</strong></span> <span class='ocrx_word' id='word_1_3' title='bbox 602 283 847 316; x_wconf 82' lang='lat' dir='ltr'>SOOTORUM.</span> <span class='ocrx_word' id='word_1_4' title='bbox 1092 284 1153 314; x_wconf 85' lang='grc'><strong>317</strong></span> 
     </span>
    </p>
   </div>
   <div class='ocr_carea' id='block_1_2' title="bbox 108 375 1154 417">
    <p class='ocr_par' dir='ltr' id='par_1_2' title="bbox 108 375 1154 417">
     <span class='ocr_line' id='line_1_2' title="bbox 108 375 1154 417; baseline -0.004 -7"><span class='ocrx_word' id='word_1_5' title='bbox 108 377 259 410; x_wconf 87' lang='lat' dir='ltr'><strong>terminis.</strong></span> <span class='ocrx_word' id='word_1_6' title='bbox 304 378 346 409; x_wconf 89' lang='lat' dir='ltr'><strong>Et</strong></span> <span class='ocrx_word' id='word_1_7' title='bbox 361 377 401 408; x_wconf 89' lang='lat' dir='ltr'><strong>de</strong></span> <span class='ocrx_word' id='word_1_8' title='bbox 417 387 438 408; x_wconf 86' lang='lat' dir='ltr'><strong>x</strong></span> <span class='ocrx_word' id='word_1_9' title='bbox 454 376 486 409; x_wconf 75' lang='lat' dir='ltr'><strong>fi.</strong></span> <span class='ocrx_word' id='word_1_10' title='bbox 503 376 542 408; x_wconf 89' lang='lat' dir='ltr'><strong>de</strong></span> <span class='ocrx_word' id='word_1_11' title='bbox 565 376 665 407; x_wconf 85' lang='lat' dir='ltr'><strong>firmis</strong></span> <span class='ocrx_word' id='word_1_12' title='bbox 680 378 838 408; x_wconf 84' lang='lat' dir='ltr'><strong>terrarum</strong></span> <span class='ocrx_word' id='word_1_13' title='bbox 854 375 893 407; x_wconf 89' lang='lat' dir='ltr'><strong>de</strong></span> <span class='ocrx_word' id='word_1_14' title='bbox 909 375 1065 417; x_wconf 86' lang='lat' dir='ltr'><strong>Ryselaw.</strong></span> <span class='ocrx_word' id='word_1_15' title='bbox 1111 376 1154 406; x_wconf 87' lang='lat' dir='ltr'><strong>Et</strong></span> 
     </span>
    </p>
   </div>
   <div class='ocr_carea' id='block_1_3' title="bbox 43 425 1154 468">
    <p class='ocr_par' dir='ltr' id='par_1_3' title="bbox 43 425 1154 468">
     <span class='ocr_line' id='line_1_3' title="bbox 43 425 1154 468; baseline -0.004 -9"><span class='ocrx_word' id='word_1_16' title='bbox 43 451 49 454; x_wconf 34' lang='grc' dir='ltr'><em>ψ</em></span> <span class='ocrx_word' id='word_1_17' title='bbox 107 427 147 459; x_wconf 89' lang='lat' dir='ltr'><strong>de</strong></span> <span class='ocrx_word' id='word_1_18' title='bbox 162 427 196 468; x_wconf 89' lang='lat' dir='ltr'><strong>iij</strong></span> <span class='ocrx_word' id='word_1_19' title='bbox 212 427 244 459; x_wconf 74' lang='lat' dir='ltr'><strong>fi.</strong></span> <span class='ocrx_word' id='word_1_20' title='bbox 260 427 292 468; x_wconf 90' lang='lat' dir='ltr'><strong>vj</strong></span> <span class='ocrx_word' id='word_1_21' title='bbox 309 430 332 458; x_wconf 73' lang='grc' dir='ltr'><strong>ἔ.</strong></span> <span class='ocrx_word' id='word_1_22' title='bbox 347 426 404 467; x_wconf 82' lang='lat' dir='ltr'><strong>viij</strong></span> <span class='ocrx_word' id='word_1_23' title='bbox 421 426 450 458; x_wconf 78' lang='lat' dir='ltr'><strong>d.</strong></span> <span class='ocrx_word' id='word_1_24' title='bbox 467 426 506 457; x_wconf 87' lang='lat' dir='ltr'><strong>de</strong></span> <span class='ocrx_word' id='word_1_25' title='bbox 529 426 630 458; x_wconf 88' lang='lat' dir='ltr'><strong>firmis</strong></span> <span class='ocrx_word' id='word_1_26' title='bbox 646 429 804 457; x_wconf 80' lang='lat' dir='ltr'><strong>terrarum</strong></span> <span class='ocrx_word' id='word_1_27' title='bbox 819 426 858 457; x_wconf 90' lang='lat' dir='ltr'><strong>de</strong></span> <span class='ocrx_word' id='word_1_28' title='bbox 874 425 1154 462; x_wconf 74' lang='lat' dir='ltr'><strong>Blacburnemme,</strong></span> 
     </span>
    </p>
   </div>
   <div class='ocr_carea' id='block_1_4' title="bbox 66 475 1330 2246">
    <p class='ocr_par' dir='ltr' id='par_1_4' title="bbox 105 475 1330 1259">
     <span class='ocr_line' id='line_1_4' title="bbox 107 475 1154 517; baseline -0.004 -8"><span class='ocrx_word' id='word_1_29' title='bbox 107 477 316 510; x_wconf 86' lang='lat' dir='ltr'><strong>existencium</strong></span> <span class='ocrx_word' id='word_1_30' title='bbox 331 476 366 507; x_wconf 91' lang='lat' dir='ltr'><strong>in</strong></span> <span class='ocrx_word' id='word_1_31' title='bbox 387 476 535 507; x_wconf 82' lang='lat' dir='ltr'><strong>manibus</strong></span> <span class='ocrx_word' id='word_1_32' title='bbox 558 475 680 507; x_wconf 84' lang='lat' dir='ltr'><strong>domini</strong></span> <span class='ocrx_word' id='word_1_33' title='bbox 702 476 785 517; x_wconf 84' lang='lat' dir='ltr'><strong>regis</strong></span> <span class='ocrx_word' id='word_1_34' title='bbox 808 478 962 516; x_wconf 85' lang='lat' dir='ltr'><strong>tanquam</strong></span> <span class='ocrx_word' id='word_1_35' title='bbox 986 475 1101 506; x_wconf 85' lang='lat' dir='ltr'><strong>tutoris</strong></span> <span class='ocrx_word' id='word_1_36' title='bbox 1117 478 1154 505; x_wconf 88' lang='lat' dir='ltr'><strong>ut</strong></span> 
     </span>
     <span class='ocr_line' id='line_1_5' title="bbox 107 525 1154 568; baseline -0.003 -10"><span class='ocrx_word' id='word_1_37' title='bbox 107 537 203 568; x_wconf 84' lang='lat' dir='ltr'><strong>supra</strong></span> <span class='ocrx_word' id='word_1_38' title='bbox 224 537 280 568; x_wconf 89' lang='lat' dir='ltr'><strong>per</strong></span> <span class='ocrx_word' id='word_1_39' title='bbox 295 525 439 567; x_wconf 80' lang='lat' dir='ltr'>spacium</span> <span class='ocrx_word' id='word_1_40' title='bbox 461 526 558 557; x_wconf 90' lang='lat' dir='ltr'><strong>unius</strong></span> <span class='ocrx_word' id='word_1_41' title='bbox 581 525 667 563; x_wconf 83' lang='lat' dir='ltr'><strong>anni,</strong></span> <span class='ocrx_word' id='word_1_42' title='bbox 684 526 803 557; x_wconf 82' lang='lat' dir='ltr'><strong>saisina</strong></span> <span class='ocrx_word' id='word_1_43' title='bbox 826 535 891 556; x_wconf 92' lang='lat' dir='ltr'><strong>non</strong></span> <span class='ocrx_word' id='word_1_44' title='bbox 913 528 1099 566; x_wconf 83' lang='lat' dir='ltr'><strong>recuperata</strong></span> <span class='ocrx_word' id='word_1_45' title='bbox 1115 525 1154 555; x_wconf 89' lang='lat' dir='ltr'><strong>de</strong></span> 
     </span>
     <span class='ocr_line' id='line_1_6' title="bbox 107 574 1154 617; baseline -0.003 -9"><span class='ocrx_word' id='word_1_46' title='bbox 107 576 233 608; x_wconf 85' lang='lat' dir='ltr'><strong>eisdem.</strong></span> <span class='ocrx_word' id='word_1_47' title='bbox 277 576 320 608; x_wconf 86' lang='lat' dir='ltr'><strong>Et</strong></span> <span class='ocrx_word' id='word_1_48' title='bbox 335 575 373 607; x_wconf 91' lang='lat' dir='ltr'><strong>de</strong></span> <span class='ocrx_word' id='word_1_49' title='bbox 388 576 445 617; x_wconf 85' lang='lat' dir='ltr'><strong>xiij</strong></span> <span class='ocrx_word' id='word_1_50' title='bbox 461 575 494 607; x_wconf 57' lang='lat' dir='ltr'><strong>hi</strong></span> <span class='ocrx_word' id='word_1_51' title='bbox 511 575 542 616; x_wconf 90' lang='lat' dir='ltr'><strong>vj</strong></span> <span class='ocrx_word' id='word_1_52' title='bbox 567 579 591 607; x_wconf 72' lang='lat' dir='ltr'><strong>s.</strong></span> <span class='ocrx_word' id='word_1_53' title='bbox 608 575 663 616; x_wconf 87' lang='lat' dir='ltr'><strong>viij</strong></span> <span class='ocrx_word' id='word_1_54' title='bbox 681 574 710 606; x_wconf 79' lang='lat' dir='ltr'><strong>d.</strong></span> <span class='ocrx_word' id='word_1_55' title='bbox 727 575 766 606; x_wconf 90' lang='lat' dir='ltr'><strong>de</strong></span> <span class='ocrx_word' id='word_1_56' title='bbox 783 575 901 606; x_wconf 83' lang='lat' dir='ltr'>relevio</span> <span class='ocrx_word' id='word_1_57' title='bbox 917 575 1076 606; x_wconf 85' lang='lat' dir='ltr'><strong>dictarum</strong></span> <span class='ocrx_word' id='word_1_58' title='bbox 1091 578 1154 605; x_wconf 87' lang='lat' dir='ltr'><strong>ter-</strong></span> 
     </span>
     <span class='ocr_line' id='line_1_7' title="bbox 108 624 1154 666; baseline -0.002 -9"><span class='ocrx_word' id='word_1_59' title='bbox 108 635 214 657; x_wconf 84' lang='lat' dir='ltr'><strong>rarum</strong></span> <span class='ocrx_word' id='word_1_60' title='bbox 237 625 364 657; x_wconf 83' lang='lat' dir='ltr'><strong>domino</strong></span> <span class='ocrx_word' id='word_1_61' title='bbox 387 625 463 656; x_wconf 89' lang='lat' dir='ltr'><strong>duci</strong></span> <span class='ocrx_word' id='word_1_62' title='bbox 491 625 631 656; x_wconf 84' lang='lat' dir='ltr'><strong>Albanie</strong></span> <span class='ocrx_word' id='word_1_63' title='bbox 654 625 761 656; x_wconf 90' lang='lat' dir='ltr'><strong>debito</strong></span> <span class='ocrx_word' id='word_1_64' title='bbox 784 635 841 666; x_wconf 86' lang='lat' dir='ltr'><strong>per</strong></span> <span class='ocrx_word' id='word_1_65' title='bbox 867 625 1019 656; x_wconf 82' lang='lat' dir='ltr'><strong>saisinam</strong></span> <span class='ocrx_word' id='word_1_66' title='bbox 1046 624 1154 655; x_wconf 84' lang='lat' dir='ltr'><strong>datam</strong></span> 
     </span>
     <span class='ocr_line' id='line_1_8' title="bbox 107 673 1154 715; baseline -0.002 -9"><span class='ocrx_word' id='word_1_67' title='bbox 107 675 130 706; x_wconf 83' lang='lat' dir='ltr'><strong>J</strong></span> <span class='ocrx_word' id='word_1_68' title='bbox 132 675 249 706; x_wconf 88' lang='lat' dir='ltr'><strong>ohanni</strong></span> <span class='ocrx_word' id='word_1_69' title='bbox 264 674 544 706; x_wconf 82' lang='lat' dir='ltr'><strong>Edmondestoune</strong></span> <span class='ocrx_word' id='word_1_70' title='bbox 567 674 606 706; x_wconf 88' lang='lat' dir='ltr'><strong>de</strong></span> <span class='ocrx_word' id='word_1_71' title='bbox 629 674 756 706; x_wconf 88' lang='lat' dir='ltr'><strong>eisdem.</strong></span> <span class='ocrx_word' id='word_1_72' title='bbox 802 675 845 705; x_wconf 88' lang='lat' dir='ltr'><strong>Et</strong></span> <span class='ocrx_word' id='word_1_73' title='bbox 861 674 900 705; x_wconf 89' lang='lat' dir='ltr'><strong>de</strong></span> <span class='ocrx_word' id='word_1_74' title='bbox 915 674 950 704; x_wconf 84' lang='lat' dir='ltr'><strong>xl</strong></span> <span class='ocrx_word' id='word_1_75' title='bbox 965 674 997 704; x_wconf 75' lang='lat' dir='ltr'><strong>n.</strong></span> <span class='ocrx_word' id='word_1_76' title='bbox 1015 673 1053 704; x_wconf 88' lang='lat' dir='ltr'><strong>de</strong></span> <span class='ocrx_word' id='word_1_77' title='bbox 1068 684 1154 715; x_wconf 82' lang='lat' dir='ltr'><strong>gras-</strong></span> 
     </span>
     <span class='ocr_line' id='line_1_9' title="bbox 107 723 1154 764; baseline -0.002 -8"><span class='ocrx_word' id='word_1_78' title='bbox 107 724 206 756; x_wconf 82' lang='lat' dir='ltr'><strong>sumis</strong></span> <span class='ocrx_word' id='word_1_79' title='bbox 221 723 349 756; x_wconf 85' lang='lat' dir='ltr'><strong>baronie</strong></span> <span class='ocrx_word' id='word_1_80' title='bbox 375 724 414 755; x_wconf 90' lang='lat' dir='ltr'><strong>de</strong></span> <span class='ocrx_word' id='word_1_81' title='bbox 439 723 672 764; x_wconf 86' lang='lat' dir='ltr'><strong>Golbranspeth</strong></span> <span class='ocrx_word' id='word_1_82' title='bbox 699 723 843 755; x_wconf 84' lang='lat' dir='ltr'><strong>assedate</strong></span> <span class='ocrx_word' id='word_1_83' title='bbox 869 734 926 764; x_wconf 87' lang='lat' dir='ltr'><strong>per</strong></span> <span class='ocrx_word' id='word_1_84' title='bbox 953 723 1098 754; x_wconf 88' lang='lat' dir='ltr'><strong>dominos</strong></span> <span class='ocrx_word' id='word_1_85' title='bbox 1114 723 1154 754; x_wconf 92' lang='lat' dir='ltr'><strong>de</strong></span> 
     </span>
     <span class='ocr_line' id='line_1_10' title="bbox 107 773 1155 814; baseline -0.001 -10"><span class='ocrx_word' id='word_1_86' title='bbox 107 773 237 805; x_wconf 87' lang='lat' dir='ltr'><strong>consilio</strong></span> <span class='ocrx_word' id='word_1_87' title='bbox 259 773 434 805; x_wconf 88' lang='lat' dir='ltr'><strong>husbandis</strong></span> <span class='ocrx_word' id='word_1_88' title='bbox 456 784 513 814; x_wconf 87' lang='lat' dir='ltr'><strong>pro</strong></span> <span class='ocrx_word' id='word_1_89' title='bbox 540 773 644 805; x_wconf 84' lang='lat' dir='ltr'><strong>tribus</strong></span> <span class='ocrx_word' id='word_1_90' title='bbox 671 774 772 811; x_wconf 88' lang='lat' dir='ltr'><strong>annis,</strong></span> <span class='ocrx_word' id='word_1_91' title='bbox 799 776 836 804; x_wconf 89' lang='lat' dir='ltr'><strong>ut</strong></span> <span class='ocrx_word' id='word_1_92' title='bbox 863 776 953 814; x_wconf 86' lang='lat' dir='ltr'><strong>patet</strong></span> <span class='ocrx_word' id='word_1_93' title='bbox 978 773 1013 804; x_wconf 87' lang='lat' dir='ltr'><strong>in</strong></span> <span class='ocrx_word' id='word_1_94' title='bbox 1037 773 1155 804; x_wconf 87' lang='lat' dir='ltr'><strong>rentali</strong></span> 
     </span>
     <span class='ocr_line' id='line_1_11' title="bbox 107 823 1155 864; baseline -0.001 -10"><span class='ocrx_word' id='word_1_95' title='bbox 107 823 255 864; x_wconf 85' lang='lat' dir='ltr'><strong>ejusdem.</strong></span> <span class='ocrx_word' id='word_1_96' title='bbox 301 824 432 855; x_wconf 88' lang='lat' dir='ltr'><strong>Summa</strong></span> <span class='ocrx_word' id='word_1_97' title='bbox 455 823 551 864; x_wconf 84' lang='lat' dir='ltr'><strong>hujus</strong></span> <span class='ocrx_word' id='word_1_98' title='bbox 582 823 695 861; x_wconf 85' lang='lat' dir='ltr'><strong>oneris,</strong></span> <span class='ocrx_word' id='word_1_99' title='bbox 725 823 805 854; x_wconf 81' lang='lat' dir='ltr'><strong>lxxx</strong></span> <span class='ocrx_word' id='word_1_100' title='bbox 834 823 866 854; x_wconf 76' lang='lat' dir='ltr'><strong>n&#39;.</strong></span> <span class='ocrx_word' id='word_1_101' title='bbox 898 823 919 864; x_wconf 81' lang='lat' dir='ltr'><strong>ij</strong></span> <span class='ocrx_word' id='word_1_102' title='bbox 946 823 975 854; x_wconf 75' lang='lat' dir='ltr'><strong>d.</strong></span> <span class='ocrx_word' id='word_1_103' title='bbox 1022 823 1155 854; x_wconf 82' lang='lat' dir='ltr'><strong>Summa.</strong></span> 
     </span>
     <span class='ocr_line' id='line_1_12' title="bbox 106 871 1153 914; baseline -0.002 -10"><span class='ocrx_word' id='word_1_104' title='bbox 106 872 214 904; x_wconf 82' lang='lat' dir='ltr'><strong>totalis</strong></span> <span class='ocrx_word' id='word_1_105' title='bbox 236 872 431 904; x_wconf 86' lang='lat' dir='ltr'><strong>oneracionis</strong></span> <span class='ocrx_word' id='word_1_106' title='bbox 454 876 560 913; x_wconf 85' lang='lat' dir='ltr'><strong>preter</strong></span> <span class='ocrx_word' id='word_1_107' title='bbox 583 873 749 914; x_wconf 83' lang='lat' dir='ltr'><strong>arreragia,</strong></span> <span class='ocrx_word' id='word_1_108' title='bbox 765 871 879 913; x_wconf 53' lang='lat' dir='ltr'><strong>ix⁰x3ij</strong></span> <span class='ocrx_word' id='word_1_109' title='bbox 903 872 936 904; x_wconf 72' lang='lat' dir='ltr'><strong>fi.</strong></span> <span class='ocrx_word' id='word_1_110' title='bbox 960 872 1017 903; x_wconf 82' lang='lat' dir='ltr'><strong>xix</strong></span> <span class='ocrx_word' id='word_1_111' title='bbox 1034 876 1056 903; x_wconf 71' lang='lat' dir='ltr'><strong>S.</strong></span> <span class='ocrx_word' id='word_1_112' title='bbox 1074 872 1106 912; x_wconf 83' lang='lat' dir='ltr'><strong>xj</strong></span> <span class='ocrx_word' id='word_1_113' title='bbox 1124 871 1153 902; x_wconf 78' lang='lat' dir='ltr'><strong>d.</strong></span> 
     </span>
     <span class='ocr_line' id='line_1_13' title="bbox 107 920 1154 963; baseline -0.001 -10"><span class='ocrx_word' id='word_1_114' title='bbox 107 922 162 963; x_wconf 86' lang='lat' dir='ltr'><strong>viij</strong></span> <span class='ocrx_word' id='word_1_115' title='bbox 194 922 298 954; x_wconf 89' lang='lat' dir='ltr'><strong>celdre</strong></span> <span class='ocrx_word' id='word_1_116' title='bbox 335 922 489 953; x_wconf 81' lang='lat' dir='ltr'><strong>frumenti</strong></span> <span class='ocrx_word' id='word_1_117' title='bbox 519 922 574 963; x_wconf 83' lang='lat' dir='ltr'><strong>viij</strong></span> <span class='ocrx_word' id='word_1_118' title='bbox 607 922 713 953; x_wconf 79' lang='lat' dir='ltr'><strong>celdre&#39;</strong></span> <span class='ocrx_word' id='word_1_119' title='bbox 741 922 835 953; x_wconf 86' lang='lat' dir='ltr'><strong>ordei.</strong></span> <span class='ocrx_word' id='word_1_120' title='bbox 882 920 1016 953; x_wconf 84' lang='lat' dir='ltr'><strong>Summa</strong></span> <span class='ocrx_word' id='word_1_121' title='bbox 1045 921 1154 952; x_wconf 86' lang='lat' dir='ltr'><strong>totalis</strong></span> 
     </span>
     <span class='ocr_line' id='line_1_14' title="bbox 108 970 1154 1012; baseline 0 -10"><span class='ocrx_word' id='word_1_122' title='bbox 108 971 302 1003; x_wconf 83' lang='lat' dir='ltr'><strong>oneracionis</strong></span> <span class='ocrx_word' id='word_1_123' title='bbox 318 982 392 1003; x_wconf 88' lang='lat' dir='ltr'><strong>cum</strong></span> <span class='ocrx_word' id='word_1_124' title='bbox 407 971 580 1012; x_wconf 80' lang='lat' dir='ltr'><strong>arreragiis,</strong></span> <span class='ocrx_word' id='word_1_125' title='bbox 593 970 800 1012; x_wconf 64' lang='lat' dir='ltr'><strong>jmj⁰xxxvj1⁴i</strong></span> <span class='ocrx_word' id='word_1_126' title='bbox 814 981 835 1001; x_wconf 80' lang='lat' dir='ltr'>X</span> <span class='ocrx_word' id='word_1_127' title='bbox 851 975 873 1002; x_wconf 71' lang='grc' dir='ltr'><strong>ἔ.</strong></span> <span class='ocrx_word' id='word_1_128' title='bbox 891 981 912 1001; x_wconf 86' lang='lat' dir='ltr'><strong>x</strong></span> <span class='ocrx_word' id='word_1_129' title='bbox 929 970 957 1002; x_wconf 77' lang='lat' dir='ltr'><strong>d.</strong></span> <span class='ocrx_word' id='word_1_130' title='bbox 975 971 1032 1011; x_wconf 89' lang='lat' dir='ltr'><strong>viij</strong></span> <span class='ocrx_word' id='word_1_131' title='bbox 1050 970 1154 1002; x_wconf 82' lang='lat' dir='ltr'><strong>celdre</strong></span> 
     </span>
     <span class='ocr_line' id='line_1_15' title="bbox 106 1020 1155 1063; baseline -0.001 -12"><span class='ocrx_word' id='word_1_132' title='bbox 106 1020 260 1051; x_wconf 83' lang='lat' dir='ltr'><strong>frumenti</strong></span> <span class='ocrx_word' id='word_1_133' title='bbox 285 1020 341 1061; x_wconf 88' lang='lat' dir='ltr'><strong>viij</strong></span> <span class='ocrx_word' id='word_1_134' title='bbox 368 1020 472 1051; x_wconf 82' lang='lat' dir='ltr'><strong>celdre</strong></span> <span class='ocrx_word' id='word_1_135' title='bbox 499 1020 594 1057; x_wconf 86' lang='lat' dir='ltr'><strong>ordei,</strong></span> <span class='ocrx_word' id='word_1_136' title='bbox 618 1022 723 1060; x_wconf 86' lang='lat' dir='ltr'><strong>preter</strong></span> <span class='ocrx_word' id='word_1_137' title='bbox 749 1023 878 1063; x_wconf 84' lang='lat' dir='ltr'><strong>centum</strong></span> <span class='ocrx_word' id='word_1_138' title='bbox 902 1020 1076 1060; x_wconf 78' lang='lat' dir='ltr'><strong>nonaginta</strong></span> <span class='ocrx_word' id='word_1_139' title='bbox 1091 1022 1155 1050; x_wconf 88' lang='lat' dir='ltr'><strong>tres</strong></span> 
     </span>
     <span class='ocr_line' id='line_1_16' title="bbox 105 1069 1156 1110; baseline -0.002 -9"><span class='ocrx_word' id='word_1_140' title='bbox 105 1069 205 1101; x_wconf 82' lang='lat' dir='ltr'><strong>libras</strong></span> <span class='ocrx_word' id='word_1_141' title='bbox 231 1070 406 1101; x_wconf 89' lang='lat' dir='ltr'><strong>octodecim</strong></span> <span class='ocrx_word' id='word_1_142' title='bbox 435 1070 551 1101; x_wconf 83' lang='lat' dir='ltr'><strong>solidos</strong></span> <span class='ocrx_word' id='word_1_143' title='bbox 581 1080 638 1101; x_wconf 83' lang='lat' dir='ltr'><strong>sex</strong></span> <span class='ocrx_word' id='word_1_144' title='bbox 668 1069 813 1101; x_wconf 88' lang='lat' dir='ltr'><strong>denarios</strong></span> <span class='ocrx_word' id='word_1_145' title='bbox 837 1069 894 1110; x_wconf 87' lang='lat' dir='ltr'><strong>qui</strong></span> <span class='ocrx_word' id='word_1_146' title='bbox 916 1069 1099 1110; x_wconf 83' lang='lat' dir='ltr'><strong>pendebant</strong></span> <span class='ocrx_word' id='word_1_147' title='bbox 1121 1069 1156 1099; x_wconf 89' lang='lat' dir='ltr'><strong>in</strong></span> 
     </span>
     <span class='ocr_line' id='line_1_17' title="bbox 107 1118 1156 1160; baseline -0.002 -10"><span class='ocrx_word' id='word_1_148' title='bbox 107 1121 256 1159; x_wconf 88' lang='lat' dir='ltr'><strong>computo</strong></span> <span class='ocrx_word' id='word_1_149' title='bbox 287 1119 365 1150; x_wconf 87' lang='lat' dir='ltr'><strong>dicti</strong></span> <span class='ocrx_word' id='word_1_150' title='bbox 396 1119 544 1160; x_wconf 87' lang='lat' dir='ltr'><strong>Symonis</strong></span> <span class='ocrx_word' id='word_1_151' title='bbox 581 1119 705 1150; x_wconf 85' lang='lat' dir='ltr'><strong>reddito</strong></span> <span class='ocrx_word' id='word_1_152' title='bbox 743 1121 856 1159; x_wconf 87' lang='lat' dir='ltr'><strong>quarto</strong></span> <span class='ocrx_word' id='word_1_153' title='bbox 894 1118 1034 1159; x_wconf 75' lang='lat' dir='ltr'><strong>Augusti</strong></span> <span class='ocrx_word' id='word_1_154' title='bbox 1072 1128 1156 1149; x_wconf 86' lang='lat' dir='ltr'><strong>anno</strong></span> 
     </span>
     <span class='ocr_line' id='line_1_18' title="bbox 107 1165 1330 1217; baseline -0.001 -18"><span class='ocrx_word' id='word_1_155' title='bbox 107 1168 402 1209; x_wconf 81' lang='lat' dir='ltr'><strong>sexagesimotercio</strong></span> <span class='ocrx_word' id='word_1_156' title='bbox 417 1179 513 1209; x_wconf 88' lang='lat' dir='ltr'><strong>super</strong></span> <span class='ocrx_word' id='word_1_157' title='bbox 529 1169 668 1200; x_wconf 86' lang='lat' dir='ltr'><strong>diversas</strong></span> <span class='ocrx_word' id='word_1_158' title='bbox 691 1178 850 1209; x_wconf 79' lang='lat' dir='ltr'>personas,</span> <span class='ocrx_word' id='word_1_159' title='bbox 865 1170 902 1198; x_wconf 90' lang='lat' dir='ltr'><strong>ut</strong></span> <span class='ocrx_word' id='word_1_160' title='bbox 923 1170 1011 1208; x_wconf 81' lang='lat' dir='ltr'><strong>patet</strong></span> <span class='ocrx_word' id='word_1_161' title='bbox 1027 1167 1060 1198; x_wconf 89' lang='lat' dir='ltr'><strong>in</strong></span> <span class='ocrx_word' id='word_1_162' title='bbox 1076 1167 1156 1208; x_wconf 87' lang='lat' dir='ltr'><strong>pede</strong></span> <span class='ocrx_word' id='word_1_163' title='bbox 1170 1165 1330 1217; x_wconf 52' lang='lat' dir='ltr'><strong>ffiffiffffii</strong></span> 
     </span>
     <span class='ocr_line' id='line_1_19' title="bbox 107 1217 1318 1259; baseline -0.002 -10"><span class='ocrx_word' id='word_1_164' title='bbox 107 1217 258 1258; x_wconf 84' lang='lat' dir='ltr'><strong>ejusdem,</strong></span> <span class='ocrx_word' id='word_1_165' title='bbox 274 1228 369 1258; x_wconf 89' lang='lat' dir='ltr'><strong>super</strong></span> <span class='ocrx_word' id='word_1_166' title='bbox 384 1228 447 1259; x_wconf 86' lang='lat' dir='ltr'><strong>quo</strong></span> <span class='ocrx_word' id='word_1_167' title='bbox 463 1217 651 1249; x_wconf 89' lang='lat' dir='ltr'><strong>consulendi</strong></span> <span class='ocrx_word' id='word_1_168' title='bbox 666 1220 743 1249; x_wconf 85' lang='lat' dir='ltr'><strong>sunt</strong></span> <span class='ocrx_word' id='word_1_169' title='bbox 759 1217 880 1248; x_wconf 86' lang='lat' dir='ltr'><strong>domini</strong></span> <span class='ocrx_word' id='word_1_170' title='bbox 896 1217 934 1248; x_wconf 89' lang='lat' dir='ltr'><strong>de</strong></span> <span class='ocrx_word' id='word_1_171' title='bbox 951 1217 1089 1248; x_wconf 87' lang='lat' dir='ltr'><strong>consilio.</strong></span> <span class='ocrx_word' id='word_1_172' title='bbox 1170 1224 1200 1247; x_wconf 79' lang='lat' dir='ltr'><strong>de</strong></span> <span class='ocrx_word' id='word_1_173' title='bbox 1211 1225 1318 1248; x_wconf 74' lang='lat' dir='ltr'><strong>consilio.</strong></span> 
     </span>
    </p>

    <p class='ocr_par' dir='ltr' id='par_1_5' title="bbox 106 1266 1157 1595">
     <span class='ocr_line' id='line_1_20' title="bbox 153 1266 1156 1308; baseline -0.001 -10"><span class='ocrx_word' id='word_1_174' title='bbox 153 1267 195 1298; x_wconf 89' lang='lat' dir='ltr'><strong>Et</strong></span> <span class='ocrx_word' id='word_1_175' title='bbox 210 1267 451 1298; x_wconf 84' lang='lat' dir='ltr'><strong>memorandum</strong></span> <span class='ocrx_word' id='word_1_176' title='bbox 468 1268 554 1308; x_wconf 85' lang='lat' dir='ltr'><strong>quod</strong></span> <span class='ocrx_word' id='word_1_177' title='bbox 577 1271 767 1308; x_wconf 89' lang='lat' dir='ltr'><strong>computans</strong></span> <span class='ocrx_word' id='word_1_178' title='bbox 783 1277 847 1298; x_wconf 92' lang='lat' dir='ltr'><strong>non</strong></span> <span class='ocrx_word' id='word_1_179' title='bbox 863 1266 1051 1298; x_wconf 84' lang='lat' dir='ltr'><strong>certificavit</strong></span> <span class='ocrx_word' id='word_1_180' title='bbox 1067 1266 1156 1297; x_wconf 85' lang='lat' dir='ltr'><strong>audi-</strong></span> 
     </span>
     <span class='ocr_line' id='line_1_21' title="bbox 107 1316 1157 1348; baseline -0.001 -1"><span class='ocrx_word' id='word_1_181' title='bbox 107 1318 190 1347; x_wconf 88' lang='lat' dir='ltr'><strong>tores</strong></span> <span class='ocrx_word' id='word_1_182' title='bbox 206 1316 355 1347; x_wconf 81' lang='lat' dir='ltr'><strong>scaccarii</strong></span> <span class='ocrx_word' id='word_1_183' title='bbox 370 1316 398 1347; x_wconf 87' lang='lat' dir='ltr'><strong>si</strong></span> <span class='ocrx_word' id='word_1_184' title='bbox 413 1317 503 1348; x_wconf 90' lang='lat' dir='ltr'><strong>firme</strong></span> <span class='ocrx_word' id='word_1_185' title='bbox 519 1320 675 1348; x_wconf 89' lang='lat' dir='ltr'><strong>terrarum</strong></span> <span class='ocrx_word' id='word_1_186' title='bbox 698 1317 737 1347; x_wconf 88' lang='lat' dir='ltr'><strong>de</strong></span> <span class='ocrx_word' id='word_1_187' title='bbox 753 1316 1001 1347; x_wconf 84' lang='lat' dir='ltr'><strong>Lochirmachus</strong></span> <span class='ocrx_word' id='word_1_188' title='bbox 1017 1316 1157 1347; x_wconf 77' lang='lat' dir='ltr'><strong>existent</strong></span> 
     </span>
     <span class='ocr_line' id='line_1_22' title="bbox 107 1366 1157 1407; baseline 0 -11"><span class='ocrx_word' id='word_1_189' title='bbox 107 1366 142 1397; x_wconf 89' lang='lat' dir='ltr'><strong>in</strong></span> <span class='ocrx_word' id='word_1_190' title='bbox 170 1366 318 1397; x_wconf 84' lang='lat' dir='ltr'><strong>manibus</strong></span> <span class='ocrx_word' id='word_1_191' title='bbox 349 1366 470 1397; x_wconf 89' lang='lat' dir='ltr'><strong>domini</strong></span> <span class='ocrx_word' id='word_1_192' title='bbox 496 1366 579 1407; x_wconf 88' lang='lat' dir='ltr'><strong>regis</strong></span> <span class='ocrx_word' id='word_1_193' title='bbox 610 1376 668 1407; x_wconf 89' lang='lat' dir='ltr'><strong>per</strong></span> <span class='ocrx_word' id='word_1_194' title='bbox 698 1366 840 1407; x_wconf 82' lang='lat' dir='ltr'><strong>spacium</strong></span> <span class='ocrx_word' id='word_1_195' title='bbox 866 1366 976 1397; x_wconf 88' lang='lat' dir='ltr'><strong>decem</strong></span> <span class='ocrx_word' id='word_1_196' title='bbox 1000 1376 1157 1397; x_wconf 87' lang='lat' dir='ltr'><strong>annorum</strong></span> 
     </span>
     <span class='ocr_line' id='line_1_23' title="bbox 106 1414 1156 1455; baseline -0.001 -8"><span class='ocrx_word' id='word_1_197' title='bbox 106 1414 231 1447; x_wconf 81' lang='lat' dir='ltr'><strong>racione</strong></span> <span class='ocrx_word' id='word_1_198' title='bbox 247 1414 359 1452; x_wconf 82' lang='lat' dir='ltr'><strong>warde,</strong></span> <span class='ocrx_word' id='word_1_199' title='bbox 374 1414 451 1446; x_wconf 89' lang='lat' dir='ltr'><strong>licet</strong></span> <span class='ocrx_word' id='word_1_200' title='bbox 473 1415 686 1446; x_wconf 71' lang='lat' dir='ltr'><strong>mandabatur</strong></span> <span class='ocrx_word' id='word_1_201' title='bbox 709 1415 883 1446; x_wconf 86' lang='lat' dir='ltr'><strong>senescallo</strong></span> <span class='ocrx_word' id='word_1_202' title='bbox 907 1415 1052 1446; x_wconf 88' lang='lat' dir='ltr'><strong>Marchie</strong></span> <span class='ocrx_word' id='word_1_203' title='bbox 1070 1415 1156 1455; x_wconf 82' lang='lat' dir='ltr'><strong>ipsos</strong></span> 
     </span>
     <span class='ocr_line' id='line_1_24' title="bbox 107 1464 1156 1506; baseline -0.001 -10"><span class='ocrx_word' id='word_1_204' title='bbox 107 1464 241 1505; x_wconf 87' lang='lat' dir='ltr'><strong>desuper</strong></span> <span class='ocrx_word' id='word_1_205' title='bbox 256 1464 437 1501; x_wconf 88' lang='lat' dir='ltr'><strong>certificare,</strong></span> <span class='ocrx_word' id='word_1_206' title='bbox 461 1475 556 1506; x_wconf 88' lang='lat' dir='ltr'><strong>super</strong></span> <span class='ocrx_word' id='word_1_207' title='bbox 579 1475 642 1505; x_wconf 91' lang='lat' dir='ltr'><strong>quo</strong></span> <span class='ocrx_word' id='word_1_208' title='bbox 670 1465 858 1496; x_wconf 87' lang='lat' dir='ltr'><strong>consulendi</strong></span> <span class='ocrx_word' id='word_1_209' title='bbox 881 1468 957 1496; x_wconf 85' lang='lat' dir='ltr'><strong>sunt</strong></span> <span class='ocrx_word' id='word_1_210' title='bbox 980 1464 1101 1496; x_wconf 88' lang='lat' dir='ltr'><strong>domini</strong></span> <span class='ocrx_word' id='word_1_211' title='bbox 1117 1465 1156 1496; x_wconf 86' lang='lat' dir='ltr'><strong>de</strong></span> 
     </span>
     <span class='ocr_line' id='line_1_25' title="bbox 108 1513 1157 1556; baseline -0.001 -10"><span class='ocrx_word' id='word_1_212' title='bbox 108 1513 246 1551; x_wconf 83' lang='lat' dir='ltr'><strong>consilio,</strong></span> <span class='ocrx_word' id='word_1_213' title='bbox 277 1524 338 1555; x_wconf 86' lang='lat' dir='ltr'><strong>que</strong></span> <span class='ocrx_word' id='word_1_214' title='bbox 376 1514 466 1545; x_wconf 88' lang='lat' dir='ltr'><strong>firme</strong></span> <span class='ocrx_word' id='word_1_215' title='bbox 497 1514 679 1546; x_wconf 82' lang='lat' dir='ltr'><strong>extendunt</strong></span> <span class='ocrx_word' id='word_1_216' title='bbox 709 1525 743 1546; x_wconf 90' lang='lat' dir='ltr'><strong>se</strong></span> <span class='ocrx_word' id='word_1_217' title='bbox 773 1515 940 1546; x_wconf 81' lang='lat' dir='ltr'><strong>annuatim</strong></span> <span class='ocrx_word' id='word_1_218' title='bbox 970 1514 1011 1546; x_wconf 88' lang='lat' dir='ltr'><strong>ad</strong></span> <span class='ocrx_word' id='word_1_219' title='bbox 1041 1515 1157 1556; x_wconf 83' lang='lat' dir='ltr'><strong>viginti</strong></span> 
     </span>
     <span class='ocr_line' id='line_1_26' title="bbox 109 1573 236 1595; baseline 0.008 -1"><span class='ocrx_word' id='word_1_220' title='bbox 109 1573 236 1595; x_wconf 84' lang='lat' dir='ltr'><strong>marcas.</strong></span> 
     </span>
    </p>

    <p class='ocr_par' dir='ltr' id='par_1_6' title="bbox 66 1613 1158 2246">
     <span class='ocr_line' id='line_1_27' title="bbox 151 1613 1155 1658; baseline 0.001 -15"><span class='ocrx_word' id='word_1_221' title='bbox 151 1613 336 1654; x_wconf 74' lang='lat' dir='ltr'><strong>[Disclzarqe.</strong></span> <span class='ocrx_word' id='word_1_222' title='bbox 384 1613 426 1644; x_wconf 78' lang='lat' dir='ltr'><strong>To</strong></span> <span class='ocrx_word' id='word_1_223' title='bbox 439 1616 496 1644; x_wconf 78' lang='lat' dir='ltr'><strong>two</strong></span> <span class='ocrx_word' id='word_1_224' title='bbox 511 1613 675 1654; x_wconf 72' lang='lat' dir='ltr'><strong>chaplains</strong></span> <span class='ocrx_word' id='word_1_225' title='bbox 690 1614 869 1658; x_wconf 50' lang='lat' dir='ltr'><strong>etDzmbar,</strong></span> <span class='ocrx_word' id='word_1_226' title='bbox 882 1625 917 1645; x_wconf 76' lang='lat' dir='ltr'><strong>as</strong></span> <span class='ocrx_word' id='word_1_227' title='bbox 927 1625 960 1654; x_wconf 79' lang='lat' dir='ltr'><strong>p.</strong></span> <span class='ocrx_word' id='word_1_228' title='bbox 972 1614 1046 1651; x_wconf 79' lang='lat'><em>178,</em></span> <span class='ocrx_word' id='word_1_229' title='bbox 1057 1614 1155 1654; x_wconf 56' lang='grc' dir='ltr'><strong>ΑΒΘ]</strong></span> 
     </span>
     <span class='ocr_line' id='line_1_28' title="bbox 108 1660 1156 1704; baseline 0.001 -11"><span class='ocrx_word' id='word_1_230' title='bbox 108 1662 151 1693; x_wconf 85' lang='lat' dir='ltr'><strong>Et</strong></span> <span class='ocrx_word' id='word_1_231' title='bbox 159 1662 269 1700; x_wconf 87' lang='lat' dir='ltr'><strong>eidem,</strong></span> <span class='ocrx_word' id='word_1_232' title='bbox 285 1673 341 1704; x_wconf 86' lang='lat' dir='ltr'><strong>per</strong></span> <span class='ocrx_word' id='word_1_233' title='bbox 351 1662 545 1694; x_wconf 88' lang='lat' dir='ltr'><strong>solucionem</strong></span> <span class='ocrx_word' id='word_1_234' title='bbox 561 1663 680 1694; x_wconf 84' lang='lat' dir='ltr'><strong>factam</strong></span> <span class='ocrx_word' id='word_1_235' title='bbox 693 1660 839 1694; x_wconf 87' lang='lat' dir='ltr'><strong>Gilberto</strong></span> <span class='ocrx_word' id='word_1_236' title='bbox 850 1663 1019 1704; x_wconf 78' lang='lat' dir='ltr'><strong>Kennedy,</strong></span> <span class='ocrx_word' id='word_1_237' title='bbox 1032 1663 1156 1694; x_wconf 85' lang='lat' dir='ltr'><strong>custodi</strong></span> 
     </span>
     <span class='ocr_line' id='line_1_29' title="bbox 110 1712 1156 1754; baseline 0 -11"><span class='ocrx_word' id='word_1_238' title='bbox 110 1713 203 1743; x_wconf 80' lang='lat' dir='ltr'><strong>castri</strong></span> <span class='ocrx_word' id='word_1_239' title='bbox 213 1712 251 1744; x_wconf 91' lang='lat' dir='ltr'><strong>de</strong></span> <span class='ocrx_word' id='word_1_240' title='bbox 261 1713 464 1753; x_wconf 88' lang='lat' dir='ltr'><strong>Dunbar,pro</strong></span> <span class='ocrx_word' id='word_1_241' title='bbox 475 1713 620 1744; x_wconf 91' lang='lat' dir='ltr'><strong>custodia</strong></span> <span class='ocrx_word' id='word_1_242' title='bbox 631 1712 782 1753; x_wconf 87' lang='lat' dir='ltr'><strong>ejusdem,</strong></span> <span class='ocrx_word' id='word_1_243' title='bbox 789 1713 979 1754; x_wconf 84' lang='lat' dir='ltr'><strong>percipienti</strong></span> <span class='ocrx_word' id='word_1_244' title='bbox 988 1713 1156 1744; x_wconf 87' lang='lat' dir='ltr'><strong>annuatim</strong></span> 
     </span>
     <span class='ocr_line' id='line_1_30' title="bbox 111 1762 1157 1803; baseline 0 -10"><span class='ocrx_word' id='word_1_245' title='bbox 111 1765 238 1793; x_wconf 82' lang='lat' dir='ltr'><strong>centum</strong></span> <span class='ocrx_word' id='word_1_246' title='bbox 244 1773 364 1794; x_wconf 86' lang='lat' dir='ltr'><strong>marcas</strong></span> <span class='ocrx_word' id='word_1_247' title='bbox 370 1773 426 1803; x_wconf 88' lang='lat' dir='ltr'><strong>pro</strong></span> <span class='ocrx_word' id='word_1_248' title='bbox 437 1762 580 1794; x_wconf 87' lang='lat' dir='ltr'><strong>custodia</strong></span> <span class='ocrx_word' id='word_1_249' title='bbox 587 1762 783 1803; x_wconf 87' lang='lat' dir='ltr'><strong>ejusdem,de</strong></span> <span class='ocrx_word' id='word_1_250' title='bbox 795 1762 888 1793; x_wconf 84' lang='lat' dir='ltr'><strong>dictis</strong></span> <span class='ocrx_word' id='word_1_251' title='bbox 899 1762 1001 1793; x_wconf 81' lang='lat' dir='ltr'><strong>tribus</strong></span> <span class='ocrx_word' id='word_1_252' title='bbox 1011 1762 1157 1793; x_wconf 87' lang='lat' dir='ltr'><strong>terminis</strong></span> 
     </span>
     <span class='ocr_line' id='line_1_31' title="bbox 111 1810 1158 1852; baseline 0 -10"><span class='ocrx_word' id='word_1_253' title='bbox 111 1810 149 1842; x_wconf 86' lang='lat' dir='ltr'><strong>de</strong></span> <span class='ocrx_word' id='word_1_254' title='bbox 158 1811 308 1843; x_wconf 86' lang='lat' dir='ltr'><strong>mandato</strong></span> <span class='ocrx_word' id='word_1_255' title='bbox 319 1812 440 1843; x_wconf 82' lang='lat' dir='ltr'><strong>domini</strong></span> <span class='ocrx_word' id='word_1_256' title='bbox 450 1812 531 1852; x_wconf 84' lang='lat' dir='ltr'><strong>regis</strong></span> <span class='ocrx_word' id='word_1_257' title='bbox 541 1811 718 1843; x_wconf 86' lang='lat' dir='ltr'><strong>literatorio</strong></span> <span class='ocrx_word' id='word_1_258' title='bbox 729 1812 789 1842; x_wconf 88' lang='lat' dir='ltr'><strong>sub</strong></span> <span class='ocrx_word' id='word_1_259' title='bbox 800 1812 922 1852; x_wconf 83' lang='lat' dir='ltr'><strong>signeto</strong></span> <span class='ocrx_word' id='word_1_260' title='bbox 928 1814 1053 1843; x_wconf 88' lang='lat' dir='ltr'><strong>ostenso</strong></span> <span class='ocrx_word' id='word_1_261' title='bbox 1064 1822 1158 1852; x_wconf 89' lang='lat' dir='ltr'><strong>super</strong></span> 
     </span>
     <span class='ocr_line' id='line_1_32' title="bbox 111 1859 1158 1902; baseline 0.001 -11"><span class='ocrx_word' id='word_1_262' title='bbox 111 1864 295 1901; x_wconf 77' lang='lat' dir='ltr'><strong>computum</strong></span> <span class='ocrx_word' id='word_1_263' title='bbox 310 1861 369 1893; x_wconf 88' lang='lat' dir='ltr'><strong>sub</strong></span> <span class='ocrx_word' id='word_1_264' title='bbox 384 1861 525 1902; x_wconf 86' lang='lat' dir='ltr'><strong>periculo</strong></span> <span class='ocrx_word' id='word_1_265' title='bbox 549 1861 776 1902; x_wconf 87' lang='lat' dir='ltr'><strong>computantis,</strong></span> <span class='ocrx_word' id='word_1_266' title='bbox 790 1859 816 1901; x_wconf 76' lang='lat' dir='ltr'><strong>j⁰</strong></span> <span class='ocrx_word' id='word_1_267' title='bbox 832 1861 863 1891; x_wconf 73' lang='lat' dir='ltr'><strong>fi.</strong></span> <span class='ocrx_word' id='word_1_268' title='bbox 909 1861 952 1892; x_wconf 88' lang='lat' dir='ltr'><strong>Et</strong></span> <span class='ocrx_word' id='word_1_269' title='bbox 975 1861 1086 1899; x_wconf 85' lang='lat' dir='ltr'><strong>eidem,</strong></span> <span class='ocrx_word' id='word_1_270' title='bbox 1102 1871 1158 1901; x_wconf 86' lang='lat' dir='ltr'><strong>per</strong></span> 
     </span>
     <span class='ocr_line' id='line_1_33' title="bbox 111 1908 1157 1950; baseline -0.001 -9"><span class='ocrx_word' id='word_1_271' title='bbox 111 1908 304 1941; x_wconf 81' lang='lat' dir='ltr'><strong>solucionem</strong></span> <span class='ocrx_word' id='word_1_272' title='bbox 327 1910 445 1941; x_wconf 83' lang='lat' dir='ltr'><strong>factam</strong></span> <span class='ocrx_word' id='word_1_273' title='bbox 469 1910 607 1941; x_wconf 85' lang='lat' dir='ltr'><strong>Roberto</strong></span> <span class='ocrx_word' id='word_1_274' title='bbox 630 1910 781 1941; x_wconf 88' lang='lat' dir='ltr'><strong>Laweder</strong></span> <span class='ocrx_word' id='word_1_275' title='bbox 803 1909 842 1941; x_wconf 89' lang='lat' dir='ltr'><strong>de</strong></span> <span class='ocrx_word' id='word_1_276' title='bbox 865 1909 1073 1950; x_wconf 82' lang='lat' dir='ltr'><strong>Edryntoune</strong></span> <span class='ocrx_word' id='word_1_277' title='bbox 1100 1920 1157 1950; x_wconf 90' lang='lat' dir='ltr'><strong>pro</strong></span> 
     </span>
     <span class='ocr_line' id='line_1_34' title="bbox 66 1958 1157 2000; baseline -0.001 -10"><span class='ocrx_word' id='word_1_278' title='bbox 66 1992 69 1994; x_wconf 55' lang='grc'><strong>,</strong></span> <span class='ocrx_word' id='word_1_279' title='bbox 112 1959 253 1990; x_wconf 84' lang='lat' dir='ltr'><strong>custodia</strong></span> <span class='ocrx_word' id='word_1_280' title='bbox 263 1960 358 1991; x_wconf 84' lang='lat' dir='ltr'><strong>castri</strong></span> <span class='ocrx_word' id='word_1_281' title='bbox 368 1959 406 1991; x_wconf 86' lang='lat' dir='ltr'><strong>de</strong></span> <span class='ocrx_word' id='word_1_282' title='bbox 417 1959 558 1991; x_wconf 86' lang='lat' dir='ltr'><strong>Berwico</strong></span> <span class='ocrx_word' id='word_1_283' title='bbox 569 1969 664 2000; x_wconf 89' lang='lat' dir='ltr'><strong>super</strong></span> <span class='ocrx_word' id='word_1_284' title='bbox 674 1958 827 1995; x_wconf 84' lang='lat' dir='ltr'><strong>Tuedam‚</strong></span> <span class='ocrx_word' id='word_1_285' title='bbox 837 1959 1026 1999; x_wconf 86' lang='lat' dir='ltr'><strong>percipienti</strong></span> <span class='ocrx_word' id='word_1_286' title='bbox 1037 1969 1157 1989; x_wconf 86' lang='lat' dir='ltr'><strong>annua-</strong></span> 
     </span>
     <span class='ocr_line' id='line_1_35' title="bbox 111 2008 1157 2050; baseline -0.002 -10"><span class='ocrx_word' id='word_1_287' title='bbox 111 2008 170 2040; x_wconf 77' lang='lat' dir='ltr'><strong>tim</strong></span> <span class='ocrx_word' id='word_1_288' title='bbox 199 2008 351 2041; x_wconf 84' lang='lat' dir='ltr'><strong>ducentas</strong></span> <span class='ocrx_word' id='word_1_289' title='bbox 376 2019 498 2040; x_wconf 87' lang='lat' dir='ltr'><strong>marcas</strong></span> <span class='ocrx_word' id='word_1_290' title='bbox 524 2019 581 2050; x_wconf 88' lang='lat' dir='ltr'><strong>pro</strong></span> <span class='ocrx_word' id='word_1_291' title='bbox 606 2009 751 2040; x_wconf 88' lang='lat' dir='ltr'><strong>custodia</strong></span> <span class='ocrx_word' id='word_1_292' title='bbox 778 2008 921 2049; x_wconf 87' lang='lat' dir='ltr'><strong>ejusdem</strong></span> <span class='ocrx_word' id='word_1_293' title='bbox 944 2008 983 2039; x_wconf 88' lang='lat' dir='ltr'><strong>de</strong></span> <span class='ocrx_word' id='word_1_294' title='bbox 1005 2008 1157 2039; x_wconf 86' lang='lat' dir='ltr'><strong>mandato</strong></span> 
     </span>
     <span class='ocr_line' id='line_1_36' title="bbox 110 2056 1156 2099; baseline 0.001 -11"><span class='ocrx_word' id='word_1_295' title='bbox 110 2056 230 2088; x_wconf 87' lang='lat' dir='ltr'><strong>domini</strong></span> <span class='ocrx_word' id='word_1_296' title='bbox 244 2058 325 2099; x_wconf 86' lang='lat' dir='ltr'><strong>regis</strong></span> <span class='ocrx_word' id='word_1_297' title='bbox 340 2058 523 2096; x_wconf 80' lang='lat' dir='ltr'><strong>literatorio,</strong></span> <span class='ocrx_word' id='word_1_298' title='bbox 539 2061 576 2089; x_wconf 93' lang='lat' dir='ltr'><strong>ut</strong></span> <span class='ocrx_word' id='word_1_299' title='bbox 591 2061 681 2099; x_wconf 85' lang='lat' dir='ltr'><strong>patet</strong></span> <span class='ocrx_word' id='word_1_300' title='bbox 696 2068 752 2098; x_wconf 87' lang='lat' dir='ltr'><strong>per</strong></span> <span class='ocrx_word' id='word_1_301' title='bbox 764 2061 828 2088; x_wconf 87' lang='lat' dir='ltr'><strong>tres</strong></span> <span class='ocrx_word' id='word_1_302' title='bbox 841 2057 950 2088; x_wconf 84' lang='lat' dir='ltr'><strong>literas</strong></span> <span class='ocrx_word' id='word_1_303' title='bbox 962 2057 1021 2088; x_wconf 87' lang='lat' dir='ltr'><strong>sub</strong></span> <span class='ocrx_word' id='word_1_304' title='bbox 1033 2057 1156 2097; x_wconf 80' lang='lat' dir='ltr'><strong>signeto</strong></span> 
     </span>
     <span class='ocr_line' id='line_1_37' title="bbox 110 2107 1157 2149; baseline 0 -12"><span class='ocrx_word' id='word_1_305' title='bbox 110 2116 243 2148; x_wconf 84' lang='lat' dir='ltr'><strong>quarum</strong></span> <span class='ocrx_word' id='word_1_306' title='bbox 259 2118 323 2139; x_wconf 85' lang='lat' dir='ltr'><strong>una</strong></span> <span class='ocrx_word' id='word_1_307' title='bbox 338 2108 518 2149; x_wconf 86' lang='lat' dir='ltr'><strong>subscripta</strong></span> <span class='ocrx_word' id='word_1_308' title='bbox 534 2110 602 2139; x_wconf 88' lang='lat' dir='ltr'><strong>erat</strong></span> <span class='ocrx_word' id='word_1_309' title='bbox 618 2118 716 2138; x_wconf 85' lang='lat' dir='ltr'><strong>manu</strong></span> <span class='ocrx_word' id='word_1_310' title='bbox 732 2107 813 2148; x_wconf 85' lang='lat' dir='ltr'><strong>regis</strong></span> <span class='ocrx_word' id='word_1_311' title='bbox 830 2110 862 2138; x_wconf 90' lang='lat' dir='ltr'><strong>et</strong></span> <span class='ocrx_word' id='word_1_312' title='bbox 878 2107 955 2138; x_wconf 86' lang='lat' dir='ltr'><strong>dicti</strong></span> <span class='ocrx_word' id='word_1_313' title='bbox 971 2107 1102 2138; x_wconf 82' lang='lat' dir='ltr'><strong>Roberti</strong></span> <span class='ocrx_word' id='word_1_314' title='bbox 1118 2108 1157 2138; x_wconf 87' lang='lat' dir='ltr'><strong>de</strong></span> 
     </span>
     <span class='ocr_line' id='line_1_38' title="bbox 109 2155 1158 2197; baseline 0.002 -11"><span class='ocrx_word' id='word_1_315' title='bbox 109 2158 233 2196; x_wconf 80' lang='lat' dir='ltr'><strong>recepto</strong></span> <span class='ocrx_word' id='word_1_316' title='bbox 249 2156 288 2187; x_wconf 89' lang='lat' dir='ltr'><strong>de</strong></span> <span class='ocrx_word' id='word_1_317' title='bbox 303 2156 427 2188; x_wconf 85' lang='lat' dir='ltr'><strong>duobus</strong></span> <span class='ocrx_word' id='word_1_318' title='bbox 443 2156 536 2188; x_wconf 85' lang='lat' dir='ltr'><strong>annis</strong></span> <span class='ocrx_word' id='word_1_319' title='bbox 551 2157 692 2197; x_wconf 84' lang='lat' dir='ltr'><strong>integris,</strong></span> <span class='ocrx_word' id='word_1_320' title='bbox 707 2155 810 2197; x_wconf 72' lang='lat' dir='ltr'><strong>ij⁰lxvj</strong></span> <span class='ocrx_word' id='word_1_321' title='bbox 824 2156 855 2187; x_wconf 73' lang='lat' dir='ltr'><strong>fi.</strong></span> <span class='ocrx_word' id='word_1_322' title='bbox 867 2156 923 2197; x_wconf 80' lang='lat' dir='ltr'><strong>xiij</strong></span> <span class='ocrx_word' id='word_1_323' title='bbox 941 2160 963 2187; x_wconf 74' lang='lat' dir='ltr'><strong>s.</strong></span> <span class='ocrx_word' id='word_1_324' title='bbox 976 2156 1022 2197; x_wconf 89' lang='lat' dir='ltr'><strong>iiij</strong></span> <span class='ocrx_word' id='word_1_325' title='bbox 1040 2156 1068 2187; x_wconf 76' lang='lat' dir='ltr'><strong>d.</strong></span> <span class='ocrx_word' id='word_1_326' title='bbox 1114 2157 1158 2188; x_wconf 90' lang='lat' dir='ltr'><strong>Et</strong></span> 
     </span>
     <span class='ocr_line' id='line_1_39' title="bbox 111 2204 1157 2246; baseline 0.001 -11"><span class='ocrx_word' id='word_1_327' title='bbox 111 2204 221 2243; x_wconf 85' lang='lat' dir='ltr'><strong>eidem,</strong></span> <span class='ocrx_word' id='word_1_328' title='bbox 236 2215 293 2246; x_wconf 85' lang='lat' dir='ltr'><strong>per</strong></span> <span class='ocrx_word' id='word_1_329' title='bbox 319 2205 516 2238; x_wconf 81' lang='lat' dir='ltr'><strong>solucionem</strong></span> <span class='ocrx_word' id='word_1_330' title='bbox 542 2205 660 2237; x_wconf 77' lang='lat' dir='ltr'><strong>factam</strong></span> <span class='ocrx_word' id='word_1_331' title='bbox 687 2205 796 2237; x_wconf 85' lang='lat' dir='ltr'><strong>David</strong></span> <span class='ocrx_word' id='word_1_332' title='bbox 822 2205 927 2237; x_wconf 90' lang='lat' dir='ltr'><strong>Home</strong></span> <span class='ocrx_word' id='word_1_333' title='bbox 954 2205 994 2237; x_wconf 92' lang='lat' dir='ltr'><strong>de</strong></span> <span class='ocrx_word' id='word_1_334' title='bbox 1009 2205 1157 2237; x_wconf 87' lang='lat' dir='ltr'><strong>Weddir-</strong></span> 
     </span>
    </p>
   </div>
  </div>
 </body>
</html>
