1551 2462
149 218 240 246 1464.
458 210 620 246 REGUM
644 213 890 246 SCOTORUM.
1135 217 1193 245 231

148 317 258 339 omnes
274 310 355 339 terre
373 311 449 339 sunt
464 307 542 339 dicti
558 307 703 349 thanagii
719 307 758 339 de
773 307 800 338 F
801 306 983 338 ethirkerne
1009 309 1041 338 et
1064 307 1103 338 de
1126 317 1198 348 pro-

148 357 283 398 prietate
299 357 420 389 domini
433 357 524 399 regis.
569 357 612 388 Et
627 357 666 388 de
681 367 703 387 x
719 361 741 388 5.
762 356 860 388 annui
877 355 1020 387 redditus
1041 359 1199 387 terrarum

149 406 189 438 de
205 407 370 439 Kirktoun
393 407 432 439 de
446 406 659 439 Abirluthnot
673 406 712 437 de
728 405 849 437 eisdem
865 406 1002 437 termino
1016 409 1049 437 et
1059 406 1200 446 proprie-

151 459 222 488 tate.
269 457 311 489 Et
337 457 376 489 de
400 457 434 489 xl
456 456 553 501 Eqde
577 456 677 487 firmis
707 459 864 487 berrarum
896 455 1140 487 dominicalium
1160 455 1200 487 de

150 506 336 547 Kynclevin
358 517 431 538 cum
453 505 636 538 molendino
660 505 805 547 ejusdem
827 504 867 537 de
890 515 975 537 anno
998 505 1142 546 compubi
1168 508 1200 536 et
1215 504 1413 546 Kynclevin.

150 566 214 586 uno
230 566 313 587 anno
329 556 517 598 precedente
532 555 592 586 hoo
608 558 804 596 computum,
820 557 926 596 preter
941 554 1109 585 salmones.
1155 553 1198 585 Et

151 604 190 636 de
215 605 293 646 xviij
317 605 349 637 11.
372 606 404 646 vj
429 610 452 637 5.
476 605 532 645 viij
557 605 586 636 d.
610 608 767 636 terrarum
792 604 831 636 de
858 604 1018 635 Banathis
1041 604 1080 635 de
1103 603 1199 635 dictis

151 654 304 686 terminis.
342 655 384 686 Et
399 655 438 686 de
454 655 520 695 xvij
537 653 569 685 fi.
582 654 614 695 vj
632 658 656 686 5.
672 654 729 695 viij
747 653 776 685 d.
792 656 950 685 terrarum
966 653 1005 685 de
1021 654 1201 694 Innernety

151 703 191 735 de
213 703 307 735 dietis
329 704 481 735 terminis.
526 704 569 735 Et
592 703 671 744 xviij
689 703 720 734 fi.
744 703 802 744 xiij
820 707 842 734 5.
863 703 911 743 iiij
929 702 959 734 d.
982 706 1139 734 terrarum
1163 703 1202 734 de

152 752 310 794 Mukarsy
340 753 379 784 de
401 753 496 784 dictis
519 752 675 784 terminis.
720 753 763 783 Et
786 752 825 783 de
848 752 916 794 xvij
934 752 966 783 Ti.
991 752 1022 793 vj
1044 756 1067 783 5.
1091 752 1148 792 viij
1174 751 1202 783 d.

153 805 309 833 terrarum
325 802 363 834 de
379 802 590 844 Tulybeltane
606 803 645 833 de
661 802 783 833 eisdem
801 802 902 833 annis.
947 802 991 833 Et
1015 802 1053 833 de
1076 803 1154 843 xxvj
1171 802 1202 832 11.

154 852 211 893 xiij
229 856 251 883 ἓ.
269 853 315 893 iiij
333 852 362 884 d.
379 856 535 884 terrarum
558 852 597 883 de
621 852 761 893 Erntuly
782 852 820 883 (16
844 852 939 883 (11οὒ13
962 852 1117 884 terminis.
1163 852 1206 882 Et

155 901 194 933 de
209 902 241 943 vj
258 901 290 933 11.
306 902 363 943 xiij
381 906 404 933 5.
418 902 466 942 iiij
484 901 512 933 d.
529 901 568 933 de
583 901 779 933 Dalmernoc
803 902 902 933 Inner
922 911 996 932 011111
1020 901 1204 932 molendino

157 951 300 991 ejusdem
320 951 359 982 de
382 951 502 982 eisdem
524 951 677 982 terminis.
724 951 767 981 Et
790 950 829 982 de
850 951 863 991 j
888 951 970 982 libra
994 951 1112 992 piperis
1136 951 1206 982 albe

156 1000 247 1031 firme
261 1002 344 1031 terre
359 1000 398 1031 de
414 1001 495 1031 Bate
511 1010 572 1040 que
588 1000 705 1031 dicitur
718 999 856 1031 Freland
872 1000 910 1031 de
926 1001 1064 1031 termino
1079 1001 1113 1031 N
1113 1000 1206 1031 abivi-

158 1050 234 1082 tatis
264 1050 397 1091 Domini
426 1050 509 1080 infra
539 1050 600 1080 hoc
626 1053 822 1090 computum,
848 1050 924 1090 quia
954 1053 1033 1081 tunc
1064 1049 1209 1081 redditur

158 1102 293 1131 tantum.
338 1100 381 1130 Et
396 1098 435 1130 de
451 1099 485 1130 xl
501 1103 523 1131 5.
540 1098 640 1130 annui
655 1098 798 1130 redditus
814 1102 898 1130 terre
921 1099 960 1131 de
980 1099 1206 1140 Kynbachlaw

159 1148 198 1179 de
214 1148 338 1179 duobus
352 1148 496 1180 terminis
519 1148 615 1188 hujus
638 1148 787 1189 computi.
834 1148 877 1179 En
900 1148 938 1179 de
956 1159 998 1179 xx
1016 1153 1040 1180 5.
1057 1153 1142 1180 terre
1167 1149 1208 1180 de

159 1198 324 1239 Torsoppy
361 1198 400 1229 de
429 1197 523 1229 dictis
553 1197 705 1229 terminis
752 1198 795 1228 Et
817 1198 856 1229 de
880 1208 900 1229 v
924 1202 948 1229 5.
975 1199 1022 1239 iiij
1048 1198 1076 1230 d.
1109 1199 1210 1230 annui

159 1247 302 1278 redditus
318 1250 399 1279 terre
414 1247 453 1279 de
473 1246 674 1288 Monorgond
698 1246 736 1278 de
760 1247 880 1278 eisdem
903 1248 1058 1279 terminis.
1104 1248 1147 1279 Et
1171 1248 1211 1279 de

159 1296 206 1337 iiij
224 1301 246 1327 5.
263 1296 404 1328 redditus
420 1297 517 1328 assise
532 1299 615 1327 terre
631 1296 670 1327 de
686 1295 811 1338 Lochty
827 1307 884 1338 per
900 1297 1124 1329 vendicionem
1140 1301 1211 1328 octo

161 1345 340 1386 amplarum
355 1347 542 1387 sagitbarum
558 1345 597 1376 de
613 1345 698 1376 dieto
714 1355 805 1377 anno.
853 1346 986 1377 Summa
996 1346 1105 1377 totalis
1121 1356 1211 1377 oner-

161 1395 280 1427 acionis
302 1399 407 1436 preter
429 1395 592 1435 arreragia,
608 1393 728 1436 iiij⁰1xv
743 1395 774 1426 11'.
792 1395 860 1436 xxij
885 1395 914 1426 (ἶ,
954 1395 1087 1426 Summa
1102 1396 1211 1427 totalis

162 1445 357 1476 oneracionis
373 1455 446 1476 cum
462 1445 637 1485 arreragiis,
652 1444 745 1486 vj⁰lijj
763 1444 794 1476 11
813 1445 869 1486 xiij
887 1449 909 1477 5.
926 1445 960 1486 fij
979 1445 1007 1476 d.

205 1494 352 1535 Expense
379 1494 529 1536 ejusdem.
575 1494 616 1525 In
639 1494 760 1535 primis,
776 1494 911 1526 allocate
934 1495 1135 1536 computanti
1158 1505 1214 1535 pro

162 1544 406 1585 superexpensis
420 1544 497 1576 >suis
524 1544 619 1575 factis
643 1544 678 1575 in
706 1547 856 1585 computo
880 1544 985 1576 warde
1008 1545 1047 1576 de
1070 1545 1155 1582 Erol,
1178 1548 1216 1575 ut

162 1597 252 1635 patet
266 1594 301 1625 in
316 1594 396 1635 pede
412 1594 565 1635 ejusdem,
575 1593 622 1625 lix
638 1597 660 1625 5.
675 1593 723 1626 ob.
769 1594 816 1625 Et
827 1593 939 1631 eidem,
952 1604 1008 1634 per
1020 1594 1216 1626 solucionem

164 1643 282 1675 factam
297 1643 440 1676 Johanni
457 1644 592 1675 Stewart
608 1643 647 1674 de
664 1643 802 1684 Cardny,
817 1643 923 1681 militi,
939 1642 979 1675 de
1002 1643 1101 1675 firmis
1118 1647 1216 1675 terra—

165 1703 236 1724 rum
252 1693 290 1724 de
307 1693 415 1735 Cluny
438 1703 511 1725 cum
536 1693 653 1734 quibus
678 1696 868 1733 computans
891 1692 1037 1733 superius
1059 1695 1218 1730 oneratur,

167 1742 228 1774 sibi
239 1741 280 1774 ad.
295 1743 396 1774 vitam
407 1753 635 1779 concessarum,
645 1745 683 1773 ut
694 1744 784 1783 patet
793 1742 828 1772 in
840 1742 953 1773 rossulis
965 1742 1220 1783 precedentibus,

167 1792 206 1824 de
221 1802 304 1824 anno
320 1792 418 1834 hujus
433 1793 584 1834 computi,
601 1792 656 1833 xiij
675 1792 706 1823 fi.
730 1792 762 1832 vj
780 1796 804 1823 5.
820 1791 877 1832 viij
901 1791 930 1822 d.
976 1792 1020 1823 Et
1035 1792 1148 1829 eidem,
1163 1802 1220 1833 per

167 1841 362 1873 solucionem
378 1842 496 1874 factam
519 1841 646 1873 domine
671 1840 807 1872 Matilde
823 1841 1004 1882 Lyndesay,
1027 1841 1221 1882 percipienti

168 1892 334 1923 annuatim
351 1891 468 1933 viginti
489 1902 611 1923 marcas
635 1902 675 1923 ex
698 1891 802 1933 gracia
828 1891 949 1922 domini
976 1891 1058 1932 regis
1084 1890 1222 1922 durante

167 1950 225 1972 sua
240 1941 416 1978 voluntate,
432 1943 469 1972 ut
484 1944 574 1982 patet
596 1951 652 1982 per
668 1941 777 1972 literas
800 1950 874 1972 suas
897 1940 957 1972 sub
980 1950 1094 1981 magno
1117 1939 1222 1981 sigillo

168 1989 247 2021 alias
274 1993 415 2022 ostensas
448 2000 543 2031 super
580 1994 776 2032 computum,
806 1990 876 2031 ipsa
908 1989 1029 2021 fatente
1058 1993 1223 2030 receptum

169 2048 264 2079 super
279 2041 466 2080 computum
482 2039 520 2071 de
537 2049 621 2071 anno
636 2039 788 2080 computi,
804 2038 861 2079 xiij
878 2038 910 2069 fi.
935 2038 966 2078 vj
984 2042 1006 2069 5.
1031 2038 1086 2079 viij
1104 2038 1136 2069 d.
1181 2038 1225 2069 Et

171 2087 283 2125 eidem,
310 2088 349 2120 de
373 2098 479 2120 annuo
502 2089 630 2120 redditu
654 2089 762 2120 debito
786 2088 924 2119 Roberto
948 2087 1162 2128 Levingstone
1185 2087 1224 2118 de

170 2138 322 2179 Drumry.
339 2137 444 2176 militi,
460 2138 498 2170 de
515 2138 665 2180 thanagio
675 2138 714 2169 de
727 2137 926 2179 Kyncardin,
943 2136 1094 2168 videlicet
1109 2137 1226 2179 viginti
