1551 2462
10 213 12 227 ¹
61 232 67 239 ·
124 235 214 266 1460.
433 235 595 268 REGUM
619 236 865 269 scoronmu.
1131 240 1170 269 33

121 320 219 352 trium
246 321 411 353 dacrarum
433 323 575 364 quinque
601 324 781 361 corriorum,
808 327 1061 356 custumatorum
1085 324 1171 365 apud

119 369 241 401 dictum
257 371 401 413 burgum,
418 373 456 404 de
480 373 615 414 propriis
632 374 753 405 domini
776 375 866 416 regis,
888 374 944 415 viij
961 374 993 405 n'.
1012 375 1041 412 vj
1059 378 1083 406 s.
1129 375 1171 406 Et

121 420 249 457 eisdem,
279 421 317 453 de
348 426 495 455 custuma
522 424 656 456 duarum
682 425 838 463 laetarum
864 435 920 456 sex
951 435 1114 456 saccorum
1139 429 1172 456 et

74 499 81 502 ,
121 471 346 510 septemdecim
376 477 539 514 petrarum
563 474 636 506 lane
666 475 705 506 de
734 475 868 516 propriis
899 475 1027 506 domine
1053 475 1170 516 regine,

122 524 374 553 custumatarum
390 526 426 554 ut
441 534 536 565 supra
551 535 607 566 per
622 528 749 565 tempus
766 525 914 566 compoti,
930 535 1020 556 xxxv
1034 524 1067 556 n'.
1084 525 1128 565 xij
1146 529 1169 557 s.

121 569 155 610 iij
173 570 202 601 d.
246 571 289 602 Et
304 571 343 603 de
359 576 507 605 custuma
523 577 660 615 quatuor
682 574 835 606 laetarum
860 577 984 615 septem
1007 584 1171 605 saccorum

121 623 154 650 et
163 621 277 662 viginti
292 623 391 654 trium
406 627 569 664 petrarum
585 625 657 656 lane
681 625 720 656 de
735 625 871 666 propriis
884 625 1032 666 gregibus
1046 625 1171 656 abbatis

122 669 161 702 de
178 672 305 710 Melros,
320 684 360 705 ex
383 674 550 706 elimosina
572 675 653 716 regis
677 676 819 716 antiqua,
843 678 880 706 ut
902 678 992 715 patet
1007 675 1042 705 in
1057 674 1171 706 rotulis

122 723 372 763 precedentibus,
391 724 460 766 lxiij
480 725 511 756 Η.
536 725 614 766 xviij
639 729 662 756 s.
688 725 719 765 xj
748 725 777 756 d.
823 725 866 756 Et
886 725 989 756 eidem
1012 725 1092 762 Ade,
1116 735 1173 765 per

123 772 318 805 solucionem
337 775 455 807 factam
478 775 598 806 Thome
622 775 797 815 Olyphant‚
813 774 852 806 de
876 774 1026 806 mandato
1049 774 1172 806 domini

123 822 204 863 regis
219 823 300 855 bone
316 824 467 856 memorie
483 835 585 865 nuper
601 824 754 862 defuncti,
769 835 826 865 pro
841 835 906 855 uno
923 835 998 865 pare
1014 824 1115 855 lancis
1132 824 1173 855 ad

121 872 361 912 ponderandum
374 873 521 915 pulveres
533 884 589 915 pro
599 874 793 911 bumbardis,
810 877 847 904 ut
856 877 946 914 patet
956 884 1012 914 per
1024 873 1170 905 cedulam

122 922 334 963 subscriptam
365 933 462 954 manu
494 923 572 955 dicti
611 924 733 955 domini
770 923 853 964 regis
885 927 1047 954 ostensam
1077 934 1172 964 super

123 975 314 1013 compotum,
331 973 385 1013 viij
404 977 426 1005 ἓ.
450 984 471 1004 v
487 973 516 1005 d.
562 974 604 1004 Et
627 973 739 1011 eidem,
762 984 818 1014 per
841 973 1035 1004 solucionem
1053 973 1171 1004 factam

122 1021 241 1053 Thome
259 1022 426 1063 Bigholme
448 1033 504 1063 pro
528 1023 676 1064 expensis
699 1023 843 1064 magistri
865 1023 887 1054 J
890 1023 1024 1054 ohannis
1047 1023 1171 1064 Kinge-

122 1075 199 1109 scot,
222 1071 329 1103 clerici
352 1072 442 1103 ducis
464 1073 684 1111 Eboracencis,
707 1072 746 1104 de
772 1072 924 1104 mandato
948 1072 1026 1104 dicti
1049 1072 1171 1103 domini

122 1121 204 1162 regis
219 1122 271 1162 pie
294 1122 454 1159 memorie,
477 1127 509 1153 et
531 1133 587 1163 pro
603 1122 791 1154 reduccione
812 1123 953 1154 curtium
969 1122 1108 1154 artilarie
1131 1123 1171 1154 de

121 1174 224 1202 castro
234 1171 273 1203 de
283 1172 384 1203 Werk
392 1181 501 1209 versus
517 1172 714 1214 Edinburgh,
730 1172 768 1203 de
784 1172 935 1203 mandato
951 1172 1074 1203 domini
1089 1173 1171 1214 regis

120 1221 274 1258 moderni,
311 1225 348 1252 ut
377 1224 466 1262 patet
502 1232 559 1262 per
598 1222 724 1253 literam
772 1221 915 1263 ejusdem
954 1222 1014 1253 sub
1048 1222 1171 1262 signeto

120 1274 281 1302 ostensam
310 1281 406 1311 super
428 1275 620 1312 compotum,
643 1271 722 1309 xxiij
754 1271 785 1302 fi.
815 1271 882 1312 xiiij
909 1278 931 1303 s.
986 1272 1028 1302 Et
1058 1271 1171 1309 eidem,

119 1330 177 1361 per
201 1320 396 1352 solucionem
426 1321 544 1352 factam
574 1320 703 1353 domino
733 1320 879 1353 Johanni
913 1321 1074 1359 Cokburn‚
1097 1332 1170 1353 con-

54 1411 61 1413 *
121 1370 294 1401 stabulario
325 1370 420 1402 castri
450 1371 489 1402 de
519 1371 717 1412 Efflnburgh,
756 1381 812 1412 pro
843 1370 988 1402 custodia
1017 1371 1170 1412 ejusdem,

120 1419 159 1451 de
188 1420 339 1451 mandato
370 1419 491 1451 domini
521 1421 611 1462 regis,
635 1431 653 1452 a
682 1421 785 1461 primo
808 1420 859 1453 die
883 1420 1024 1462 Augusti
1055 1421 1170 1453 ultimo

120 1480 221 1510 usque
237 1470 425 1501 vicesimum
441 1470 526 1501 diem
536 1471 651 1502 Marcii
667 1471 837 1508 exclusive,
853 1473 891 1502 ut
906 1474 995 1511 patet
1010 1481 1067 1512 per
1078 1471 1170 1503 binas

120 1518 229 1551 literas
245 1520 386 1560 ejusdem
403 1521 462 1551 sub
486 1520 617 1561 signeto,
633 1521 703 1562 ipso
726 1521 748 1552 J
751 1521 876 1552 ohanne
893 1531 950 1562 per
965 1521 1044 1552 alias
1059 1522 1169 1554 literas

120 1568 240 1601 fatente
262 1573 426 1610 receptum
450 1580 545 1611 super
568 1574 760 1612 compotum,
784 1572 885 1612 xxxiij
903 1571 935 1603 H.
959 1572 988 1613 vj
1013 1576 1036 1603 s.
1061 1573 1117 1613 viij
1135 1572 1162 1604 d.

119 1619 161 1650 Et
183 1619 267 1650 dicto
290 1619 418 1651 domino
441 1620 463 1651 J
466 1621 585 1652 ohanni
608 1621 788 1659 Cokburne,
803 1632 861 1662 pro
884 1622 1087 1662 reparacione
1103 1633 1168 1654 cer-

118 1671 223 1699 tarum
238 1669 412 1707 domorum,
429 1680 553 1702 necnon
569 1671 647 1702 seris
663 1674 695 1702 et
712 1671 783 1702 aliis
798 1672 1056 1712 reparacionibus
1073 1673 1167 1704 factis

118 1717 153 1749 in
169 1718 253 1750 dicto
269 1723 380 1756 castro,
395 1719 434 1751 de
450 1720 561 1752 eodem
576 1721 736 1758 mandato,
752 1725 789 1752 ut
804 1724 894 1762 patet
909 1731 966 1762 per
987 1722 1169 1754 consimiles

119 1767 226 1800 literas
242 1772 384 1801 ostensas
400 1780 496 1811 super
511 1774 704 1811 compotum,
720 1782 741 1801 x
756 1770 788 1802 fi.
834 1771 877 1802 Et
899 1781 956 1812 per
972 1771 1168 1805 solucionem

119 1817 236 1849 factam
265 1819 385 1851 Jacobo
417 1820 529 1851 Schaw
552 1830 608 1861 pro
639 1820 816 1852 columbari
846 1831 912 1859 suo,
936 1821 1010 1853 dato
1040 1822 1168 1854 cuidam

118 1867 309 1899 Teotonicho
335 1869 474 1906 Austrie,
497 1869 537 1901 de
560 1869 710 1901 mandato
734 1870 855 1901 domini
885 1871 968 1911 regis
991 1870 1167 1903 literatorio

117 1917 176 1949 sub
191 1917 314 1958 signeto
337 1922 463 1951 ostenso
479 1930 574 1960 super
589 1923 782 1960 compotum,
798 1920 853 1961 viij
871 1920 902 1951 li.
949 1921 992 1951 Et
1006 1931 1064 1962 per
1079 1922 1166 1953 solu-

117 1967 239 1999 cionem
262 1968 380 2000 factam
402 1968 536 2000 Nicolao
561 1969 692 2010 Spethy‚
715 1970 754 2001 de
785 1970 937 2001 mandato
964 1970 1167 2002 dominorum

117 2017 198 2058 regis
226 2018 308 2050 bone
338 2019 490 2051 memorie
520 2022 552 2050 et
582 2020 735 2057 moderni,
758 2030 814 2061 pro
838 2020 933 2052 certis
958 2020 1167 2052 merchansiis

117 2067 250 2108 receptis
266 2068 305 2099 ab
329 2068 447 2105 eodem,
470 2072 508 2100 ut
529 2071 619 2110 patet
641 2079 697 2110 per
719 2069 810 2100 binas
834 2069 942 2101 literas
964 2069 1002 2101 de
1018 2074 1167 2111 precepto

118 2119 259 2149 ostensas
282 2128 376 2160 super
399 2122 582 2160 compotum
605 2120 665 2150 sub
688 2119 819 2160 signeto,
836 2119 942 2160 lxxiiij
960 2119 991 2150 n‘.
1008 2119 1030 2159 ij
1048 2123 1071 2151 s.
1088 2120 1118 2160 vj
1136 2120 1166 2151 d.

117 2165 159 2197 Et
174 2176 230 2207 per
244 2166 439 2201 solucionem
455 2168 573 2201 factam
588 2168 719 2210 Lyoune
734 2168 800 2209 regi
816 2178 986 2206 armorum,
1001 2178 1058 2210 pro
1075 2169 1166 2200 feodo

160 2222 230 2248 vot.
245 2224 301 2248 vn.
1017 2225 1035 2248 G
