1551 2462
403 250 463 279 130
713 247 877 279 ROTULI
902 247 1139 280 SCACCARII
1362 221 1453 282 1462.

400 341 543 382 proprias
560 340 597 372 de
614 341 738 372 duobus
753 341 877 372 ultimis
887 341 1033 372 terminis
1043 341 1140 382 hujus
1156 343 1303 383 compoti,
1314 342 1452 385 demptis

400 391 507 422 terciis
545 391 661 422 debitis
699 391 822 422 duabus
853 391 1024 422 comitissis
1063 392 1253 423 Craufurdie
1291 396 1323 424 et
1361 393 1453 424 feodo

401 441 558 482 capellani
588 441 627 472 de
651 441 819 481 Invernys,
843 451 907 471 xxv
939 441 969 471 11.
996 441 1063 481 xiiij
1090 442 1146 482 §xij
1171 441 1199 473 d.
1245 442 1288 473 Et
1310 442 1453 483 pendent

401 491 549 522 similiter
576 501 671 531 super
695 490 893 521 Malcomum
920 491 1175 531 M‘Kyntossche
1200 492 1238 523 de
1265 492 1364 524 firmis
1388 496 1449 524 ter-

400 552 508 571 rarum
525 541 562 571 de
580 540 779 571 Holhirhirst
791 540 876 571 infra
887 540 1066 571 dominium
1083 541 1121 572 de
1138 542 1235 582 Petty
1248 546 1280 573 et
1290 542 1454 584 Brachlyn

401 594 433 621 et
456 591 495 621 de
517 589 825 621 Westircorrebroch
849 593 881 620 et
904 589 1095 630 Moyrclune
1110 591 1196 622 infra
1218 591 1397 622 dominium
1414 592 1452 624 de

402 640 595 676 Stratherne,
611 649 684 670 cum
701 639 817 679 quibus
834 643 1019 680 compotans
1036 641 1226 672 onerabatur
1248 642 1282 672 in
1298 642 1453 683 compotis

401 700 558 721 annorum
588 689 923 730 quinquagesiminoni
953 693 985 721 et
1011 691 1208 731 sexagesimi,
1233 695 1270 722 ut
1300 695 1389 732 patet
1417 692 1452 722 in

400 740 529 777 eisdem,
544 739 646 779 xxxiij
665 738 696 769 11.
714 739 745 779 vj
770 743 792 770 s.
811 739 865 780 viij
883 739 912 769 d.
958 739 1000 770 Et
1023 740 1165 780 pendent
1187 740 1335 771 similiter
1357 752 1454 782 super

401 790 539 821 eundem
576 788 776 820 Malcomum
814 789 871 819 de'
891 789 991 820 firmis
1028 792 1186 821 terrarum
1224 790 1263 821 de
1300 791 1381 832 Moy
1418 791 1453 822 in

402 840 596 876 Stratherne,
631 838 849 879 spectancium
878 838 1007 869 domino
1040 839 1108 880 regi
1141 839 1267 871 racione
1301 841 1451 872 vacancie

374 886 378 887 ⁷
401 890 601 931 episcopatus
625 888 846 925 Moraviensis,
862 888 901 919 (16
925 899 1008 919 anno
1026 889 1231 930 sexagesimo,
1255 890 1286 930 vj
1304 889 1334 920 11.
1353 890 1410 930 xiij
1427 894 1450 921 ἓ.

400 940 446 980 iiij
471 939 499 970 d.
545 939 589 969 Et
611 938 753 979 pendent
776 937 809 968 in
833 938 980 969 manibus
997 938 1168 979 Gilleglass
1193 938 1352 980 M‘Dawy‚
1375 939 1452 971 olim

400 990 482 1020 mari
493 989 531 1020 de
544 989 640 1029 Petty
651 992 683 1019 et
695 987 867 1028 Brachlyn,
879 987 917 1018 de
928 988 1028 1018 firmis
1041 988 1119 1018 dicti
1132 988 1273 1026 dominii,
1286 988 1324 1020 de
1340 989 1452 1020 eodem

183 1031 324 1089 ἓξὲζξξξζ
331 1033 385 1084 ξζξᾙ
400 1049 484 1070 anno
500 1038 694 1079 sexagesimo
711 1040 743 1068 et
759 1037 895 1068 termino
912 1037 1138 1068 Penthecostes
1154 1037 1189 1068 in
1205 1038 1324 1076 eodem,
1339 1039 1394 1080 xvj
1419 1039 1450 1070 11.

183 1090 231 1112 hiis
240 1091 383 1119 pendeneiis.
399 1089 430 1129 xj
449 1092 470 1119 5.
504 1088 546 1129 vij
579 1087 607 1118 d.
654 1087 736 1118 Cum
765 1087 882 1127 quibus
915 1087 1101 1127 pendenciis
1132 1088 1290 1119 contentis
1320 1089 1354 1119 in
1392 1088 1452 1120 hac

183 1132 344 1185 ξιξέξὲξζὲὲλ.
355 1163 384 1186 de
398 1138 554 1180 perticula
577 1140 762 1178 compotans
786 1137 969 1167 onerabitur
990 1137 1024 1167 in
1042 1137 1186 1177 proximo
1209 1141 1355 1178 compoto
1378 1148 1452 1170 suos

183 1192 290 1215 consino.
398 1193 430 1220 et
467 1188 573 1220 medio
597 1191 741 1228 tempore
772 1187 895 1218 domini
922 1186 960 1217 de
991 1186 1124 1217 consilio
1162 1187 1350 1218 consulendi
1373 1192 1449 1219 sunt

399 1239 531 1271 Summa
546 1238 642 1279 hujus
658 1237 842 1278 pendencie,
855 1235 952 1277 j⁰lxiij
969 1235 1001 1267 11.
1019 1246 1040 1267 v
1057 1240 1079 1267 s.
1097 1236 1130 1267 ix
1147 1236 1175 1267 d.
1222 1234 1265 1267 Et'
1274 1237 1319 1268 sic
1328 1240 1450 1268 restant

398 1288 505 1330 iijchjij
523 1288 554 1319 11.
572 1288 616 1328 vij
634 1291 656 1318 ἔ.
674 1287 721 1318 οἵ).

441 1339 491 1369 De
508 1337 635 1378 quibus,
659 1336 792 1367 allocate
809 1335 1010 1376 computanti
1032 1345 1089 1376 per
1112 1334 1308 1366 solucionem
1329 1336 1451 1368 factam

397 1387 570 1428 capellanis
588 1385 822 1417 celebrantibus
838 1385 873 1415 in
896 1384 1029 1416 ecclesia
1053 1384 1228 1415 cathedrali
1251 1385 1448 1417 Moraviensi

397 1437 436 1468 de
459 1437 559 1467 firmis
582 1439 739 1466 terrarum
763 1434 802 1464 de
824 1433 969 1474 Artrilye
993 1433 1195 1474 episcopatus
1226 1434 1449 1473 Moraviensis‚

397 1496 471 1517 cum
508 1485 625 1526 quibus
663 1488 848 1524 computans
873 1483 1066 1514 onerabatur
1111 1484 1146 1514 in
1192 1488 1339 1525 compoto
1369 1486 1447 1517 anni

396 1534 603 1576 precedentis,
630 1537 667 1564 ut
683 1533 794 1564 asserit
810 1537 1000 1573 computans
1024 1536 1056 1564 et
1072 1533 1132 1564 sub
1148 1533 1290 1574 periculo
1306 1539 1448 1576 compot-

396 1585 489 1622 antis,
512 1595 533 1615 v
555 1584 586 1614 11.
604 1583 635 1623 vj
655 1587 677 1613 s.
695 1582 750 1622 viij
776 1582 804 1612 d.
851 1582 893 1613 Et
917 1582 1030 1620 eidem,
1053 1593 1109 1623 pro
1126 1583 1352 1616 emendacione
1368 1585 1448 1616 mol-

396 1634 507 1666 endini
516 1634 555 1665 de
566 1632 830 1674 Lytylbrochlyn,
844 1642 884 1663 ex
894 1632 1151 1663 consideracione
1161 1633 1353 1671 auditorum,
1363 1635 1420 1675 xiij
1433 1639 1448 1666 s

396 1685 442 1726 iiij
467 1684 496 1716 d.
551 1684 593 1714 Et
620 1682 822 1723 computanti
845 1692 902 1722 pro
929 1681 1020 1713 feodo
1043 1692 1101 1713 suo
1128 1682 1168 1713 de
1191 1682 1336 1715 terminis
1351 1683 1449 1725 hujus

396 1734 536 1775 compoti
566 1735 598 1764 et
628 1742 692 1762 uno
720 1731 856 1762 termino
883 1731 1072 1772 precedente
1099 1732 1166 1779 hoc.
1186 1736 1381 1773 computum,
1408 1744 1448 1765 ex

395 1783 650 1815 consideracione
667 1781 848 1812 auditorum
869 1781 909 1811 ad
924 1791 1062 1821 presens,
1078 1781 1155 1821 xxvj
1177 1781 1209 1812 11.
1226 1782 1283 1822 xiij
1301 1786 1323 1813 s.
1347 1783 1394 1823 iiij
1418 1783 1449 1815 d.

395 1834 439 1864 Et
472 1833 585 1869 eidem,
615 1841 672 1872 pei·
704 1830 899 1861 solucionem
937 1831 1055 1861 factam
1092 1831 1245 1871 magistro
1282 1831 1449 1863 Willelmo

396 1883 500 1919 Blare,
515 1881 591 1913 olim
613 1879 786 1912 senescallo
809 1879 931 1910 domini
954 1879 1044 1920 regis,
1061 1880 1101 1910 ad
1123 1890 1279 1921 expensas
1295 1880 1449 1913 domicilii

180 1925 348 1978 {fjssonsfflgist
395 1932 517 1964 domini
546 1930 636 1971 regis,
659 1930 727 1970 ipso
754 1938 810 1968 per
840 1928 985 1959 cedulam
1012 1939 1103 1960 suam
1133 1929 1255 1961 fatente
1284 1935 1449 1972 receptum

179 1973 262 2008 callus’-
395 1992 490 2023 super
505 1982 701 2021 computum,
717 1978 750 2010 xl
766 1982 799 2015 5.,
815 1988 871 2018 pro
888 1978 1004 2018 quibus
1019 1979 1231 2019 respondebit.
1277 1980 1319 2010 Et
1335 1980 1448 2018 eidem,

394 2042 451 2073 per
483 2029 700 2062 decidenciam
735 2027 898 2058 firmarum
938 2027 1013 2058 ville
1045 2028 1083 2059 de
1114 2028 1312 2070 Balnageith‚
1343 2040 1379 2061 eo
1411 2034 1447 2061 ut

395 2081 499 2113 coloni
522 2080 606 2111 dicte
629 2077 706 2109 ville
733 2081 878 2108 asserunt
901 2077 986 2117 quod
1013 2077 1146 2108 comitas
1169 2077 1261 2119 burgi
1284 2078 1323 2110 de
1349 2079 1446 2111 Fores

179 2153 353 2183 Inquirendum
394 2133 528 2171 occupat
551 2129 630 2160 duas
663 2129 818 2158 marcatas
849 2126 932 2157 dicte
963 2126 1048 2163 ville,
1072 2137 1167 2168 super
1196 2137 1324 2159 causam
1354 2129 1446 2169 cujus

178 2186 223 2207 est.
394 2179 620 2222 inquirendum
665 2180 721 2214 est,
759 2176 798 2207 de
835 2175 937 2207 tribus
980 2176 1124 2207 terminis
1162 2176 1258 2217 hujus
1295 2178 1444 2219 compoti,
