1551 2462
371 279 432 307 394
675 276 840 309 ROTULI
865 275 1103 309 SCACCARH
1327 279 1417 308 1466.

414 370 536 410 Chao-[se.
576 370 723 407 Ari-ears,
739 371 838 408 2914&
849 371 891 401 53.
905 369 990 411 551⁷&
1007 370 1025 399 I
1044 370 1078 400 lb.
1090 369 1228 410 prymen]

412 419 504 457 Item,
529 420 614 451 idem
641 423 751 451 onerat
767 430 800 451 se
828 420 866 450 de
897 420 976 460 xlvij
1005 419 1036 451 n.
1068 430 1124 460 per
1147 419 1287 461 integras
1311 419 1419 450 firmas

368 468 553 500 dominiide
577 469 807 500 Strathbmune
831 469 869 500 de
894 469 1018 514 (hiobus
1035 469 1180 500 terminis
1205 469 1302 509 hujus
1334 479 1418 500 com-

367 518 444 559 puti.
491 519 533 549 Et
549 519 587 550 de
603 519 728 559 lxxxxij
746 519 777 550 11.
788 529 844 566 per
861 520 999 559 integras
1023 519 1130 550 firmas
1154 519 1193 550 de
1219 519 1365 559 Deschyr
1387 522 1420 550 et

367 568 500 608 Twoyer
515 568 553 600 de
576 568 668 599 dictis
694 569 817 599 duobus
840 569 987 599 terminis
1004 579 1041 600 ex
1059 571 1195 609 utraque
1219 572 1308 610 parte
1330 568 1419 599 lacus

367 617 406 648 de
422 618 514 658 Taya.
554 618 596 649 Et
612 618 650 649 de
663 619 775 658 xxxvij
788 618 819 649 Π,
833 618 871 650 (18
884 619 982 649 firmis
995 622 1152 650 terrarum
1165 618 1203 649 de
1217 618 1420 659 Glenlyoune

367 667 405 697 de
421 667 541 698 eisdem
565 668 717 698 terminis.
765 668 807 698 Et
830 668 869 699 de
893 668 971 708 xviij
988 667 1020 699 H.
1045 668 1084 699 de
1106 668 1206 699 firmis
1229 668 1358 699 baronie
1381 668 1421 699 de

366 717 561 758 Forthirgyll
584 717 623 748 de
646 717 764 749 eisdem
788 718 940 749 terminis.
986 718 1028 748 Et
1045 718 1083 749 de
1100 717 1133 759 lij
1151 717 1183 749 fi.
1208 717 1262 758 xiij
1281 722 1302 749 5.
1320 718 1366 758 iiij
1391 718 1420 750 d.

366 766 405 797 de
438 766 535 797 firmis
561 767 690 798 baronie
715 767 754 798 de
780 767 944 808 Apnadull
964 767 1001 798 de
1027 777 1110 798 anno
1127 767 1276 808 computi.
1323 767 1364 798 Et
1381 767 1420 799 de

366 816 445 856 xviij
463 816 497 847 n.
512 817 543 856 vj
561 821 583 847 5.
601 817 657 856 viij
674 816 702 847 d.
720 817 758 848 (18
776 817 875 848 firmis
890 817 1021 848 baronie
1044 817 1083 848 de
1100 817 1233 848 Ranach
1249 817 1287 848 de
1309 817 1420 848 eodem

367 875 459 896 anno.
504 866 546 896 Et
562 866 600 896 (18
616 866 672 906 xiij
690 865 721 897 11.
739 866 769 907 vj
788 870 810 897 5.
829 866 885 907 viij
905 866 933 897 d.
949 866 986 897 de
998 867 1098 898 firmis
1112 867 1228 898 foreste
1245 867 1284 898 de
1301 866 1418 907 Cluny.

366 916 409 946 Et
425 915 463 946 (18
480 915 558 954 lxxij
575 915 607 946 ri.
624 926 681 956 per
695 916 834 956 integras
850 916 957 947 firmas
975 916 1109 947 dominii
1126 916 1164 948 de
1181 916 1357 948 Kinclevin
1380 916 1419 947 de

367 967 490 998 duobus
506 968 651 998 terminis
668 968 763 1008 hujus
774 968 926 1008 computi.
974 968 1017 999 Et
1028 968 1066 999 de
1083 968 1116 999 xl
1132 972 1154 999 5.
1168 969 1263 999 annui
1276 968 1419 999 redditus

367 1020 448 1047 terre
465 1016 502 1047 de
519 1017 779 1048 Kinblathmond
796 1017 834 1048 de
852 1018 962 1048 eodem
978 1028 1068 1049 anno.
1114 1018 1157 1049 Et
1173 1018 1212 1049 de
1225 1029 1268 1048 xx
1284 1022 1306 1049 5.
1321 1018 1421 1049 annui

366 1065 510 1097 redditus
527 1066 565 1097 de
576 1066 739 1107 Torsoppy
756 1066 795 1097 de
812 1067 932 1098 eisdem
947 1067 1098 1098 terminis.
1145 1067 1187 1098 Et
1203 1067 1242 1098 de
1253 1077 1272 1098 v
1289 1071 1311 1099 5.
1324 1067 1371 1108 iiij
1388 1067 1417 1099 d.

366 1265 490 1296 cionem
513 1265 609 1296 unius
632 1265 713 1296 libre
736 1265 854 1306 piperis
878 1266 948 1297 albe
972 1266 1062 1296 firme
1085 1269 1166 1297 terre
1191 1266 1230 1297 de
1254 1266 1334 1297 Rate
1358 1276 1420 1307 que

367 1314 484 1345 dicitur
497 1315 522 1345 F
525 1314 585 1345 rela
592 1314 634 1345 nd
648 1315 686 1345 de
698 1315 835 1346 termino
847 1315 974 1346 Natalis
984 1315 1119 1346 Domini
1130 1316 1214 1347 infra
1223 1319 1420 1357 computum,

367 1366 442 1406 quia
473 1371 550 1397 tunc
576 1366 721 1398 redditur
747 1370 883 1399 tantum.
931 1367 1063 1398 Summa
1091 1367 1198 1398 totalis
1223 1367 1419 1399 oneracionis

365 1420 471 1456 preter
483 1416 647 1457 arrei-agia,
660 1415 768 1457 iij⁸liiij
787 1417 820 1448 li.
860 1417 991 1448 Summa
1007 1417 1116 1448 totalis
1132 1417 1328 1448 oneracionis
1345 1427 1418 1449 cum

366 1465 541 1506 arreragiis,
559 1464 590 1496 νο
606 1465 638 1497 li.
656 1476 674 1496 v
693 1470 715 1496 Ξ.
735 1476 755 1496 v
771 1466 800 1496 d.
818 1466 865 1497 οἵ).

364 1543 367 1546 .
409 1515 557 1555 Expense
581 1514 731 1554 ejusdem.
779 1515 820 1545 In
847 1515 967 1556 primis,
984 1516 1118 1547 allocate
1141 1517 1340 1557 computanti
1363 1526 1420 1558 per

366 1564 561 1595 solucionem
585 1564 702 1594 fac'tam
727 1564 889 1604 quondam
916 1565 1059 1596 Johanui
1088 1566 1231 1603 Stewart,
1255 1565 1360 1603 militi,
1380 1566 1419 1597 de
1440 1598 1442 1600 ,

367 1613 465 1644 firmis
483 1613 597 1644 foreste
613 1613 652 1644 de
677 1613 784 1655 Cluny
800 1614 860 1645 sibi
884 1614 924 1646 ad
946 1615 1047 1645 vitam
1071 1615 1236 1652 concessis,
1253 1615 1290 1646 (18
1314 1615 1418 1656 primo

365 1663 501 1694 termino
517 1663 614 1704 hujus
630 1663 780 1704 computi,
796 1664 827 1704 vj
849 1663 884 1695 fi.
903 1664 959 1704 xiij
978 1669 1000 1695 5.
1025 1664 1072 1706 iiij
1089 1665 1129 1703 d„
1145 1669 1177 1696 et
1199 1665 1300 1696 nichil
1311 1665 1363 1696 1110
1381 1666 1419 1696 de

365 1713 500 1744 termino
532 1713 769 1750 Pentheoostes,
795 1714 870 1754 quia
900 1717 975 1745 ante
1006 1714 1099 1745 11111111
1129 1715 1303 1746 terminum
1333 1714 1418 1745 diem

365 1762 481 1794 elausit
504 1766 692 1794 extremum.
740 1763 781 1794 Et
801 1763 930 1794 domine
947 1763 1084 1795 Matilde
1100 1764 1268 1805 Lindesay,
1283 1764 1419 1805 percipi-

365 1813 433 1844 enti
445 1812 612 1844 annuatim
625 1813 740 1854 viginti
751 1823 873 1844 marcas
886 1823 924 1844 ex
939 1813 1044 1854 gracia
1056 1813 1178 1845 domini
1188 1814 1270 1854 regis
1283 1813 1420 1845 durante

365 1873 424 1893 sua
446 1862 620 1899 voluntate,
637 1866 674 1893 ut
697 1866 786 1903 patet
808 1863 842 1893 in
865 1863 980 1894 rotulis
1003 1863 1256 1904 precedentibus,
1272 1863 1310 1894 de
1334 1873 1418 1894 anno

366 1912 509 1953 computi
522 1914 554 1943 et
566 1912 626 1942 sub
641 1911 782 1952 periculo
797 1913 1021 1952 computantis,
1035 1911 1091 1952 xiij
1109 1911 1142 1943 l-i.
1158 1913 1186 1953 vj
1205 1916 1226 1943 5.
1240 1912 1338 1953 viijss.
1377 1912 1420 1944 Et
1446 1920 1452 1927 ¹

366 1962 494 1993 domino
512 1961 624 1992 Coliuo
637 1961 790 1999 Cambell,
802 1961 907 1998 militi,
921 1972 977 2002 pro
992 1961 1082 1992 feodo
1096 1972 1153 1992 suo
1164 1972 1203 1992 ex
1219 1962 1420 1993 concessione

365 2011 487 2042 domini
503 2012 585 2053 regis
602 2012 653 2052 pie
671 2012 827 2043 memorie
838 2011 877 2042 de
894 2011 994 2042 firmis
1007 2014 1163 2042 terrarum
1179 2011 1218 2043 de
1229 2011 1375 2053 Deschyr
1387 2015 1420 2043 et

366 2061 487 2102 Twyer,
504 2065 540 2092 ut
558 2064 646 2102 patet
661 2061 694 2091 in
711 2060 825 2092 rotulis
840 2061 1093 2101 precedentibus,
1109 2061 1148 2092 de
1171 2071 1254 2092 anno
1279 2060 1420 2102 computi

366 2114 399 2142 et
425 2111 485 2141 sub
512 2110 653 2151 periculo
683 2110 909 2151 computantiS,
934 2111 1012 2150 xxvj
1040 2109 1072 2141 fi.
1101 2110 1156 2152 xiij
1182 2115 1204 2142 5.
1232 2111 1278 2152 iiij
1303 2110 1332 2142 d.
1377 2110 1420 2141 Et

366 2160 478 2196 eidem,
495 2160 533 2191 de
554 2160 653 2191 firmis
677 2163 835 2190 terrarum
858 2159 896 2191 de
922 2160 1020 2190 Inver
1042 2169 1114 2190 cum
1138 2160 1320 2191 molendino
1336 2160 1419 2201 ejus-

368 2209 439 2240 dem
451 2219 671 2240 concessarum
684 2219 739 2250 per
753 2209 916 2240 dominum
923 2219 1027 2250 regem
1040 2209 1090 2250 pie
1104 2209 1252 2240 memorie
1262 2209 1419 2240 Jacobum
