1551 2462
113 281 202 310 1464.
423 279 583 310 REGUM
607 277 853 310 SCOTORUM.
1097 280 1158 309 273

111 372 305 403 solucionem
315 371 434 403 factam
445 372 568 404 duobus
580 371 754 413 capellanis
766 371 1001 403 celebrantibus
1013 371 1046 402 in
1057 375 1160 402 castro

111 422 150 453 (18
173 423 256 453 Bute
279 425 312 454 et
334 422 456 463 capella
479 422 570 454 beate
593 422 722 463 Brigide
744 432 841 463 prope
865 421 988 452 dictum
1011 424 1159 458 castrum,

110 471 279 503 infeodatis
302 472 342 503 ab
365 472 506 512 antiquo,
528 471 778 513 percipientibus
809 471 975 502 annuatim
998 471 1037 502 de
1060 471 1160 502 firmis

110 520 194 552 dicte
224 521 328 553 insule
351 522 390 553 de
413 522 496 553 Bute
520 521 688 553 duodecim
710 521 800 553 libris
823 521 965 562 quinque
988 521 1105 552 solidos
1128 524 1161 552 et

109 573 245 611 quatuor
254 571 398 602 denarios
412 581 451 602 ex
467 571 633 603 elimosina
644 571 726 612 regis
736 571 878 612 antiqua,
890 571 967 612 ipsis
983 570 1160 602 fatentibus

108 629 166 661 per
181 620 289 652 literas
305 620 500 652 vicecomitis
517 620 555 652 de
577 621 660 652 Bute
675 623 831 652 testantes
847 620 1042 651 solucionem
1065 630 1160 661 super

111 673 304 711 computum,
344 670 383 702 de
430 670 555 702 duobus
604 670 695 701 annis
743 670 828 701 infra
865 669 926 701 hoc
963 673 1160 711 computum,

113 719 173 751 sub
211 720 351 761 periculo
396 720 622 761 computantis,
660 719 752 760 xxiiij
790 719 824 752 11.
848 730 869 750 x
892 724 915 751 ἔ.
946 720 1002 760 viij
1028 719 1056 751 d.
1117 720 1160 750 Et

111 769 222 807 eidem,
250 780 308 811 per
330 770 525 802 solucionem
548 770 667 800 factam
691 769 841 801 Gilcristo
868 769 975 807 Leich,
998 769 1037 800 de
1069 779 1158 800 man-

113 819 187 850 dato
203 819 324 851 domini
335 820 416 861 regis
431 819 606 851 literatorie
622 819 681 850 sub
693 820 819 860 privato
835 819 874 850 de
885 819 985 850 firmis
1001 822 1159 850 terrarum

110 868 150 900 (18
172 869 422 910 Kerylawmond
438 879 512 900 cum
534 869 740 909 pertinenciis
757 879 858 909 usque
874 872 993 900 etatem
1016 868 1159 909 eJusdem

110 918 150 949 ad
166 919 349 959 quindecim
372 928 480 956 annos,
496 921 621 949 ostenso
645 928 740 959 super
763 921 958 959 computum,
973 918 1013 949 de
1035 918 1159 948 duobus

112 967 185 998 nnis
213 968 309 1008 hujus
336 968 486 1009 computi,
513 968 544 1007 vj
561 967 594 999 Π,
610 967 666 1007 xiij
692 971 716 998 ἓ,
739 967 786 1008 iiij
815 967 843 998 d.
891 967 950 1008 [To
982 967 1160 1004 Treasurer,

111 1018 274 1048 accounted
289 1018 346 1058 for
370 1018 407 1048 in
429 1017 479 1048 his
498 1017 602 1047 second
623 1020 757 1053 account,
773 1017 857 1049 ss17.
913 1016 956 1047 To
977 1017 1021 1047 do.
1040 1017 1077 1057 by
1103 1020 1161 1047 two
1174 1013 1339 1066 ἓξῗῖῗξᾰξξέξ

109 1067 242 1107 receipts,
279 1067 356 1098 ..4918
385 1067 449 1098 135.
481 1066 546 1106 2ἅ.]
605 1066 648 1096 Et
685 1065 797 1103 eidem,
841 1075 899 1106 per
935 1065 1161 1096 liberacionem
1174 1060 1302 1095 samarius.

111 1116 230 1147 factam
259 1115 427 1147 Elizabeth
457 1115 496 1146 de
526 1115 671 1153 Dunbar,
708 1115 786 1145 olim
816 1114 976 1146 comitisse
1006 1115 1161 1152 Moravie,

111 1165 150 1196 de
173 1165 324 1196 mandato
347 1165 468 1196 domini
491 1164 582 1206 regis,
604 1165 639 1195 in
672 1167 798 1205 partem
827 1164 997 1196 solucionis
1031 1167 1161 1196 centum

115 1218 328 1246 marcatarum
364 1218 522 1246 terrarum
567 1214 629 1245 sibi
675 1214 716 1245 ad
752 1225 844 1246 suam
891 1215 1161 1246 sustentacionem

111 1274 213 1305 usque
229 1268 347 1296 etatem
363 1264 442 1295 dicti
459 1264 579 1295 domini
595 1264 696 1295 nostri
712 1265 794 1305 regis
810 1264 993 1305 quindecim
1005 1275 1162 1295 annorum

111 1324 340 1352 concessarum,
363 1314 514 1345 videlicet
543 1313 582 1345 de
604 1314 697 1344 terris
720 1314 758 1345 de
782 1313 1004 1345 Glenderowel
1026 1314 1162 1354 quadra-

112 1364 201 1404 ginta
217 1367 365 1401 marcate,
381 1364 420 1395 de
434 1364 528 1395 terris
545 1363 583 1394 de
599 1363 731 1394 Duchra
746 1363 855 1394 decem
871 1363 994 1401 librate,
1011 1367 1042 1394 et
1060 1364 1162 1395 insule

112 1413 151 1443 de
178 1413 261 1444 Bute
285 1413 495 1454 quadraginta
517 1415 665 1450 marcate,
689 1416 726 1443 ut
752 1415 842 1454 patet
867 1412 901 1444 in
928 1416 1015 1444 carta
1041 1413 1163 1444 domini

113 1462 213 1493 nostri
228 1463 310 1503 regis
327 1463 386 1494 sub
402 1472 516 1503 magno
532 1461 637 1502 sigillo
653 1465 778 1493 ostensa
802 1472 897 1503 super
912 1466 1107 1503 computum,
1123 1462 1163 1493 (18

112 1512 216 1543 tribus
245 1512 370 1543 ultimis
399 1512 544 1543 terminis
566 1511 663 1552 hujus
687 1512 839 1552 computi,
862 1511 1011 1543 Johanne
1041 1512 1162 1552 Culqu-

111 1561 176 1593 hon
199 1561 237 1593 de
267 1561 340 1599 Lus,
363 1561 474 1599 milite,
498 1561 566 1601 ejus
589 1561 712 1598 marito,
735 1561 857 1592 fatente
880 1564 1044 1602 receptum
1067 1571 1163 1602 super

111 1613 306 1652 computum,
318 1610 352 1641 xl
364 1610 396 1643 li.
441 1610 552 1651 Et'per
561 1610 756 1642 solucionem
768 1610 886 1642 factam
899 1611 983 1642 dicte
995 1611 1162 1642 Elizabeth

110 1660 149 1692 de
165 1660 306 1701 quinque
321 1660 469 1692 marcatis
485 1663 641 1692 terrarum
656 1660 852 1691 restantibus
868 1660 907 1691 de
922 1660 1016 1692 dictis
1032 1663 1163 1692 centum

110 1710 257 1741 marcatis
273 1713 306 1741 et
321 1709 361 1740 ad
372 1709 560 1741 solvendum
577 1709 777 1750 computanti
791 1710 947 1741 directum
957 1711 1017 1741 sub
1028 1711 1162 1751 privato,

111 1758 151 1790 de
179 1759 294 1790 ultimo
324 1759 462 1790 termino
492 1759 589 1799 hujus
612 1759 764 1800 computi,
787 1760 889 1800 xxxiij
915 1764 937 1791 8,
965 1760 1011 1800 iiij
1044 1760 1072 1791 d.
1120 1760 1162 1791 Et

113 1808 134 1840 J
138 1808 234 1839 acobo
257 1808 401 1845 Stewart,
423 1808 549 1840 custodi
571 1808 667 1839 castri
689 1808 729 1839 (18
751 1809 846 1846 Bute,
862 1819 918 1850 pro
935 1809 1027 1840 feodo
1043 1819 1100 1842 suo
1123 1809 1162 1840 (18

114 1857 257 1890 custodia
272 1857 424 1899 ejusdem,
440 1868 480 1889 ex
495 1858 600 1898 gracia
623 1857 745 1889 domini
761 1858 852 1899 regis,
868 1858 906 1890 de
923 1859 1046 1890 duobus
1070 1858 1162 1889 annis

112 1907 208 1947 hujus
238 1907 389 1948 computi,
411 1907 480 1948 ipso
504 1907 625 1938 fatente
655 1910 818 1948 receptum
841 1917 937 1948 super
967 1910 1162 1949 computum,

113 1956 193 1988 lxxx
221 1956 253 1988 11.
298 1957 341 1987 Et
371 1956 483 1994 eidem,
506 1966 563 1997 pro
586 1956 748 1998 quondam
771 1967 878 1988 ammo
908 1956 1036 1988 redditu
1067 1967 1163 1998 quem

113 2005 230 2037 clamat
252 2006 502 2037 idem‘Jacobus
525 2006 693 2037 annuatim
716 2005 779 2037 sibi
803 2006 912 2037 deberi
934 2006 973 2037 de
996 2006 1102 2037 insula
1125 2006 1164 2037 de

113 2055 206 2094 Bute‚
231 2055 265 2086 in
294 2055 423 2096 plenam
446 2054 640 2087 solucionem
665 2055 807 2096 ejusdem
830 2055 869 2086 (18
892 2055 986 2086 dictis
1009 2056 1164 2093 terminis,

115 2104 215 2145 xxxiij
246 2104 278 2136 n.
295 2105 326 2146 vj
351 2109 374 2136 s.
398 2105 454 2145 viij
479 2104 508 2136 d.
554 2105 597 2136 Et
620 2104 855 2136 constabulario
878 2104 957 2136 dicti
980 2105 1084 2142 castri,
1106 2115 1164 2146 pro

114 2153 205 2185 feodo
235 2163 291 2184 suo
321 2153 361 2185 de
390 2153 484 2185 dictis
518 2154 619 2191 annis,
653 2164 693 2185 ex
723 2153 834 2185 eadem
864 2154 976 2195 gracia,
1000 2165 1022 2186 x
1044 2154 1077 2187 li.
1121 2155 1165 2186 Et

111 2202 242 2243 janitori
271 2203 350 2236 dicti
380 2204 474 2235 castri
504 2214 561 2245 pro
591 2203 683 2235 feodo
712 2213 770 2235 suo
800 2203 839 2235 (18
868 2203 962 2234 dictis
992 2203 1094 2243 annis,
1124 2213 1165 2235 ex

161 2260 301 2285 VOL.V11.
1017 2260 1034 2284 s
