1551 2462
115 275 205 305 1466.
427 268 588 302 REGUM
612 267 856 300 SCOTORUM.
1101 272 1159 300 411

114 376 171 398 sex
192 364 308 396 solidos
331 366 363 395 et
379 366 449 394 octo
466 362 611 393 denarios
635 361 673 392 de
697 371 803 392 annuo
826 360 954 392 redditu
975 361 1098 392 fabrilis
1122 362 1161 393 de

114 415 260 452 Brechin,
276 413 315 445 de
331 413 425 444 dictis
440 411 595 448 terminis,
611 411 642 451 vj
667 414 689 441 ἔ.
709 411 763 451 viij
782 410 811 441 d.
857 411 899 441 Et
915 410 1098 441 Alexandro
1122 411 1161 442 de

116 465 261 500 Setoune,
273 461 462 503 percipienti
476 459 643 491 annuatim
655 460 864 500 quadraginta
881 459 997 490 solidos
1014 459 1052 491 de
1069 460 1162 491 terris

115 514 153 546 de
165 513 307 553 Kincrag
318 522 375 553 pro
392 520 498 542 annuo
508 510 637 540 redditu
654 509 716 540 sibi
726 509 841 547 debito,
854 510 892 540 de
909 509 1002 541 dictis
1016 511 1162 541 terminis

115 567 147 596 et
159 563 218 595 sub
230 562 340 593 eodem
349 559 500 601 periculo,
510 559 544 590 xl
554 563 576 590 s.
616 558 755 600 Et-dicto
766 559 862 600 priori
876 559 914 590 de
925 559 1093 600 Rostynot,
1106 570 1164 601 pro

116 611 262 644 secundis
300 609 432 641 decimis
469 608 586 640 debitis
624 607 662 638 de
700 617 826 639 summa
863 609 1060 640 oneracionis
1092 620 1165 650 pre-

117 661 201 692 dicta
222 662 328 702 preter
349 658 380 690 16
403 657 518 694 Halch,
541 658 596 698 xvj
624 657 655 688 fi.
680 657 714 688 ix
740 662 763 688 ἑ.
784 658 796 698 ]“
825 658 854 689 d.
900 659 942 689 Et
972 659 1084 696 eidem,
1107 670 1165 700 pro

118 710 264 742 secundis
279 708 411 740 decimis
434 707 495 738 sibi
518 707 634 738 debitis
657 706 695 737 de
719 706 748 738 le
773 707 880 738 Halch
903 708 941 738 de
965 708 1102 739 Brechin
1127 709 1166 740 de

117 760 227 791 eodem
250 768 342 795 anno,
363 757 418 798 xiij
437 761 461 788 ἒ.
485 756 531 797 iiij
549 756 578 788 d.
624 756 666 787 Et
689 756 801 793 eidem,
825 756 864 788 de
887 757 986 788 firmis
1009 761 1165 789 terrarum

117 810 156 841 de
186 807 421 844 Pettintoskell,
451 805 662 846 Petpullokis,
692 809 724 836 et
759 805 976 847 Tuhquhilye,
1010 808 1166 838 concessis

117 858 295 898 Margarete
311 856 471 896 Lindesay
494 855 654 887 comitisse
675 854 714 885 de
737 855 900 896 Douglace
924 866 1024 897 usque
1048 860 1167 887 etatem

117 907 199 948 regis
222 905 404 947 quindecim
428 914 593 941 annorum,
609 907 646 934 ut
669 908 758 945 patet
779 914 837 944 per
859 904 968 936 literas
992 916 1065 936 suas
1089 906 1167 937 alias

119 961 259 988 ostensas
282 965 376 996 super
400 957 595 994 computum,
618 953 657 984 de
680 954 826 985 terminis
849 955 1000 995 computi,
1016 956 1117 996 xxxiij
1135 955 1167 987 Ii.

119 1005 175 1046 viij
193 1010 215 1037 s.
232 1005 288 1045 viij
306 1004 336 1036 d.
381 1004 424 1034 Et
439 1003 551 1039 eidem,
567 1013 623 1043 per
639 1003 834 1034 solucionem
851 1004 969 1035 factam
992 1005 1169 1036 husbandis

120 1055 289 1086 comitatus
320 1054 358 1084 de
382 1053 472 1084 Marr
494 1062 550 1093 pro
574 1052 697 1083 duabus
722 1052 837 1084 eeldris
860 1057 997 1094 quatuor
1020 1055 1113 1086 bollis
1137 1059 1170 1086 et

120 1104 243 1136 duabus
260 1103 387 1134 furlotis
404 1112 578 1133 avenarum
595 1102 754 1132 dictarum
777 1104 967 1134 custumatis
991 1104 1107 1136 debitis
1131 1105 1170 1136 de

120 1155 205 1186 dicto
233 1153 396 1189 comitatu,
422 1151 565 1192 precium
589 1151 674 1182 bolle
701 1154 839 1192 quatuor
866 1152 987 1184 denarii
1011 1154 1168 1186 allocandi

121 1204 214 1235 dictis
230 1202 416 1239 husbandis,
432 1201 470 1232 de
486 1201 623 1231 termino
640 1200 750 1232 Sancti
766 1201 901 1242 Martini
917 1203 1013 1244 hujus
1030 1205 1172 1246 computi

120 1256 153 1284 et
179 1253 239 1284 sub
259 1251 401 1293 periculo
425 1250 649 1290 computantis,
672 1251 717 1290 xij
743 1255 767 1282 Ξ.
794 1251 816 1291 ij
841 1251 869 1282 d.
915 1252 958 1283 Et
981 1253 1093 1291 eidem,
1116 1264 1173 1295 per

121 1302 337 1334 decidenciam
354 1301 517 1331 firmarum
533 1299 666 1330 dominii
679 1299 718 1331 de
733 1300 900 1332 Strathdee
913 1302 990 1334 dicti
1003 1304 1173 1336 comitatus

121 1352 160 1383 de
186 1351 277 1382 Marr
307 1350 345 1381 de
376 1350 501 1380 duobus
530 1349 676 1380 terminis
706 1349 803 1390 hujus
836 1353 978 1392 computi
1008 1363 1048 1384 ex
1078 1364 1173 1386 causa

122 1401 266 1442 superius
289 1402 481 1440 expressata,
498 1398 589 1438 xxiiij
606 1398 637 1429 fi.
662 1399 719 1439 viij
740 1403 762 1431 Ξ.
787 1400 834 1440 iiij
859 1400 887 1432 d.
933 1402 976 1432 Et
999 1403 1110 1440 eidem,
1134 1404 1173 1435 de

122 1451 222 1482 firmis
245 1454 401 1481 terrarum
423 1448 462 1478 de
487 1447 678 1479 Strathdone
702 1448 780 1479 dicti
803 1450 983 1488 comitatus,
1000 1462 1040 1482 ex
1063 1453 1173 1485 eadem

124 1512 218 1533 causa
241 1504 272 1532 et
297 1500 416 1532 eisdem
439 1499 593 1536 terminis,
611 1499 700 1540 xxxij
717 1499 751 1532 Π.
774 1511 795 1531 v
811 1505 833 1532 ἔ.
857 1502 903 1542 iiij
921 1502 950 1533 d.
996 1503 1039 1534 Et
1061 1505 1175 1542 eidem,

124 1551 163 1582 de
173 1551 272 1582 firmis
287 1553 445 1581 terrarum
458 1548 496 1580 de
515 1549 681 1580 Croomarr
697 1560 753 1590 per
765 1549 980 1582 decidenciam
994 1554 1175 1591 earundem,

126 1601 164 1633 de
187 1600 281 1632 dictis
304 1599 449 1631 terminis
473 1602 505 1630 et
528 1598 639 1629 eadem
663 1609 758 1630 causa
788 1603 821 1630 et
844 1601 903 1631 sub
926 1602 1067 1642 periculo
1090 1614 1176 1634 com-

126 1650 278 1691 putantis,
294 1649 338 1690 xij
356 1648 387 1679 n.
413 1648 470 1688 xiij
487 1652 510 1679 s.
534 1648 579 1687 iiij
598 1647 628 1679 d.
673 1648 715 1679 Et
738 1653 875 1689 quatuor
897 1652 994 1682 maris
1017 1652 1056 1683 de
1079 1653 1177 1690 Marr,

126 1710 183 1741 pro
198 1699 297 1731 feodis
314 1698 379 1729 suis
396 1697 434 1728 de
449 1697 596 1728 terminis
612 1698 755 1738 computi
771 1701 803 1733 et
818 1699 878 1730 sub
894 1700 1005 1732 eodem
1026 1702 1177 1742 periculo,

127 1799 162 1830 in
177 1798 330 1830 comitatu
346 1797 385 1828 de
402 1796 560 1828 Garviach
582 1807 656 1828 cum
679 1797 796 1838 quibus
820 1803 1008 1839 computans
1032 1802 1178 1841 superius

129 1851 284 1885 oneratur,
300 1847 339 1878 de
354 1846 491 1878 termino
509 1846 618 1877 Sancti
634 1846 769 1877 Martini
791 1847 887 1887 hujus
903 1851 1053 1889 computi,
1070 1851 1136 1892 xxij
1154 1855 1178 1883 s.

130 1899 161 1939 vj
178 1898 217 1935 d„
232 1897 287 1929 sed
303 1907 389 1928 nunc
412 1897 496 1928 dicte
519 1899 602 1927 terre
618 1896 806 1928 assedantur
829 1897 869 1929 ad
893 1898 1021 1938 plenam
1045 1900 1178 1934 firmam.

131 1948 174 1979 Et
189 1948 300 1985 eidem,
315 1957 371 1988 per
387 1946 603 1977 decidcnciam
620 1945 783 1977 firmarum
802 1946 841 1977 de
864 1947 1078 1980 Knokinbard
1102 1950 1178 1982 dicti

132 1997 310 2033 comitatus,
325 1996 364 2027 de
380 1996 490 2027 eodem
506 1995 642 2027 termino
659 1997 691 2026 et
713 1995 773 2026 sub
789 1995 899 2027 eodem
922 1998 1072 2038 periculo,
1095 2001 1139 2040 vij
1157 2005 1179 2032 s.

133 2046 164 2087 vj
181 2046 211 2078 d.
254 2046 298 2076 Et
312 2055 368 2086 per
391 2044 585 2076 solucionem
610 2045 727 2075 factam
749 2045 915 2077 Fratribus
939 2047 1054 2080 Sancte
1077 2050 1181 2081 Trini-

133 2095 208 2126 tatis
224 2094 263 2126 de
277 2094 455 2130 Aberdene,
471 2093 721 2134 percipientibus
737 2095 904 2125 annuatim
928 2095 1036 2128 decem
1059 2108 1182 2130 marcas

135 2144 230 2175 annui
243 2144 386 2175 redditus
402 2147 484 2174 terre
495 2143 533 2174 de
546 2143 722 2174 Westoune
734 2143 768 2173 in
780 2144 953 2183 Croomarr,
969 2147 1007 2177 de
1018 2147 1110 2179 dictis
1121 2151 1183 2180 ter-

75 2192 83 2197 ‘
135 2193 231 2225 minis
246 2197 278 2224 et
293 2193 352 2225 sub
369 2193 479 2224 eodem
495 2192 646 2233 periculo,
663 2192 693 2232 vj
711 2192 742 2223 fi.
757 2193 810 2233 viij
826 2197 848 2225 Ξ,
862 2193 907 2234 iiij
924 2194 953 2226 d.
999 2195 1042 2227 Et
1054 2197 1183 2230 domino
