1551 2462
14 1149 49 1349 .,.;ῑἈ-.4·;“,.-Ὶ-,ρ’.)..γΑ
20 1111 41 1134 ς
17 1032 45 1090 :227
27 1005 42 1018 ,ς-

149 291 237 322 1467.
457 289 617 322 REGUM
641 288 887 321 SCOTORUM.
1130 293 1189 322 441

145 383 184 414 de
198 382 335 414 termino
352 382 461 414 Sancti
484 382 619 414 Martini
635 382 720 413 infra
735 382 795 413 hoc
818 385 1013 423 computum.
1061 383 1193 414 Summa

143 431 239 473 hujus
266 432 370 463 oneris
399 432 543 473 pecunie,
566 430 669 472 ij⁰lxvj
691 431 723 462 fi.
748 432 826 472 xviij
851 432 879 463 d.
927 432 1061 463 Summa
1088 433 1192 464 oneris

143 492 320 524 granorum,
365 506 371 512 .
417 506 422 512 .
469 506 475 512 .

188 531 280 569 Item,
293 531 378 562 idem
388 533 499 562 onerat
511 541 544 562 se
554 531 592 562 de
609 531 643 561 xl
659 530 690 563 fi.
703 541 760 572 per
772 541 949 572 gressumas
962 531 1120 562 dictarum
1129 535 1192 563 ter-

145 591 250 612 rarum
261 581 478 612 assedatarum
487 591 544 621 pro
555 581 698 621 quinque
708 581 799 611 annis
811 580 935 612 futuris.
954 581 1086 612 Summa
1095 581 1191 622 hujus

145 631 248 662 oneris
265 632 360 671 patet.
406 629 537 662 Summa
554 630 662 661 totalis
678 630 883 667 oneraoffinis,
899 629 979 671 iij⁰vj
998 630 1029 661 li.
1048 631 1126 672 xviij
1140 631 1168 662 d.

185 680 332 720 Expense
356 680 507 721 ejusdem.
553 680 594 710 In
617 680 737 720 primis,
760 680 894 711 allocate
911 681 1112 721 computanti
1135 692 1192 722 per

143 729 337 760 solucionem
374 729 492 761 factam
530 729 694 770 capellano
733 729 916 761 celebranti>
938 730 971 760 in
1011 733 1114 761 castro
1152 731 1191 761 (18

143 778 303 816 Strivelin,
325 779 515 820 percipienti
545 780 714 810 annuatim
744 779 854 810 decem
876 789 998 810 marcas
1022 780 1060 810 de
1084 790 1191 811 annuo

141 828 266 859 redditu
290 828 329 859 de
352 828 506 869 Cragorth
529 839 586 870 pro
609 829 701 860 feodo
724 839 790 866 suo,
807 829 845 860 de
869 829 1016 860 terminis
1039 830 1191 870 computi⁷

141 877 173 918 vj
187 877 217 908 li.
235 878 291 919 xiij
305 882 327 909 ἕ.
340 878 386 919 iiij
403 878 432 909 d.
481 879 524 909 Et
536 878 647 916 eidem,
657 889 713 919 per
724 878 918 910 solucionem
932 879 1049 910 factam
1062 879 1191 910 domino

143 927 181 958 de
208 927 370 965 Trariklis,
400 928 588 969 percipienti
612 928 779 959 annuatim
803 929 917 970 viginti
940 939 1061 960 marcas
1092 929 1192 960 annui

143 977 286 1014 redditus
302 978 431 1009 baronie
455 978 493 1009 de
510 978 642 1016 Skeoch,
658 978 697 1009 de
716 978 809 1010 dictis
827 978 979 1016 terminis,
995 979 1052 1019 xiij
1069 978 1100 1009 fi.
1117 979 1149 1019 vj
1168 983 1190 1010 s.

143 1027 198 1067 viij
216 1027 245 1058 d.
291 1027 333 1058 Et
352 1027 459 1058 abbati
482 1029 515 1057 et
538 1028 711 1058 conventui
734 1028 772 1059 de
797 1028 916 1065 Culros,
939 1028 1190 1068 percipientibus

140 1076 307 1107 annuatim
323 1076 533 1117 quadraginta
549 1079 611 1107 tres
624 1077 741 1108 solidos
754 1077 854 1108 annui
869 1077 1013 1108 redditus
1026 1077 1064 1108 (18
1077 1078 1191 1114 Powis,

141 1125 179 1156 de
196 1126 289 1157 dictis
301 1125 455 1163 terminis,
468 1126 536 1166 xliij
551 1130 574 1157 s.
612 1126 655 1157 Et
671 1127 782 1164 eidem,
796 1137 852 1167 per
864 1126 1059 1158 solucionem
1072 1127 1191 1158 factam

140 1175 324 1206 Alexandro
340 1175 471 1216 Lamby,
483 1175 672 1216 percipienti
689 1176 856 1207 annuatim
872 1176 981 1207 decem
997 1186 1118 1207 marcas
1134 1187 1191 1217 pro

140 1225 244 1256 media
261 1228 350 1265 parte
367 1228 522 1255 terrarum
539 1225 577 1256 (18
594 1225 794 1262 Inneralone,
807 1226 846 1256 (18
859 1226 978 1257 eisdem
991 1226 1145 1263 terminis,
1158 1226 1189 1266 vj

139 1273 171 1305 fi.
188 1275 245 1315 xiij
264 1279 288 1306 s.
301 1275 346 1315 iiij
365 1275 394 1305 d.
433 1275 476 1306 Et
491 1275 637 1315 serjando
654 1275 692 1306 de
709 1275 893 1312 Tulicultre,
905 1286 961 1316 pro
974 1275 1065 1306 feodo
1082 1286 1138 1306 suo
1152 1275 1191 1306 de

140 1334 223 1355 anno
245 1324 395 1365 computi,
411 1335 455 1354 xx
479 1328 501 1355 ἔ.
548 1325 589 1355 Et
613 1325 759 1365 serjanslo
784 1325 823 1356 de
847 1324 1113 1362 Strivelinschire,
1133 1336 1190 1366 pro

139 1373 230 1405 feodo
246 1384 312 1411 suo,
328 1384 371 1404 xx
387 1378 409 1405 s.
449 1374 491 1404 Et
506 1374 529 1405 J
530 1374 626 1405 aoobo
643 1374 795 1412 Wsssone,
809 1374 954 1405 ortulano
971 1374 1010 1405 de
1027 1374 1189 1412 Strivelin,

139 1433 196 1464 pro
212 1423 303 1454 feodo
320 1433 376 1455 suo
393 1423 431 1454 de
447 1433 531 1454 anno
547 1424 698 1464 computi,
711 1435 754 1454 xx
771 1428 793 1455 s.
839 1424 882 1454 Et
898 1423 1009 1461 eidem,
1022 1434 1078 1464 pro
1094 1424 1190 1455 falca-

140 1473 229 1504 cione
246 1476 277 1504 et
292 1472 471 1503 lucracione
486 1473 553 1503 feni
576 1473 660 1514 prati
676 1473 715 1504 de
731 1474 818 1515 Logy
835 1474 874 1504 (18
890 1484 973 1504 anno
990 1474 1140 1514 computi,
1158 1474 1192 1504 xl

141 1526 163 1553 ἔ.
208 1522 250 1553 Et
265 1533 322 1563 per
337 1522 554 1553 decidenciam
569 1523 733 1554 firmarum
749 1523 788 1554 de
804 1523 963 1554 oroiarum
987 1523 1025 1553 de
1049 1523 1129 1554 Erth
1152 1523 1191 1554 de

141 1581 223 1602 anno
254 1572 395 1612 computi
418 1575 451 1603 et
474 1572 533 1603 sub
559 1572 699 1612 periculo
724 1572 948 1613 computantis,
966 1573 1055 1613 xxxij
1082 1577 1104 1604 Ξ.
1150 1573 1191 1603 Et

142 1625 211 1653 octo
226 1621 385 1662 vigilibus,
401 1621 457 1651 uni
479 1621 618 1662 garitori,
634 1625 666 1653 et
682 1621 805 1653 duobus
825 1622 1018 1662 janitoribus
1042 1622 1137 1653 castri
1153 1622 1192 1653 de

145 1671 304 1707 Strivelin,
320 1671 464 1712 quolibet
479 1671 673 1712 percipiente
697 1672 730 1702 in
755 1682 837 1702 anno
861 1671 977 1712 viginti
993 1671 1119 1708 solidos,
1134 1682 1192 1712 pro

141 1720 240 1752 feodis
256 1721 321 1752 suis
339 1721 377 1751 de
393 1720 478 1752 dicto
496 1730 588 1757 anno,
604 1721 636 1761 xj
654 1720 684 1751 fi.
731 1721 773 1751 Et
790 1721 901 1758 eidem,
917 1731 974 1761 per
996 1720 1192 1752 solucionem

141 1769 258 1801 factam
280 1770 408 1801 Andree
432 1769 560 1801 domino
582 1769 759 1807 Avandale‚
783 1770 972 1801 cancellario
996 1770 1112 1807 Scocie,
1135 1781 1192 1811 pro

141 1819 282 1850 custodia
312 1819 391 1850 dicti
421 1819 515 1850 castri
546 1818 585 1850 de
617 1818 778 1857 Strivelin,
805 1819 995 1860 percipienti
1025 1820 1192 1850 annuatim

142 1868 323 1909 octuaginta
331 1868 428 1899 libras
444 1878 501 1908 pro
514 1868 657 1899 custodia
670 1868 821 1908 ejusdem,
831 1871 936 1909 preter
946 1868 1038 1899 feoda
1050 1868 1192 1908 vigilum,

141 1917 320 1957 garitorum,
333 1920 365 1948 et
372 1917 556 1958 janitorum,
567 1917 605 1948 de
617 1928 699 1948 anno
713 1918 862 1958 computi,
872 1917 951 1947 lxxx
964 1917 995 1947 li.
1027 1918 1069 1948 Et
1080 1918 1192 1954 eidem,

91 1963 95 1966 ⁴
142 1975 196 2006 pro
213 1966 360 2007 expensis
376 1966 664 1997 commissariorum
677 1966 798 1996 domini
814 1966 894 2007 regis
911 1966 1003 1997 factis
1017 1966 1051 1996 in
1067 1967 1192 1997 asseda-

142 2015 230 2046 cione
241 2019 398 2047 terrarum
408 2015 446 2046 de
460 2015 725 2052 Strivelinschire,
738 2018 774 2045 ut
784 2018 873 2055 patet
882 2025 938 2055 per
951 2015 1096 2046 cedulam
1108 2026 1191 2047 com-

142 2065 284 2106 putantis
300 2065 512 2106 subscriptam
528 2075 626 2095 manu
643 2068 865 2106 computorum
881 2064 1063 2095 rotulatoris
1087 2068 1192 2096 osten-

145 2163 256 2195 domus
272 2165 376 2195 avarie
392 2164 426 2194 in
448 2163 600 2195 Strivelin
617 2163 721 2194 soluta
736 2173 792 2203 per
807 2166 1044 2203 computantem
1069 2163 1107 2194 de
1131 2167 1192 2194 ter-

144 2214 230 2245 mino
245 2214 472 2245 Penthccostes
488 2213 610 2250 ultimo,
628 2224 671 2243 xx
688 2217 710 2244 S.
758 2213 816 2254 [To
843 2213 968 2250 Gutlm,
987 2213 1193 2254 C'omptroller,
