<?xml version="1.0" encoding="UTF-8"?>
<!DOCTYPE html PUBLIC "-//W3C//DTD XHTML 1.0 Transitional//EN"
    "http://www.w3.org/TR/xhtml1/DTD/xhtml1-transitional.dtd">
<html xmlns="http://www.w3.org/1999/xhtml" xml:lang="en" lang="en">
 <head>
  <title>
</title>
<meta http-equiv="Content-Type" content="text/html;charset=utf-8" />
  <meta name='ocr-system' content='tesseract 3.04.00' />
  <meta name='ocr-capabilities' content='ocr_page ocr_carea ocr_par ocr_line ocrx_word'/>
</head>
<body>
  <div class='ocr_page' id='page_1' title='image "./rotuliscaccariir07scot_0428.png"; bbox 0 0 1551 2462; ppageno 0'>
   <div class='ocr_carea' id='block_1_1' title="bbox 349 258 1407 316">
    <p class='ocr_par' dir='ltr' id='par_1_1' title="bbox 349 258 1407 316">
     <span class='ocr_line' id='line_1_1' title="bbox 349 258 1407 316; baseline -0.002 0"><span class='ocrx_word' id='word_1_1' title='bbox 349 287 412 316; x_wconf 90' lang='lat'>350</span> <span class='ocrx_word' id='word_1_2' title='bbox 663 283 829 315; x_wconf 81' lang='lat' dir='ltr'>ROTULI</span> <span class='ocrx_word' id='word_1_3' title='bbox 853 258 1091 315; x_wconf 68' lang='lat' dir='ltr'>SCACCAuu</span> <span class='ocrx_word' id='word_1_4' title='bbox 1315 285 1407 315; x_wconf 83' lang='lat'>1465.</span> 
     </span>
    </p>
   </div>
   <div class='ocr_carea' id='block_1_2' title="bbox 306 375 1403 418">
    <p class='ocr_par' dir='ltr' id='par_1_2' title="bbox 306 375 1403 418">
     <span class='ocr_line' id='line_1_2' title="bbox 306 375 1403 418; baseline -0.003 -9"><span class='ocrx_word' id='word_1_5' title='bbox 306 391 309 392; x_wconf 45' lang='lat'><em>⁷</em></span> <span class='ocrx_word' id='word_1_6' title='bbox 344 377 630 414; x_wconf 82' lang='lat' dir='ltr'>Dornochscbelez,</span> <span class='ocrx_word' id='word_1_7' title='bbox 640 387 703 418; x_wconf 87' lang='lat' dir='ltr'>que</span> <span class='ocrx_word' id='word_1_8' title='bbox 716 379 792 408; x_wconf 83' lang='lat' dir='ltr'>sunt</span> <span class='ocrx_word' id='word_1_9' title='bbox 808 377 979 408; x_wconf 73' lang='lat' dir='ltr'>comitatus</span> <span class='ocrx_word' id='word_1_10' title='bbox 996 376 1035 408; x_wconf 87' lang='lat' dir='ltr'>de</span> <span class='ocrx_word' id='word_1_11' title='bbox 1052 375 1245 413; x_wconf 81' lang='lat' dir='ltr'>Garviauch,</span> <span class='ocrx_word' id='word_1_12' title='bbox 1255 375 1295 407; x_wconf 87' lang='lat' dir='ltr'>de</span> <span class='ocrx_word' id='word_1_13' title='bbox 1307 375 1403 407; x_wconf 87' lang='lat' dir='ltr'>dictis</span> 
     </span>
    </p>
   </div>
   <div class='ocr_carea' id='block_1_3' title="bbox 140 1927 323 2003">
    <p class='ocr_par' dir='ltr' id='par_1_3' title="bbox 140 1927 323 2003">
     <span class='ocr_line' id='line_1_3' title="bbox 140 1927 323 1960; baseline -0.016 0"><span class='ocrx_word' id='word_1_14' title='bbox 140 1927 323 1960; x_wconf 72' lang='lat' dir='ltr'>Comitatus</span> 
     </span>
     <span class='ocr_line' id='line_1_4' title="bbox 141 1971 295 2003; baseline -0.006 0"><span class='ocrx_word' id='word_1_15' title='bbox 141 1971 295 2003; x_wconf 84' lang='lat' dir='ltr'>Moravie.</span> 
     </span>
    </p>
   </div>
   <div class='ocr_carea' id='block_1_4' title="bbox 344 425 1413 2253">
    <p class='ocr_par' dir='ltr' id='par_1_4' title="bbox 344 425 1410 1908">
     <span class='ocr_line' id='line_1_5' title="bbox 344 425 1403 467; baseline -0.002 -9"><span class='ocrx_word' id='word_1_16' title='bbox 344 427 447 458; x_wconf 83' lang='lat' dir='ltr'>tribus</span> <span class='ocrx_word' id='word_1_17' title='bbox 463 427 616 458; x_wconf 84' lang='lat' dir='ltr'>terminis.</span> <span class='ocrx_word' id='word_1_18' title='bbox 663 427 706 457; x_wconf 93' lang='lat' dir='ltr'>Et</span> <span class='ocrx_word' id='word_1_19' title='bbox 722 427 760 458; x_wconf 90' lang='lat' dir='ltr'>de</span> <span class='ocrx_word' id='word_1_20' title='bbox 776 427 807 467; x_wconf 83' lang='lat' dir='ltr'>vj</span> <span class='ocrx_word' id='word_1_21' title='bbox 825 426 856 458; x_wconf 76' lang='grc'>11.</span> <span class='ocrx_word' id='word_1_22' title='bbox 875 426 914 457; x_wconf 89' lang='grc'>(16</span> <span class='ocrx_word' id='word_1_23' title='bbox 937 426 1038 457; x_wconf 85' lang='lat' dir='ltr'>firmis</span> <span class='ocrx_word' id='word_1_24' title='bbox 1054 426 1233 457; x_wconf 81' lang='lat' dir='ltr'>molendini</span> <span class='ocrx_word' id='word_1_25' title='bbox 1257 425 1403 466; x_wconf 86' lang='lat' dir='ltr'>ejusdem</span> 
     </span>
     <span class='ocr_line' id='line_1_6' title="bbox 344 525 1406 558; baseline -0.002 0"><span class='ocrx_word' id='word_1_26' title='bbox 344 527 385 558; x_wconf 86' lang='lat' dir='ltr'>de</span> <span class='ocrx_word' id='word_1_27' title='bbox 400 527 494 558; x_wconf 86' lang='lat' dir='ltr'>dictis</span> <span class='ocrx_word' id='word_1_28' title='bbox 510 527 664 558; x_wconf 83' lang='lat' dir='ltr'>terminis.</span> <span class='ocrx_word' id='word_1_29' title='bbox 711 527 754 557; x_wconf 89' lang='lat' dir='ltr'>Et</span> <span class='ocrx_word' id='word_1_30' title='bbox 770 526 808 557; x_wconf 90' lang='lat' dir='ltr'>de</span> <span class='ocrx_word' id='word_1_31' title='bbox 826 537 847 557; x_wconf 84' lang='lat' dir='ltr'>X</span> <span class='ocrx_word' id='word_1_32' title='bbox 862 526 894 557; x_wconf 71' lang='grc'>11.</span> <span class='ocrx_word' id='word_1_33' title='bbox 913 526 953 558; x_wconf 86' lang='lat' dir='ltr'>do</span> <span class='ocrx_word' id='word_1_34' title='bbox 975 526 1076 557; x_wconf 84' lang='lat' dir='ltr'>firmis</span> <span class='ocrx_word' id='word_1_35' title='bbox 1092 529 1176 557; x_wconf 83' lang='lat' dir='ltr'>terre</span> <span class='ocrx_word' id='word_1_36' title='bbox 1189 525 1228 557; x_wconf 90' lang='grc'>(16</span> <span class='ocrx_word' id='word_1_37' title='bbox 1252 525 1406 556; x_wconf 84' lang='lat' dir='ltr'>Werthill</span> 
     </span>
     <span class='ocr_line' id='line_1_7' title="bbox 344 575 1406 608; baseline -0.001 0"><span class='ocrx_word' id='word_1_38' title='bbox 344 577 384 608; x_wconf 90' lang='lat' dir='ltr'>de</span> <span class='ocrx_word' id='word_1_39' title='bbox 400 576 494 608; x_wconf 86' lang='lat' dir='ltr'>dictis</span> <span class='ocrx_word' id='word_1_40' title='bbox 510 577 665 608; x_wconf 86' lang='lat' dir='ltr'>comitatu</span> <span class='ocrx_word' id='word_1_41' title='bbox 681 579 713 608; x_wconf 86' lang='lat' dir='ltr'>et</span> <span class='ocrx_word' id='word_1_42' title='bbox 729 576 883 608; x_wconf 73' lang='lat' dir='ltr'>terminis.</span> <span class='ocrx_word' id='word_1_43' title='bbox 931 576 974 607; x_wconf 89' lang='lat' dir='ltr'>Et</span> <span class='ocrx_word' id='word_1_44' title='bbox 984 576 1023 608; x_wconf 91' lang='lat' dir='ltr'>de</span> <span class='ocrx_word' id='word_1_45' title='bbox 1039 586 1084 607; x_wconf 87' lang='lat' dir='ltr'>xv</span> <span class='ocrx_word' id='word_1_46' title='bbox 1098 576 1130 606; x_wconf 73' lang='lat' dir='ltr'>fi.</span> <span class='ocrx_word' id='word_1_47' title='bbox 1145 576 1185 607; x_wconf 91' lang='lat' dir='ltr'>de</span> <span class='ocrx_word' id='word_1_48' title='bbox 1198 575 1406 607; x_wconf 84' lang='lat' dir='ltr'>Ruthmuriel</span> 
     </span>
     <span class='ocr_line' id='line_1_8' title="bbox 344 625 1407 667; baseline -0.001 -10"><span class='ocrx_word' id='word_1_49' title='bbox 344 626 384 658; x_wconf 87' lang='lat' dir='ltr'>de</span> <span class='ocrx_word' id='word_1_50' title='bbox 398 626 517 657; x_wconf 80' lang='lat' dir='ltr'>eisdem</span> <span class='ocrx_word' id='word_1_51' title='bbox 530 626 685 657; x_wconf 89' lang='lat' dir='ltr'>comitatu</span> <span class='ocrx_word' id='word_1_52' title='bbox 697 629 729 657; x_wconf 79' lang='lat' dir='ltr'>et</span> <span class='ocrx_word' id='word_1_53' title='bbox 744 626 900 657; x_wconf 72' lang='lat' dir='ltr'>terminis.</span> <span class='ocrx_word' id='word_1_54' title='bbox 931 625 974 656; x_wconf 85' lang='lat' dir='ltr'>Et</span> <span class='ocrx_word' id='word_1_55' title='bbox 986 626 1025 657; x_wconf 85' lang='lat' dir='ltr'>de</span> <span class='ocrx_word' id='word_1_56' title='bbox 1038 626 1094 667; x_wconf 84' lang='lat' dir='ltr'>xiij</span> <span class='ocrx_word' id='word_1_57' title='bbox 1108 625 1140 656; x_wconf 80' lang='grc'>11.</span> <span class='ocrx_word' id='word_1_58' title='bbox 1152 625 1210 666; x_wconf 81' lang='lat' dir='ltr'>xiij</span> <span class='ocrx_word' id='word_1_59' title='bbox 1223 630 1245 657; x_wconf 66' lang='grc' dir='ltr'>ἔ.</span> <span class='ocrx_word' id='word_1_60' title='bbox 1257 625 1296 656; x_wconf 85' lang='grc'>(16</span> <span class='ocrx_word' id='word_1_61' title='bbox 1307 625 1407 656; x_wconf 85' lang='lat' dir='ltr'>firmis</span> 
     </span>
     <span class='ocr_line' id='line_1_9' title="bbox 344 674 1406 716; baseline -0.001 -9"><span class='ocrx_word' id='word_1_62' title='bbox 344 679 428 707; x_wconf 84' lang='lat' dir='ltr'>terre</span> <span class='ocrx_word' id='word_1_63' title='bbox 450 676 489 707; x_wconf 91' lang='lat' dir='ltr'>de</span> <span class='ocrx_word' id='word_1_64' title='bbox 505 676 638 707; x_wconf 85' lang='lat' dir='ltr'>Ardune</span> <span class='ocrx_word' id='word_1_65' title='bbox 662 679 694 707; x_wconf 90' lang='lat' dir='ltr'>et</span> <span class='ocrx_word' id='word_1_66' title='bbox 717 676 968 707; x_wconf 86' lang='lat' dir='ltr'>Buchanstoune</span> <span class='ocrx_word' id='word_1_67' title='bbox 991 679 1024 706; x_wconf 89' lang='lat' dir='ltr'>et</span> <span class='ocrx_word' id='word_1_68' title='bbox 1046 675 1231 707; x_wconf 88' lang='lat' dir='ltr'>molendino</span> <span class='ocrx_word' id='word_1_69' title='bbox 1255 674 1406 716; x_wconf 87' lang='lat' dir='ltr'>ejusdem.</span> 
     </span>
     <span class='ocr_line' id='line_1_10' title="bbox 345 724 1408 757; baseline -0.001 -1"><span class='ocrx_word' id='word_1_70' title='bbox 345 726 388 756; x_wconf 91' lang='lat' dir='ltr'>Et</span> <span class='ocrx_word' id='word_1_71' title='bbox 399 725 438 757; x_wconf 87' lang='lat' dir='ltr'>de</span> <span class='ocrx_word' id='word_1_72' title='bbox 454 736 498 756; x_wconf 81' lang='lat' dir='ltr'>xx</span> <span class='ocrx_word' id='word_1_73' title='bbox 514 725 545 756; x_wconf 76' lang='grc'>11.</span> <span class='ocrx_word' id='word_1_74' title='bbox 564 725 603 756; x_wconf 87' lang='grc'>(16</span> <span class='ocrx_word' id='word_1_75' title='bbox 622 725 718 756; x_wconf 87' lang='lat' dir='ltr'>firmis</span> <span class='ocrx_word' id='word_1_76' title='bbox 735 725 831 756; x_wconf 83' lang='lat' dir='ltr'>unius</span> <span class='ocrx_word' id='word_1_77' title='bbox 842 725 957 756; x_wconf 82' lang='lat' dir='ltr'>davate</span> <span class='ocrx_word' id='word_1_78' title='bbox 973 728 1056 756; x_wconf 84' lang='lat' dir='ltr'>terre</span> <span class='ocrx_word' id='word_1_79' title='bbox 1067 735 1143 756; x_wconf 89' lang='lat' dir='ltr'>cum</span> <span class='ocrx_word' id='word_1_80' title='bbox 1152 735 1260 756; x_wconf 88' lang='lat' dir='ltr'>annuo</span> <span class='ocrx_word' id='word_1_81' title='bbox 1277 724 1408 756; x_wconf 87' lang='lat' dir='ltr'>redditu</span> 
     </span>
     <span class='ocr_line' id='line_1_11' title="bbox 345 773 1404 814; baseline -0.002 -8"><span class='ocrx_word' id='word_1_82' title='bbox 345 775 385 807; x_wconf 88' lang='lat' dir='ltr'>de</span> <span class='ocrx_word' id='word_1_83' title='bbox 409 775 602 806; x_wconf 82' lang='lat' dir='ltr'>Inverouree</span> <span class='ocrx_word' id='word_1_84' title='bbox 619 774 713 805; x_wconf 86' lang='lat' dir='ltr'>dictis</span> <span class='ocrx_word' id='word_1_85' title='bbox 729 775 883 806; x_wconf 87' lang='lat' dir='ltr'>comitatu</span> <span class='ocrx_word' id='word_1_86' title='bbox 902 778 935 806; x_wconf 90' lang='lat' dir='ltr'>et</span> <span class='ocrx_word' id='word_1_87' title='bbox 957 774 1112 806; x_wconf 84' lang='lat' dir='ltr'>terminis.</span> <span class='ocrx_word' id='word_1_88' title='bbox 1159 775 1202 805; x_wconf 89' lang='lat' dir='ltr'>Et</span> <span class='ocrx_word' id='word_1_89' title='bbox 1215 774 1254 805; x_wconf 91' lang='lat' dir='ltr'>de</span> <span class='ocrx_word' id='word_1_90' title='bbox 1278 774 1346 814; x_wconf 81' lang='lat' dir='ltr'>xxij</span> <span class='ocrx_word' id='word_1_91' title='bbox 1371 773 1404 804; x_wconf 73' lang='lat' dir='ltr'>fi.</span> 
     </span>
     <span class='ocr_line' id='line_1_12' title="bbox 346 823 1408 865; baseline -0.001 -10"><span class='ocrx_word' id='word_1_92' title='bbox 346 825 385 856; x_wconf 90' lang='lat' dir='ltr'>de</span> <span class='ocrx_word' id='word_1_93' title='bbox 398 824 498 855; x_wconf 87' lang='lat' dir='ltr'>firmis</span> <span class='ocrx_word' id='word_1_94' title='bbox 508 827 666 855; x_wconf 81' lang='lat' dir='ltr'>terrarum</span> <span class='ocrx_word' id='word_1_95' title='bbox 675 824 714 855; x_wconf 91' lang='lat' dir='ltr'>de</span> <span class='ocrx_word' id='word_1_96' title='bbox 727 824 971 865; x_wconf 81' lang='lat' dir='ltr'>Knokynbarde</span> <span class='ocrx_word' id='word_1_97' title='bbox 983 834 1057 855; x_wconf 89' lang='lat' dir='ltr'>cum</span> <span class='ocrx_word' id='word_1_98' title='bbox 1067 823 1251 854; x_wconf 85' lang='lat' dir='ltr'>molendino</span> <span class='ocrx_word' id='word_1_99' title='bbox 1264 823 1408 864; x_wconf 87' lang='lat' dir='ltr'>ejusdem</span> 
     </span>
     <span class='ocr_line' id='line_1_13' title="bbox 347 872 1408 905; baseline -0.002 0"><span class='ocrx_word' id='word_1_100' title='bbox 347 874 386 905; x_wconf 85' lang='lat' dir='ltr'>de</span> <span class='ocrx_word' id='word_1_101' title='bbox 402 874 496 905; x_wconf 86' lang='lat' dir='ltr'>dictis</span> <span class='ocrx_word' id='word_1_102' title='bbox 519 873 672 904; x_wconf 87' lang='lat' dir='ltr'>terminis.</span> <span class='ocrx_word' id='word_1_103' title='bbox 719 873 762 903; x_wconf 87' lang='lat' dir='ltr'>Et</span> <span class='ocrx_word' id='word_1_104' title='bbox 784 873 824 904; x_wconf 86' lang='lat' dir='ltr'>de</span> <span class='ocrx_word' id='word_1_105' title='bbox 847 883 915 905; x_wconf 82' lang='lat' dir='ltr'>xxx</span> <span class='ocrx_word' id='word_1_106' title='bbox 937 872 969 904; x_wconf 65' lang='lat'>11²„</span> <span class='ocrx_word' id='word_1_107' title='bbox 994 873 1034 904; x_wconf 92' lang='grc'>(16</span> <span class='ocrx_word' id='word_1_108' title='bbox 1056 873 1157 904; x_wconf 73' lang='lat' dir='ltr'>firmis</span> <span class='ocrx_word' id='word_1_109' title='bbox 1180 875 1339 904; x_wconf 80' lang='lat' dir='ltr'>terrarum</span> <span class='ocrx_word' id='word_1_110' title='bbox 1368 872 1408 904; x_wconf 91' lang='lat' dir='ltr'>de</span> 
     </span>
     <span class='ocr_line' id='line_1_14' title="bbox 351 922 1407 964; baseline -0.001 -10"><span class='ocrx_word' id='word_1_111' title='bbox 351 923 529 964; x_wconf 86' lang='lat' dir='ltr'>Dundyure</span> <span class='ocrx_word' id='word_1_112' title='bbox 559 933 633 956; x_wconf 88' lang='lat' dir='ltr'>cum</span> <span class='ocrx_word' id='word_1_113' title='bbox 660 922 845 956; x_wconf 81' lang='lat' dir='ltr'>molendino</span> <span class='ocrx_word' id='word_1_114' title='bbox 873 922 1018 963; x_wconf 76' lang='lat' dir='ltr'>ejusdem</span> <span class='ocrx_word' id='word_1_115' title='bbox 1043 922 1082 953; x_wconf 92' lang='lat' dir='ltr'>de</span> <span class='ocrx_word' id='word_1_116' title='bbox 1105 922 1226 954; x_wconf 79' lang='lat' dir='ltr'>eisdem</span> <span class='ocrx_word' id='word_1_117' title='bbox 1252 922 1407 953; x_wconf 86' lang='lat' dir='ltr'>terminis.</span> 
     </span>
     <span class='ocr_line' id='line_1_15' title="bbox 347 972 1408 1014; baseline 0 -10"><span class='ocrx_word' id='word_1_118' title='bbox 347 974 390 1004; x_wconf 89' lang='lat' dir='ltr'>Et</span> <span class='ocrx_word' id='word_1_119' title='bbox 403 973 441 1004; x_wconf 89' lang='grc'>(16</span> <span class='ocrx_word' id='word_1_120' title='bbox 458 984 479 1003; x_wconf 83' lang='lat' dir='ltr'>x</span> <span class='ocrx_word' id='word_1_121' title='bbox 494 973 527 1004; x_wconf 76' lang='lat' dir='ltr'>n&#39;.</span> <span class='ocrx_word' id='word_1_122' title='bbox 545 973 583 1004; x_wconf 91' lang='lat' dir='ltr'>de</span> <span class='ocrx_word' id='word_1_123' title='bbox 603 973 703 1004; x_wconf 84' lang='lat' dir='ltr'>firmis</span> <span class='ocrx_word' id='word_1_124' title='bbox 719 975 802 1004; x_wconf 81' lang='lat' dir='ltr'>terre</span> <span class='ocrx_word' id='word_1_125' title='bbox 819 972 858 1006; x_wconf 89' lang='lat' dir='ltr'>de</span> <span class='ocrx_word' id='word_1_126' title='bbox 882 972 1058 1014; x_wconf 78' lang='lat' dir='ltr'>Tulyfoure</span> <span class='ocrx_word' id='word_1_127' title='bbox 1074 972 1114 1003; x_wconf 89' lang='lat' dir='ltr'>de</span> <span class='ocrx_word' id='word_1_128' title='bbox 1136 972 1230 1003; x_wconf 76' lang='lat' dir='ltr'>dictis</span> <span class='ocrx_word' id='word_1_129' title='bbox 1254 972 1408 1004; x_wconf 86' lang='lat' dir='ltr'>terminis.</span> 
     </span>
     <span class='ocr_line' id='line_1_16' title="bbox 347 1021 1408 1054; baseline -0.002 0"><span class='ocrx_word' id='word_1_130' title='bbox 347 1024 391 1054; x_wconf 84' lang='lat' dir='ltr'>Et</span> <span class='ocrx_word' id='word_1_131' title='bbox 403 1023 441 1054; x_wconf 89' lang='grc'>(16</span> <span class='ocrx_word' id='word_1_132' title='bbox 458 1023 521 1054; x_wconf 73' lang='grc' dir='ltr'>νΗ.</span> <span class='ocrx_word' id='word_1_133' title='bbox 546 1022 585 1054; x_wconf 86' lang='grc'>(16</span> <span class='ocrx_word' id='word_1_134' title='bbox 602 1023 701 1053; x_wconf 78' lang='lat' dir='ltr'>firmis</span> <span class='ocrx_word' id='word_1_135' title='bbox 724 1026 808 1053; x_wconf 86' lang='lat' dir='ltr'>terre</span> <span class='ocrx_word' id='word_1_136' title='bbox 824 1022 864 1053; x_wconf 89' lang='grc'>(16</span> <span class='ocrx_word' id='word_1_137' title='bbox 888 1022 1142 1053; x_wconf 79' lang='lat' dir='ltr'>Duncanstoune</span> <span class='ocrx_word' id='word_1_138' title='bbox 1165 1021 1205 1053; x_wconf 90' lang='lat' dir='ltr'>de</span> <span class='ocrx_word' id='word_1_139' title='bbox 1228 1021 1322 1053; x_wconf 81' lang='lat' dir='ltr'>dictis</span> <span class='ocrx_word' id='word_1_140' title='bbox 1345 1025 1408 1053; x_wconf 83' lang='lat' dir='ltr'>ter-</span> 
     </span>
     <span class='ocr_line' id='line_1_17' title="bbox 348 1071 1408 1105; baseline -0.001 -2"><span class='ocrx_word' id='word_1_141' title='bbox 348 1073 452 1104; x_wconf 90' lang='lat' dir='ltr'>minis.</span> <span class='ocrx_word' id='word_1_142' title='bbox 497 1073 541 1103; x_wconf 86' lang='lat' dir='ltr'>Et</span> <span class='ocrx_word' id='word_1_143' title='bbox 564 1072 603 1104; x_wconf 88' lang='grc'>(16</span> <span class='ocrx_word' id='word_1_144' title='bbox 630 1073 686 1105; x_wconf 79' lang='lat' dir='ltr'>xix</span> <span class='ocrx_word' id='word_1_145' title='bbox 713 1072 744 1103; x_wconf 65' lang='lat' dir='ltr'>ti.</span> <span class='ocrx_word' id='word_1_146' title='bbox 773 1072 813 1103; x_wconf 88' lang='lat' dir='ltr'>de</span> <span class='ocrx_word' id='word_1_147' title='bbox 837 1072 938 1103; x_wconf 84' lang='lat' dir='ltr'>firmis</span> <span class='ocrx_word' id='word_1_148' title='bbox 967 1075 1052 1103; x_wconf 84' lang='lat' dir='ltr'>terre</span> <span class='ocrx_word' id='word_1_149' title='bbox 1082 1071 1122 1102; x_wconf 88' lang='lat' dir='ltr'>de</span> <span class='ocrx_word' id='word_1_150' title='bbox 1149 1071 1408 1103; x_wconf 85' lang='lat' dir='ltr'>Glanderst-oune</span> 
     </span>
     <span class='ocr_line' id='line_1_18' title="bbox 349 1121 1407 1163; baseline -0.002 -9"><span class='ocrx_word' id='word_1_151' title='bbox 349 1133 489 1154; x_wconf 87' lang='lat' dir='ltr'>unacum</span> <span class='ocrx_word' id='word_1_152' title='bbox 505 1122 690 1154; x_wconf 87' lang='lat' dir='ltr'>molendino</span> <span class='ocrx_word' id='word_1_153' title='bbox 700 1122 844 1163; x_wconf 84' lang='lat' dir='ltr'>ejusdem</span> <span class='ocrx_word' id='word_1_154' title='bbox 861 1122 899 1154; x_wconf 86' lang='lat' dir='ltr'>de</span> <span class='ocrx_word' id='word_1_155' title='bbox 912 1122 1006 1153; x_wconf 84' lang='lat' dir='ltr'>dictis</span> <span class='ocrx_word' id='word_1_156' title='bbox 1018 1121 1174 1153; x_wconf 83' lang='lat' dir='ltr'>terminis.</span> <span class='ocrx_word' id='word_1_157' title='bbox 1220 1121 1263 1152; x_wconf 88' lang='lat' dir='ltr'>Et</span> <span class='ocrx_word' id='word_1_158' title='bbox 1275 1121 1314 1152; x_wconf 88' lang='lat' dir='ltr'>de</span> <span class='ocrx_word' id='word_1_159' title='bbox 1331 1122 1363 1163; x_wconf 89' lang='lat' dir='ltr'>vj</span> <span class='ocrx_word' id='word_1_160' title='bbox 1374 1121 1407 1153; x_wconf 70' lang='lat'>11&#39;.</span> 
     </span>
     <span class='ocr_line' id='line_1_19' title="bbox 349 1171 1408 1214; baseline -0.001 -10"><span class='ocrx_word' id='word_1_161' title='bbox 349 1173 448 1205; x_wconf 88' lang='lat' dir='ltr'>annui</span> <span class='ocrx_word' id='word_1_162' title='bbox 472 1173 616 1204; x_wconf 85' lang='lat' dir='ltr'>redditus</span> <span class='ocrx_word' id='word_1_163' title='bbox 639 1173 757 1214; x_wconf 81' lang='lat' dir='ltr'>fogagii</span> <span class='ocrx_word' id='word_1_164' title='bbox 773 1172 812 1203; x_wconf 90' lang='lat' dir='ltr'>de</span> <span class='ocrx_word' id='word_1_165' title='bbox 828 1172 858 1203; x_wconf 91' lang='grc'>16</span> <span class='ocrx_word' id='word_1_166' title='bbox 876 1172 949 1204; x_wconf 93' lang='lat' dir='ltr'>Une</span> <span class='ocrx_word' id='word_1_167' title='bbox 965 1175 998 1205; x_wconf 84' lang='lat' dir='ltr'>et</span> <span class='ocrx_word' id='word_1_168' title='bbox 1013 1172 1044 1203; x_wconf 89' lang='grc'>16</span> <span class='ocrx_word' id='word_1_169' title='bbox 1067 1171 1229 1203; x_wconf 85' lang='lat' dir='ltr'>Westhall</span> <span class='ocrx_word' id='word_1_170' title='bbox 1252 1171 1291 1203; x_wconf 93' lang='lat' dir='ltr'>de</span> <span class='ocrx_word' id='word_1_171' title='bbox 1314 1172 1408 1203; x_wconf 84' lang='lat' dir='ltr'>dictis</span> 
     </span>
     <span class='ocr_line' id='line_1_20' title="bbox 348 1220 1408 1262; baseline -0.003 -8"><span class='ocrx_word' id='word_1_172' title='bbox 348 1223 502 1255; x_wconf 86' lang='lat' dir='ltr'>terminis.</span> <span class='ocrx_word' id='word_1_173' title='bbox 549 1223 591 1253; x_wconf 90' lang='lat' dir='ltr'>Et</span> <span class='ocrx_word' id='word_1_174' title='bbox 607 1222 646 1253; x_wconf 88' lang='lat' dir='ltr'>de</span> <span class='ocrx_word' id='word_1_175' title='bbox 663 1233 684 1253; x_wconf 92' lang='lat' dir='ltr'>v</span> <span class='ocrx_word' id='word_1_176' title='bbox 699 1226 721 1253; x_wconf 71' lang='grc' dir='ltr'>ἔ.</span> <span class='ocrx_word' id='word_1_177' title='bbox 740 1221 840 1253; x_wconf 84' lang='lat' dir='ltr'>annui</span> <span class='ocrx_word' id='word_1_178' title='bbox 856 1221 1000 1253; x_wconf 85' lang='lat' dir='ltr'>redditus</span> <span class='ocrx_word' id='word_1_179' title='bbox 1017 1220 1056 1252; x_wconf 92' lang='lat' dir='ltr'>de</span> <span class='ocrx_word' id='word_1_180' title='bbox 1073 1220 1241 1262; x_wconf 79' lang='lat' dir='ltr'>Cragcolly</span> <span class='ocrx_word' id='word_1_181' title='bbox 1257 1221 1296 1252; x_wconf 90' lang='lat' dir='ltr'>de</span> <span class='ocrx_word' id='word_1_182' title='bbox 1313 1221 1408 1252; x_wconf 87' lang='lat' dir='ltr'>dictis</span> 
     </span>
     <span class='ocr_line' id='line_1_21' title="bbox 349 1266 1408 1313; baseline 0 -10"><span class='ocrx_word' id='word_1_183' title='bbox 349 1272 496 1304; x_wconf 83' lang='lat' dir='ltr'>terminis</span> <span class='ocrx_word' id='word_1_184' title='bbox 519 1282 582 1313; x_wconf 89' lang='lat' dir='ltr'>que</span> <span class='ocrx_word' id='word_1_185' title='bbox 605 1275 682 1303; x_wconf 87' lang='lat' dir='ltr'>sunt</span> <span class='ocrx_word' id='word_1_186' title='bbox 697 1272 776 1303; x_wconf 81' lang='lat' dir='ltr'>dicti</span> <span class='ocrx_word' id='word_1_187' title='bbox 792 1266 971 1303; x_wconf 81' lang='lat' dir='ltr'>comitatus.</span> <span class='ocrx_word' id='word_1_188' title='bbox 1017 1271 1060 1302; x_wconf 84' lang='lat' dir='ltr'>Et</span> <span class='ocrx_word' id='word_1_189' title='bbox 1082 1271 1122 1302; x_wconf 87' lang='lat' dir='ltr'>de</span> <span class='ocrx_word' id='word_1_190' title='bbox 1144 1271 1167 1312; x_wconf 76' lang='lat' dir='ltr'>ij</span> <span class='ocrx_word' id='word_1_191' title='bbox 1184 1270 1213 1302; x_wconf 78' lang='lat' dir='ltr'>d.</span> <span class='ocrx_word' id='word_1_192' title='bbox 1230 1271 1301 1302; x_wconf 84' lang='lat' dir='ltr'>albe</span> <span class='ocrx_word' id='word_1_193' title='bbox 1317 1271 1408 1303; x_wconf 84' lang='lat' dir='ltr'>firme</span> 
     </span>
     <span class='ocr_line' id='line_1_22' title="bbox 349 1321 1409 1354; baseline -0.002 0"><span class='ocrx_word' id='word_1_194' title='bbox 349 1326 432 1354; x_wconf 84' lang='lat' dir='ltr'>terre</span> <span class='ocrx_word' id='word_1_195' title='bbox 449 1323 487 1354; x_wconf 90' lang='lat' dir='ltr'>de</span> <span class='ocrx_word' id='word_1_196' title='bbox 503 1323 748 1353; x_wconf 82' lang='lat' dir='ltr'>Portarestoune</span> <span class='ocrx_word' id='word_1_197' title='bbox 772 1322 811 1353; x_wconf 89' lang='lat' dir='ltr'>de</span> <span class='ocrx_word' id='word_1_198' title='bbox 820 1321 966 1353; x_wconf 83' lang='lat' dir='ltr'>terminis</span> <span class='ocrx_word' id='word_1_199' title='bbox 990 1321 1218 1353; x_wconf 85' lang='lat' dir='ltr'>Penthecostes</span> <span class='ocrx_word' id='word_1_200' title='bbox 1241 1322 1326 1353; x_wconf 87' lang='lat' dir='ltr'>infra</span> <span class='ocrx_word' id='word_1_201' title='bbox 1348 1321 1409 1353; x_wconf 91' lang='lat' dir='ltr'>hoc</span> 
     </span>
     <span class='ocr_line' id='line_1_23' title="bbox 351 1370 1407 1413; baseline -0.001 -10"><span class='ocrx_word' id='word_1_202' title='bbox 351 1377 547 1413; x_wconf 86' lang='lat' dir='ltr'>computum,</span> <span class='ocrx_word' id='word_1_203' title='bbox 578 1372 654 1412; x_wconf 90' lang='lat' dir='ltr'>quia</span> <span class='ocrx_word' id='word_1_204' title='bbox 695 1374 773 1402; x_wconf 86' lang='lat' dir='ltr'>tuno</span> <span class='ocrx_word' id='word_1_205' title='bbox 814 1371 960 1402; x_wconf 81' lang='lat' dir='ltr'>redditur</span> <span class='ocrx_word' id='word_1_206' title='bbox 989 1374 1125 1402; x_wconf 87' lang='lat' dir='ltr'>tantum.</span> <span class='ocrx_word' id='word_1_207' title='bbox 1171 1370 1214 1402; x_wconf 89' lang='lat' dir='ltr'>Et</span> <span class='ocrx_word' id='word_1_208' title='bbox 1245 1371 1284 1402; x_wconf 91' lang='lat' dir='ltr'>de</span> <span class='ocrx_word' id='word_1_209' title='bbox 1315 1371 1407 1412; x_wconf 72' lang='lat' dir='ltr'>xxiiij</span> 
     </span>
     <span class='ocr_line' id='line_1_24' title="bbox 351 1420 1410 1452; baseline 0 0"><span class='ocrx_word' id='word_1_210' title='bbox 351 1422 588 1452; x_wconf 80' lang='lat' dir='ltr'>columbaribus</span> <span class='ocrx_word' id='word_1_211' title='bbox 604 1421 699 1452; x_wconf 81' lang='lat' dir='ltr'>dictis</span> <span class='ocrx_word' id='word_1_212' title='bbox 715 1420 921 1451; x_wconf 86' lang='lat' dir='ltr'>hundcolaris</span> <span class='ocrx_word' id='word_1_213' title='bbox 934 1420 1005 1451; x_wconf 89' lang='lat' dir='ltr'>albe</span> <span class='ocrx_word' id='word_1_214' title='bbox 1017 1421 1108 1452; x_wconf 86' lang='lat' dir='ltr'>firme</span> <span class='ocrx_word' id='word_1_215' title='bbox 1120 1424 1203 1452; x_wconf 78' lang='lat' dir='ltr'>terre</span> <span class='ocrx_word' id='word_1_216' title='bbox 1215 1420 1254 1452; x_wconf 90' lang='lat' dir='ltr'>de</span> <span class='ocrx_word' id='word_1_217' title='bbox 1271 1420 1410 1452; x_wconf 81' lang='lat' dir='ltr'>Blakhal</span> 
     </span>
     <span class='ocr_line' id='line_1_25' title="bbox 352 1464 1409 1512; baseline -0.001 -9"><span class='ocrx_word' id='word_1_218' title='bbox 352 1472 391 1503; x_wconf 88' lang='lat' dir='ltr'>de</span> <span class='ocrx_word' id='word_1_219' title='bbox 407 1471 528 1503; x_wconf 89' lang='lat' dir='ltr'>eisdem</span> <span class='ocrx_word' id='word_1_220' title='bbox 543 1471 690 1502; x_wconf 85' lang='lat' dir='ltr'>terminis</span> <span class='ocrx_word' id='word_1_221' title='bbox 707 1470 943 1502; x_wconf 81' lang='lat' dir='ltr'>Pentbecostes.</span> <span class='ocrx_word' id='word_1_222' title='bbox 988 1470 1032 1501; x_wconf 90' lang='lat' dir='ltr'>Et</span> <span class='ocrx_word' id='word_1_223' title='bbox 1047 1470 1086 1502; x_wconf 88' lang='grc'>(16</span> <span class='ocrx_word' id='word_1_224' title='bbox 1102 1471 1147 1511; x_wconf 82' lang='lat' dir='ltr'>xij</span> <span class='ocrx_word' id='word_1_225' title='bbox 1172 1470 1202 1502; x_wconf 81' lang='lat' dir='ltr'>d.</span> <span class='ocrx_word' id='word_1_226' title='bbox 1220 1464 1275 1512; x_wconf 58' lang='lat' dir='ltr'>pei</span> <span class='ocrx_word' id='word_1_227' title='bbox 1297 1470 1409 1502; x_wconf 89' lang='lat' dir='ltr'>vendi-</span> 
     </span>
     <span class='ocr_line' id='line_1_26' title="bbox 352 1519 1409 1560; baseline -0.001 -8"><span class='ocrx_word' id='word_1_228' title='bbox 352 1521 476 1552; x_wconf 78' lang='lat' dir='ltr'>cionem</span> <span class='ocrx_word' id='word_1_229' title='bbox 499 1520 636 1551; x_wconf 85' lang='lat' dir='ltr'>duorum</span> <span class='ocrx_word' id='word_1_230' title='bbox 658 1520 784 1560; x_wconf 87' lang='lat' dir='ltr'>parium</span> <span class='ocrx_word' id='word_1_231' title='bbox 807 1519 1041 1550; x_wconf 81' lang='lat' dir='ltr'>cirothecarum</span> <span class='ocrx_word' id='word_1_232' title='bbox 1063 1519 1208 1550; x_wconf 87' lang='lat' dir='ltr'>albarum</span> <span class='ocrx_word' id='word_1_233' title='bbox 1231 1520 1303 1552; x_wconf 85' lang='lat' dir='ltr'>albe</span> <span class='ocrx_word' id='word_1_234' title='bbox 1318 1520 1409 1551; x_wconf 88' lang='lat' dir='ltr'>firme</span> 
     </span>
     <span class='ocr_line' id='line_1_27' title="bbox 352 1569 1408 1611; baseline 0 -10"><span class='ocrx_word' id='word_1_235' title='bbox 352 1573 436 1601; x_wconf 85' lang='lat' dir='ltr'>terre</span> <span class='ocrx_word' id='word_1_236' title='bbox 448 1570 487 1601; x_wconf 89' lang='lat' dir='ltr'>de</span> <span class='ocrx_word' id='word_1_237' title='bbox 500 1569 647 1610; x_wconf 83' lang='lat' dir='ltr'>Peteapil</span> <span class='ocrx_word' id='word_1_238' title='bbox 670 1569 709 1600; x_wconf 87' lang='lat' dir='ltr'>de</span> <span class='ocrx_word' id='word_1_239' title='bbox 725 1569 845 1600; x_wconf 83' lang='lat' dir='ltr'>eisdem</span> <span class='ocrx_word' id='word_1_240' title='bbox 868 1569 1024 1600; x_wconf 83' lang='lat' dir='ltr'>terminis.</span> <span class='ocrx_word' id='word_1_241' title='bbox 1070 1569 1113 1600; x_wconf 86' lang='lat' dir='ltr'>Et</span> <span class='ocrx_word' id='word_1_242' title='bbox 1128 1569 1167 1600; x_wconf 90' lang='grc'>(16</span> <span class='ocrx_word' id='word_1_243' title='bbox 1184 1570 1240 1610; x_wconf 82' lang='lat' dir='ltr'>xiij</span> <span class='ocrx_word' id='word_1_244' title='bbox 1266 1574 1289 1601; x_wconf 73' lang='lat' dir='ltr'>s.</span> <span class='ocrx_word' id='word_1_245' title='bbox 1306 1570 1353 1611; x_wconf 78' lang='lat' dir='ltr'>ijjj</span> <span class='ocrx_word' id='word_1_246' title='bbox 1379 1570 1408 1601; x_wconf 81' lang='lat' dir='ltr'>d.</span> 
     </span>
     <span class='ocr_line' id='line_1_28' title="bbox 352 1618 1409 1660; baseline 0.001 -10"><span class='ocrx_word' id='word_1_247' title='bbox 352 1630 409 1660; x_wconf 83' lang='lat' dir='ltr'>per</span> <span class='ocrx_word' id='word_1_248' title='bbox 431 1619 655 1650; x_wconf 84' lang='lat' dir='ltr'>vendicionem</span> <span class='ocrx_word' id='word_1_249' title='bbox 679 1618 815 1649; x_wconf 86' lang='lat' dir='ltr'>duorum</span> <span class='ocrx_word' id='word_1_250' title='bbox 837 1619 964 1659; x_wconf 85' lang='lat' dir='ltr'>parium</span> <span class='ocrx_word' id='word_1_251' title='bbox 987 1618 1160 1650; x_wconf 82' lang='lat' dir='ltr'>calcarium</span> <span class='ocrx_word' id='word_1_252' title='bbox 1184 1619 1409 1651; x_wconf 83' lang='lat' dir='ltr'>deauratorum</span> 
     </span>
     <span class='ocr_line' id='line_1_29' title="bbox 354 1667 1409 1701; baseline 0.002 -2"><span class='ocrx_word' id='word_1_253' title='bbox 354 1669 424 1700; x_wconf 85' lang='lat' dir='ltr'>albe</span> <span class='ocrx_word' id='word_1_254' title='bbox 440 1669 530 1699; x_wconf 86' lang='lat' dir='ltr'>firme</span> <span class='ocrx_word' id='word_1_255' title='bbox 546 1671 629 1699; x_wconf 81' lang='lat' dir='ltr'>terre</span> <span class='ocrx_word' id='word_1_256' title='bbox 646 1668 685 1699; x_wconf 93' lang='lat' dir='ltr'>de</span> <span class='ocrx_word' id='word_1_257' title='bbox 700 1667 898 1699; x_wconf 84' lang='lat' dir='ltr'>Achinlevin</span> <span class='ocrx_word' id='word_1_258' title='bbox 922 1667 961 1698; x_wconf 85' lang='lat' dir='ltr'>de</span> <span class='ocrx_word' id='word_1_259' title='bbox 984 1667 1078 1699; x_wconf 82' lang='lat' dir='ltr'>dictis</span> <span class='ocrx_word' id='word_1_260' title='bbox 1101 1669 1248 1700; x_wconf 83' lang='lat' dir='ltr'>terminis</span> <span class='ocrx_word' id='word_1_261' title='bbox 1271 1669 1409 1701; x_wconf 81' lang='lat' dir='ltr'>Penthe-</span> 
     </span>
     <span class='ocr_line' id='line_1_30' title="bbox 353 1716 1410 1758; baseline -0.001 -8"><span class='ocrx_word' id='word_1_262' title='bbox 353 1722 462 1750; x_wconf 86' lang='lat' dir='ltr'>costes.</span> <span class='ocrx_word' id='word_1_263' title='bbox 509 1718 550 1748; x_wconf 81' lang='lat' dir='ltr'>Et</span> <span class='ocrx_word' id='word_1_264' title='bbox 573 1718 612 1749; x_wconf 90' lang='lat' dir='ltr'>de</span> <span class='ocrx_word' id='word_1_265' title='bbox 629 1717 650 1758; x_wconf 90' lang='lat' dir='ltr'>ij</span> <span class='ocrx_word' id='word_1_266' title='bbox 676 1717 757 1748; x_wconf 84' lang='lat' dir='ltr'>albis</span> <span class='ocrx_word' id='word_1_267' title='bbox 781 1716 913 1748; x_wconf 83' lang='lat' dir='ltr'>merulis</span> <span class='ocrx_word' id='word_1_268' title='bbox 936 1717 1008 1748; x_wconf 84' lang='lat' dir='ltr'>albe</span> <span class='ocrx_word' id='word_1_269' title='bbox 1025 1717 1114 1748; x_wconf 85' lang='lat' dir='ltr'>firme</span> <span class='ocrx_word' id='word_1_270' title='bbox 1137 1720 1222 1749; x_wconf 86' lang='lat' dir='ltr'>terre</span> <span class='ocrx_word' id='word_1_271' title='bbox 1238 1717 1276 1749; x_wconf 90' lang='lat' dir='ltr'>de</span> <span class='ocrx_word' id='word_1_272' title='bbox 1293 1718 1410 1756; x_wconf 78' lang='lat' dir='ltr'>Quhit-</span> 
     </span>
     <span class='ocr_line' id='line_1_31' title="bbox 353 1766 1407 1807; baseline -0.002 -7"><span class='ocrx_word' id='word_1_273' title='bbox 353 1778 440 1800; x_wconf 82' lang='lat' dir='ltr'>corse</span> <span class='ocrx_word' id='word_1_274' title='bbox 456 1768 494 1799; x_wconf 90' lang='lat' dir='ltr'>de</span> <span class='ocrx_word' id='word_1_275' title='bbox 511 1768 605 1799; x_wconf 86' lang='lat' dir='ltr'>dictis</span> <span class='ocrx_word' id='word_1_276' title='bbox 621 1767 765 1798; x_wconf 77' lang='lat' dir='ltr'>terminis</span> <span class='ocrx_word' id='word_1_277' title='bbox 782 1766 1009 1798; x_wconf 84' lang='lat' dir='ltr'>Penthecostes</span> <span class='ocrx_word' id='word_1_278' title='bbox 1026 1770 1059 1798; x_wconf 82' lang='lat' dir='ltr'>et</span> <span class='ocrx_word' id='word_1_279' title='bbox 1075 1766 1217 1807; x_wconf 79' lang='lat' dir='ltr'>ejusdem</span> <span class='ocrx_word' id='word_1_280' title='bbox 1230 1767 1407 1798; x_wconf 71' lang='lat' dir='ltr'>comitatus.</span> 
     </span>
     <span class='ocr_line' id='line_1_32' title="bbox 355 1815 1409 1858; baseline -0.001 -9"><span class='ocrx_word' id='word_1_281' title='bbox 355 1818 487 1850; x_wconf 82' lang='lat' dir='ltr'>Summa</span> <span class='ocrx_word' id='word_1_282' title='bbox 509 1817 607 1858; x_wconf 85' lang='lat' dir='ltr'>hujus</span> <span class='ocrx_word' id='word_1_283' title='bbox 630 1817 743 1854; x_wconf 88' lang='lat' dir='ltr'>oneris,</span> <span class='ocrx_word' id='word_1_284' title='bbox 760 1815 828 1857; x_wconf 82' lang='lat' dir='ltr'>ij⁰vj</span> <span class='ocrx_word' id='word_1_285' title='bbox 846 1815 877 1847; x_wconf 79' lang='grc'>11.</span> <span class='ocrx_word' id='word_1_286' title='bbox 892 1816 937 1857; x_wconf 80' lang='lat' dir='ltr'>xij</span> <span class='ocrx_word' id='word_1_287' title='bbox 955 1820 977 1847; x_wconf 69' lang='grc' dir='ltr'>ἔ.</span> <span class='ocrx_word' id='word_1_288' title='bbox 995 1816 1026 1857; x_wconf 88' lang='lat' dir='ltr'>vj</span> <span class='ocrx_word' id='word_1_289' title='bbox 1044 1816 1073 1847; x_wconf 75' lang='lat' dir='ltr'>d.</span> <span class='ocrx_word' id='word_1_290' title='bbox 1087 1816 1179 1857; x_wconf 77' lang='lat' dir='ltr'>xxiiij</span> <span class='ocrx_word' id='word_1_291' title='bbox 1204 1816 1409 1848; x_wconf 66' lang='lat' dir='ltr'>hundcolaris</span> 
     </span>
     <span class='ocr_line' id='line_1_33' title="bbox 355 1866 649 1908; baseline -0.007 -9"><span class='ocrx_word' id='word_1_292' title='bbox 355 1871 387 1899; x_wconf 86' lang='lat' dir='ltr'>et</span> <span class='ocrx_word' id='word_1_293' title='bbox 403 1868 424 1908; x_wconf 88' lang='lat' dir='ltr'>ij</span> <span class='ocrx_word' id='word_1_294' title='bbox 444 1867 510 1898; x_wconf 88' lang='lat' dir='ltr'>albi</span> <span class='ocrx_word' id='word_1_295' title='bbox 525 1866 649 1898; x_wconf 84' lang='lat' dir='ltr'>meruli.</span> 
     </span>
    </p>

    <p class='ocr_par' dir='ltr' id='par_1_5' title="bbox 354 1913 1413 2253">
     <span class='ocr_line' id='line_1_34' title="bbox 399 1913 1412 1958; baseline 0 -10"><span class='ocrx_word' id='word_1_296' title='bbox 399 1918 493 1954; x_wconf 84' lang='lat' dir='ltr'>Item,</span> <span class='ocrx_word' id='word_1_297' title='bbox 516 1917 602 1948; x_wconf 84' lang='lat' dir='ltr'>idem</span> <span class='ocrx_word' id='word_1_298' title='bbox 625 1919 737 1947; x_wconf 82' lang='lat' dir='ltr'>onerat</span> <span class='ocrx_word' id='word_1_299' title='bbox 760 1926 793 1947; x_wconf 84' lang='lat' dir='ltr'>se</span> <span class='ocrx_word' id='word_1_300' title='bbox 817 1913 856 1947; x_wconf 86' lang='grc'>(16</span> <span class='ocrx_word' id='word_1_301' title='bbox 872 1914 1000 1957; x_wconf 75' lang='lat' dir='ltr'>ij⁰xxxij</span> <span class='ocrx_word' id='word_1_302' title='bbox 1023 1915 1055 1947; x_wconf 72' lang='lat' dir='ltr'>n.</span> <span class='ocrx_word' id='word_1_303' title='bbox 1081 1916 1115 1957; x_wconf 84' lang='lat' dir='ltr'>iij</span> <span class='ocrx_word' id='word_1_304' title='bbox 1144 1920 1166 1948; x_wconf 72' lang='grc' dir='ltr'>ἓ.</span> <span class='ocrx_word' id='word_1_305' title='bbox 1181 1916 1194 1957; x_wconf 87' lang='lat' dir='ltr'>j</span> <span class='ocrx_word' id='word_1_306' title='bbox 1222 1916 1253 1948; x_wconf 82' lang='lat' dir='ltr'>d.</span> <span class='ocrx_word' id='word_1_307' title='bbox 1279 1917 1327 1948; x_wconf 72' lang='lat' dir='ltr'>ob.</span> <span class='ocrx_word' id='word_1_308' title='bbox 1355 1926 1412 1958; x_wconf 80' lang='lat' dir='ltr'>per</span> 
     </span>
     <span class='ocr_line' id='line_1_35' title="bbox 354 1965 1412 2008; baseline -0.001 -10"><span class='ocrx_word' id='word_1_309' title='bbox 354 1967 494 2008; x_wconf 80' lang='lat' dir='ltr'>integras</span> <span class='ocrx_word' id='word_1_310' title='bbox 510 1966 616 1997; x_wconf 85' lang='lat' dir='ltr'>firmas</span> <span class='ocrx_word' id='word_1_311' title='bbox 633 1965 804 1996; x_wconf 86' lang='lat' dir='ltr'>comitatus</span> <span class='ocrx_word' id='word_1_312' title='bbox 828 1965 972 1996; x_wconf 82' lang='lat' dir='ltr'>Moravie</span> <span class='ocrx_word' id='word_1_313' title='bbox 996 1965 1081 1997; x_wconf 82' lang='lat' dir='ltr'>infra</span> <span class='ocrx_word' id='word_1_314' title='bbox 1096 1966 1356 1998; x_wconf 84' lang='lat' dir='ltr'>vicecomitatum</span> <span class='ocrx_word' id='word_1_315' title='bbox 1372 1966 1412 1997; x_wconf 89' lang='lat' dir='ltr'>de</span> 
     </span>
     <span class='ocr_line' id='line_1_36' title="bbox 355 2015 1412 2057; baseline -0.001 -10"><span class='ocrx_word' id='word_1_316' title='bbox 355 2017 452 2057; x_wconf 84' lang='lat' dir='ltr'>Elgin</span> <span class='ocrx_word' id='word_1_317' title='bbox 479 2016 517 2047; x_wconf 90' lang='lat' dir='ltr'>de</span> <span class='ocrx_word' id='word_1_318' title='bbox 546 2015 641 2046; x_wconf 85' lang='lat' dir='ltr'>dictis</span> <span class='ocrx_word' id='word_1_319' title='bbox 667 2015 770 2046; x_wconf 82' lang='lat' dir='ltr'>tribus</span> <span class='ocrx_word' id='word_1_320' title='bbox 795 2015 942 2046; x_wconf 86' lang='lat' dir='ltr'>terminis</span> <span class='ocrx_word' id='word_1_321' title='bbox 973 2015 1071 2055; x_wconf 86' lang='lat' dir='ltr'>hujus</span> <span class='ocrx_word' id='word_1_322' title='bbox 1102 2015 1253 2056; x_wconf 89' lang='lat' dir='ltr'>computi.</span> <span class='ocrx_word' id='word_1_323' title='bbox 1299 2015 1342 2046; x_wconf 93' lang='lat' dir='ltr'>Et</span> <span class='ocrx_word' id='word_1_324' title='bbox 1371 2015 1412 2046; x_wconf 88' lang='lat' dir='ltr'>de</span> 
     </span>
     <span class='ocr_line' id='line_1_37' title="bbox 356 2064 1413 2105; baseline 0 -9"><span class='ocrx_word' id='word_1_325' title='bbox 356 2064 460 2096; x_wconf 76' lang='lat' dir='ltr'>lxxxx</span> <span class='ocrx_word' id='word_1_326' title='bbox 475 2065 506 2095; x_wconf 68' lang='lat' dir='ltr'>fi„</span> <span class='ocrx_word' id='word_1_327' title='bbox 524 2075 580 2105; x_wconf 85' lang='lat' dir='ltr'>per</span> <span class='ocrx_word' id='word_1_328' title='bbox 596 2065 734 2105; x_wconf 81' lang='lat' dir='ltr'>integras</span> <span class='ocrx_word' id='word_1_329' title='bbox 759 2064 866 2095; x_wconf 83' lang='lat' dir='ltr'>firmas</span> <span class='ocrx_word' id='word_1_330' title='bbox 882 2064 1019 2095; x_wconf 86' lang='lat' dir='ltr'>dominii</span> <span class='ocrx_word' id='word_1_331' title='bbox 1034 2064 1073 2095; x_wconf 90' lang='lat' dir='ltr'>de</span> <span class='ocrx_word' id='word_1_332' title='bbox 1085 2064 1318 2105; x_wconf 86' lang='lat' dir='ltr'>Glenquharny</span> <span class='ocrx_word' id='word_1_333' title='bbox 1328 2064 1413 2096; x_wconf 64' lang='lat' dir='ltr'>intra</span> 
     </span>
     <span class='ocr_line' id='line_1_38' title="bbox 358 2111 1410 2154; baseline -0.001 -9"><span class='ocrx_word' id='word_1_334' title='bbox 358 2115 481 2146; x_wconf 86' lang='lat' dir='ltr'>dictum</span> <span class='ocrx_word' id='word_1_335' title='bbox 492 2113 752 2145; x_wconf 83' lang='lat' dir='ltr'>vicecomitatum</span> <span class='ocrx_word' id='word_1_336' title='bbox 766 2113 804 2144; x_wconf 91' lang='lat' dir='ltr'>de</span> <span class='ocrx_word' id='word_1_337' title='bbox 818 2111 937 2144; x_wconf 85' lang='lat' dir='ltr'>eisdem</span> <span class='ocrx_word' id='word_1_338' title='bbox 947 2113 1102 2145; x_wconf 89' lang='lat' dir='ltr'>terminis.</span> <span class='ocrx_word' id='word_1_339' title='bbox 1140 2113 1183 2144; x_wconf 90' lang='lat' dir='ltr'>Et</span> <span class='ocrx_word' id='word_1_340' title='bbox 1193 2113 1231 2144; x_wconf 90' lang='lat' dir='ltr'>de</span> <span class='ocrx_word' id='word_1_341' title='bbox 1237 2111 1367 2154; x_wconf 71' lang='lat' dir='ltr'>j⁰lxxvij</span> <span class='ocrx_word' id='word_1_342' title='bbox 1378 2113 1410 2144; x_wconf 70' lang='lat'>11.</span> 
     </span>
     <span class='ocr_line' id='line_1_39' title="bbox 357 2162 1412 2205; baseline -0.001 -10"><span class='ocrx_word' id='word_1_343' title='bbox 357 2175 402 2195; x_wconf 84' lang='lat' dir='ltr'>xv</span> <span class='ocrx_word' id='word_1_344' title='bbox 430 2168 452 2196; x_wconf 70' lang='grc' dir='ltr'>Ξ.</span> <span class='ocrx_word' id='word_1_345' title='bbox 477 2174 533 2205; x_wconf 87' lang='lat' dir='ltr'>per</span> <span class='ocrx_word' id='word_1_346' title='bbox 559 2164 698 2205; x_wconf 74' lang='lat' dir='ltr'>integras</span> <span class='ocrx_word' id='word_1_347' title='bbox 723 2163 832 2194; x_wconf 85' lang='lat' dir='ltr'>firmas</span> <span class='ocrx_word' id='word_1_348' title='bbox 859 2162 938 2194; x_wconf 86' lang='lat' dir='ltr'>dicti</span> <span class='ocrx_word' id='word_1_349' title='bbox 962 2163 1132 2194; x_wconf 81' lang='lat' dir='ltr'>comitatus</span> <span class='ocrx_word' id='word_1_350' title='bbox 1156 2163 1302 2194; x_wconf 87' lang='lat' dir='ltr'>Moravie</span> <span class='ocrx_word' id='word_1_351' title='bbox 1327 2163 1412 2194; x_wconf 83' lang='lat' dir='ltr'>infra</span> 
     </span>
     <span class='ocr_line' id='line_1_40' title="bbox 357 2211 1407 2253; baseline -0.002 -8"><span class='ocrx_word' id='word_1_352' title='bbox 357 2213 616 2245; x_wconf 79' lang='lat' dir='ltr'>vicecomitatum</span> <span class='ocrx_word' id='word_1_353' title='bbox 635 2212 674 2243; x_wconf 88' lang='lat' dir='ltr'>de</span> <span class='ocrx_word' id='word_1_354' title='bbox 687 2213 782 2244; x_wconf 86' lang='lat' dir='ltr'>Fores</span> <span class='ocrx_word' id='word_1_355' title='bbox 795 2211 834 2243; x_wconf 84' lang='lat' dir='ltr'>de</span> <span class='ocrx_word' id='word_1_356' title='bbox 850 2211 969 2243; x_wconf 81' lang='lat' dir='ltr'>eisdem</span> <span class='ocrx_word' id='word_1_357' title='bbox 987 2211 1140 2243; x_wconf 84' lang='lat' dir='ltr'>terminis.</span> <span class='ocrx_word' id='word_1_358' title='bbox 1187 2212 1230 2244; x_wconf 88' lang='lat' dir='ltr'>Et</span> <span class='ocrx_word' id='word_1_359' title='bbox 1242 2212 1281 2244; x_wconf 90' lang='lat' dir='ltr'>de</span> <span class='ocrx_word' id='word_1_360' title='bbox 1293 2211 1364 2253; x_wconf 78' lang='lat' dir='ltr'>j⁰xx</span> <span class='ocrx_word' id='word_1_361' title='bbox 1377 2211 1407 2243; x_wconf 70' lang='grc' dir='ltr'>Π.</span> 
     </span>
    </p>
   </div>
   <div class='ocr_carea' id='block_1_5' title="bbox 1439 0 1551 2147">
    <p class='ocr_par' dir='ltr' id='par_1_6' title="bbox 1439 0 1551 2147">
     <span class='ocr_line' id='line_1_41' title="bbox 1439 0 1551 2147; baseline 0 0"><span class='ocrx_word' id='word_1_362' title='bbox 1439 0 1551 2147; x_wconf 95' lang='lat' dir='ltr'> </span> 
     </span>
    </p>
   </div>
  </div>
 </body>
</html>
