1551 2462
315 261 376 290 164
625 257 790 290 ROTULI
814 257 1050 290 SCACOARII
1279 260 1370 290 1463.

313 352 429 384 rentali
446 355 478 383 et
494 351 553 383 sub
568 351 710 393 periculo
726 351 948 392 compotantis,
964 351 1010 382 Is.
1056 351 1100 382 Et
1111 351 1224 388 eidem,
1239 354 1368 392 propter

315 403 499 434 vastitatem
522 405 680 433 terrarum
703 402 742 433 de
765 402 1047 442 Auchindrewyne
1064 411 1128 433 non
1151 401 1369 433 assedatarum

315 453 354 484 de
370 452 516 484 terminis
533 452 656 483 duobus
673 451 798 492 elapsis,
815 452 874 483 sub
890 451 1032 492 periculo
1049 451 1269 492 compotantis,
1285 461 1329 481 xx
1345 455 1369 482 ἔ.

315 503 358 533 Et
382 502 494 539 eidem,
520 502 559 533 de
582 501 682 533 firmis
705 504 862 533 terrarum
885 501 925 533 de
947 501 1201 542 Innerquhonly,
1217 511 1279 542 que
1305 511 1371 532 11011

315 551 545 583 assedabantur
567 555 641 583 ante
663 552 838 583 terminum
853 551 1081 582 Pentechostes
1105 551 1144 583 de
1171 562 1255 582 anno
1278 550 1370 589 LX110,

317 606 350 633 et
365 612 404 633 ex
421 612 457 633 eo
472 612 537 632 non
553 601 649 633 solvit
666 605 740 632 ante
763 601 883 632 festum
901 601 1138 638 Pentechostes,
1154 604 1186 633 et
1205 601 1250 643 sic
1266 601 1371 632 solum

316 651 436 693 recepit
451 652 576 682 firmam
599 651 638 682 de
661 661 725 682 uno
748 651 893 689 termino,
917 662 961 682 xv
983 655 1006 684 ἓ.
1052 651 1094 682 Et
1109 651 1208 682 simili
1223 651 1317 683 modo
1333 651 1372 682 de

321 701 418 732 firmis
432 704 589 732 terrarum
605 700 644 731 de
660 700 859 741 Pettinnuly,
875 710 937 741 que
961 710 1026 732 non
1049 700 1278 732 assedabantur
1297 704 1372 732 ante

319 751 442 782 dictum
469 751 596 787 festum,
620 754 652 781 et
675 750 720 781 sic
743 750 847 781 solum
870 750 990 791 recepit
1012 750 1074 781 nisi
1096 760 1153 791 pro
1173 750 1372 781 dimidietate

321 801 493 833 earundem
509 800 548 832 de
563 811 628 831 uno
644 800 790 837 termino,
806 801 838 841 xj
856 804 879 832 s.
903 800 958 841 viij
977 800 1006 831 d.
1052 801 1095 831 Et
1117 800 1229 838 eidem,
1244 803 1375 841 propter

319 850 505 881 vastitatem
539 853 652 890 quarte
684 850 784 891 partis
820 853 976 881 terrarum
1007 850 1046 881 de
1079 849 1304 881 Innerbichate
1335 850 1374 881 de

321 900 458 931 termino
475 899 584 930 Sancti
600 899 744 937 Martini,
757 910 796 930 ex
812 909 848 931 eo
865 899 951 940 quod
967 903 1080 931 tenens
1097 899 1159 930 fuit
1170 899 1374 941 justificatus,

321 953 417 991 prout
439 949 518 980 fides
541 949 626 980 facta
647 949 710 979 fuit
733 959 828 989 super
851 951 1044 989 compotum,
1066 949 1122 989 viij
1147 953 1170 980 s.
1194 949 1241 989 iiij
1258 948 1286 980 d.
1333 949 1376 980 Et

322 999 434 1036 eidem,
450 1009 507 1039 per
522 998 718 1029 solucionem
741 998 858 1028 factam
882 997 1002 1028 Thome
1024 997 1192 1036 Thomson,
1208 997 1376 1035 causidico,

323 1048 362 1079 de
379 1048 470 1079 feodo
486 1058 543 1078 suo
559 1047 689 1078 termini
704 1047 931 1078 Pentechostes
954 1047 1038 1078 infra
1053 1047 1113 1078 hoc
1128 1050 1321 1089 compotum,
1338 1048 1377 1079 de

323 1098 475 1129 mandato
491 1097 632 1128 custodis
654 1097 773 1138 privati
797 1097 903 1139 sigilli,
925 1097 994 1138 ipso
1017 1100 1157 1129 testante
1179 1098 1377 1135 mandatum,

323 1148 336 1179 1
351 1152 374 1179 ἓ.
420 1147 462 1178 Et
492 1156 548 1188 per
578 1146 775 1178 solucionem
805 1147 923 1178 factam
952 1147 975 1178 J
976 1146 1097 1178 ohanni
1125 1146 1378 1184 Haukirstoune,

324 1197 476 1238 magistro
507 1196 626 1228 fabrice
664 1196 792 1228 domine
829 1196 946 1237 regine,
983 1195 1024 1227 ad
1061 1195 1215 1227 fabricam
1252 1196 1378 1237 collegii

325 1246 435 1278 Sancti
468 1245 651 1283 Salvatoris,
689 1245 728 1277 de
766 1246 882 1286 quibus
919 1245 1007 1276 idem
1043 1245 1066 1276 J
1068 1245 1209 1277 ohannes
1238 1246 1379 1277 reddidit

325 1299 519 1337 compotum,
535 1295 589 1336 xvj
607 1295 638 1327 fi.
685 1295 728 1326 Et
742 1305 799 1336 per
815 1295 1011 1326 solucionem
1026 1295 1146 1326 factam
1161 1305 1218 1336 per
1241 1295 1378 1327 eundem

325 1346 411 1377 dicto
428 1345 450 1376 J
453 1344 572 1376 ohanni
589 1344 840 1382 Haukirstoune,
859 1345 898 1377 de
920 1344 1072 1376 mandato
1095 1345 1236 1376 custodis
1259 1345 1379 1386 privati

326 1395 432 1436 sigilli,
462 1398 559 1435 prout
581 1397 671 1435 patet
697 1404 754 1435 per
780 1393 926 1425 cedulam
949 1404 1048 1424 manu
1074 1404 1132 1425 sua
1155 1394 1378 1436 subscriptam,

326 1448 488 1476 ostensam
519 1454 614 1484 super
637 1445 830 1483 compotum,
852 1443 888 1473 in
910 1445 1035 1483 partem
1057 1442 1230 1474 solucionis
1253 1454 1378 1475 summe

327 1494 389 1526 sibi
405 1493 511 1524 debite
527 1493 562 1523 in
577 1492 658 1534 pede
673 1492 783 1523 ultimi
805 1493 946 1533 compoti
969 1492 1028 1530 sui,
1043 1492 1065 1533 lj
1083 1492 1114 1524 fi.
1131 1492 1154 1533 ij
1171 1497 1193 1524 s.
1211 1493 1246 1524 ix
1261 1493 1290 1525 d.
1336 1494 1379 1525 Et,

327 1553 385 1584 per
400 1542 597 1574 solucionem
613 1541 732 1572 factam
747 1551 804 1582 per
820 1542 958 1573 eundem
973 1552 1029 1583 pro
1045 1542 1148 1574 tribus
1171 1542 1257 1574 ulnis
1280 1543 1380 1584 panni

327 1593 440 1624 viridis
456 1592 497 1623 ad
512 1594 737 1623 ornamentum
753 1592 873 1623 mensis
890 1592 1047 1629 scaccarii,
1059 1592 1203 1634 precium
1218 1593 1294 1624 ulne
1309 1603 1376 1635 sep-

328 1645 395 1673 tem
407 1641 508 1678 solidi,
522 1651 648 1672 summa
665 1641 718 1681 xxj
733 1644 757 1672 s.
795 1641 838 1671 Et
850 1641 963 1679 eidem,
975 1645 1105 1682 propter
1121 1642 1304 1673 vastitatem
1317 1646 1378 1674 ter-

329 1701 437 1723 rarum
452 1691 491 1722 de
507 1690 767 1728 Glandirstoune,
780 1691 999 1722 assedatarum
1008 1691 1044 1722 in
1056 1691 1138 1722 festo
1151 1691 1378 1724 Pentechostes

331 1741 370 1772 de
383 1751 467 1772 anno
478 1742 567 1776 LX110‚
583 1743 616 1770 et
631 1739 888 1771 Knokkinbarde
904 1743 937 1771 et
948 1740 1153 1782 Dunnydure
1162 1741 1379 1773 assedatarum

329 1790 462 1821 infesto
483 1788 710 1820 Pentechostes
733 1788 848 1820 ultimo
871 1789 988 1830 elapso,
1011 1793 1044 1821 et
1066 1789 1112 1821 sic
1134 1790 1239 1822 solum
1261 1792 1381 1832 recepit

331 1840 438 1871 firmas
454 1839 493 1870 de
509 1849 573 1870 uno
589 1838 726 1870 termino
741 1842 898 1869 terrarum
914 1839 954 1871 de
970 1838 1221 1872 Glandirstoune
1236 1843 1269 1872 et
1280 1840 1382 1874 nichil

331 1890 370 1922 de
386 1889 510 1921 duobus
526 1888 597 1920 aliis
612 1888 698 1925 loeis,
714 1891 810 1929 prout
822 1889 899 1920 fides
913 1889 998 1920 facta
1010 1889 1073 1920 fuit
1085 1900 1179 1931 super
1188 1893 1381 1932 compotum,

331 1951 375 1971 xx
401 1939 434 1971 ri.
459 1949 481 1970 v
507 1943 531 1971 ἓ.
557 1939 589 1979 vj
617 1938 646 1969 d.
692 1938 735 1970 Et
765 1938 877 1977 eidem,
903 1949 960 1980 pro
985 1939 1099 1980 xxxiiij
1124 1940 1234 1971 martis
1264 1940 1382 1973 debitis

332 1989 461 2021 domine
490 1988 607 2030 regine,
636 1988 780 2029 precium
809 1988 898 2029 pecie
936 1989 1079 2030 quinque
1110 1989 1204 2020 solidi
1234 1985 1380 2022 solvendi

331 2038 517 2075 husbandis,
539 2038 595 2078 viij
614 2037 646 2069 fi.
669 2048 692 2068 x
707 2041 730 2069 s.
775 2037 818 2068 Et
840 2037 952 2074 eidem,
969 2047 1025 2078 per
1045 2037 1242 2070 solucionem
1265 2039 1383 2071 factam

331 2088 391 2120 uni
420 2090 604 2128 nuncupato
634 2086 791 2118 Mauricio
821 2086 968 2118 Wormet
997 2097 1055 2128 pro
1081 2087 1178 2119 naulo
1207 2089 1382 2130 nonoginta

333 2147 449 2169 novem
464 2137 625 2178 lignorum
639 2137 808 2168 missorum
824 2137 864 2167 ab
887 2136 1034 2178 episcopo
1057 2137 1208 2169 Rossensi
1231 2137 1271 2169 ad
1293 2137 1383 2170 edifi-

333 2187 420 2219 cium
436 2186 565 2219 domiue
580 2186 696 2228 regine,
711 2186 746 2228 iij
763 2185 796 2218 H.
811 2186 867 2228 xvj
884 2189 907 2218 s.
924 2196 946 2217 x
961 2186 990 2218 d.
1036 2186 1079 2218 Et
1095 2186 1207 2226 eidem,
1221 2197 1279 2229 pro
1291 2186 1383 2219 feodo
