1551 2462
132 555 296 584 Respondebit

133 584 232 613 Walles,

130 615 255 638 rotulator.

130 776 310 805 Inspiciendum

127 807 164 828 est
174 807 273 835 rentale,
286 809 310 830 et

127 836 261 858 onerandus
272 838 309 859 est

127 868 276 894 computans.

126 957 241 990 Carrio.

353 222 413 251 562
656 218 820 252 ROTULI
843 219 1080 252 SGAOOARH
1311 223 1401 252 1468.
1445 202 1482 242 ζ’·
1533 198 1537 202 ’

1458 291 1467 318 'c

350 312 470 350 dencie,
486 313 587 354 xxviij
604 313 635 344 11⁵.
681 313 724 344 Et
739 313 785 345 sic
807 316 930 344 restant
951 313 1033 354 lxxij
1049 313 1081 344 ii.
1098 312 1167 353 xiiij
1185 317 1208 344 ἔ.
1224 312 1259 354 iij
1276 312 1305 345 d.
1351 313 1401 345 De

349 363 475 403 quibus,
488 363 622 394 allocate
632 363 832 404 computanti
845 373 901 403 pro
911 363 1079 394 duodecim
1095 362 1208 393 martis
1220 362 1314 394 dictis
1330 372 1400 394 cus·
1460 350 1477 387 s
1528 379 1529 384 =

348 415 419 443 tum
434 413 546 444 martis
561 412 678 444 debitis
694 412 733 443 de
749 412 834 443 dicto
850 413 1006 443 comitatu
1029 413 1068 443 de
1084 411 1245 443 Garviach
1261 412 1300 443 de
1316 422 1400 443 anno

348 462 492 503 computi
514 465 546 493 et
569 472 652 493 anno
675 463 865 505 precedente
880 461 940 493 hoc
963 465 1159 502 computum,
1182 471 1239 502 pro
1262 471 1400 502 quarum

347 511 491 551 qualibet
506 511 685 543 allocantur
699 511 875 543 husbandis
894 512 1037 552 quinque
1053 510 1210 548 solidisde
1226 511 1321 542 dictis
1336 515 1399 542 ter-

346 560 451 598 minis,
467 561 500 601 iij
517 560 550 592 fi.
596 561 655 602 [To
678 560 804 598 Wallas,
823 561 1032 601 Comptroller,
1048 561 1123 592 :5⁰61
1139 561 1203 599 143.
1216 561 1267 593 3ἅ.
1312 560 1400 599 Sum,

345 610 422 648 „4³64
450 611 515 648 143.
545 610 612 650 θῶ]
671 611 714 641 Et
744 610 790 641 sic
819 613 943 641 restant
980 610 1036 651 viij
1075 609 1106 641 11.
1145 620 1208 651 que
1245 613 1322 641 sunt
1359 610 1399 642 de
1459 619 1462 621 ·

344 659 535 691 decideneiis
551 663 708 690 terrarum
723 660 762 691 de
779 660 878 691 Coule
894 663 927 691 et
943 660 1065 697 0118118,
1088 662 1126 690 ut
1140 659 1253 691 asserit
1267 670 1397 700 eompu-
1434 679 1438 681 >

343 712 425 746 tans,
441 709 480 740 de
503 719 587 740 anno
603 709 745 750 computi
767 712 800 740 et
822 719 907 740 anno
921 709 1111 750 precedente
1126 709 1186 740 hoc
1201 713 1397 750 computum,

343 768 438 799 super
461 758 578 799 quibus
600 758 836 799 inspiciendum
857 762 906 790 est
928 758 1059 796 rentale,
1074 762 1107 790 et
1131 769 1204 790 cum
1231 759 1277 790 ita
1300 759 1398 790 fuerit
1459 780 1462 786 1

344 811 515 849 repertum,
524 808 748 839 allocabuntur
757 809 958 849 computanti
969 809 1003 840 in
1014 808 1160 849 proximo
1170 812 1320 850 computo
1330 819 1396 847 suo,

342 858 504 889 sinautem
520 857 705 889 onerabitur
720 868 794 889 cum
810 858 937 890 eisdem.

385 958 582 998 Computum
601 957 740 989 Gilberti
763 957 885 989 domini
908 957 1078 998 Kennedy,
1094 957 1207 989 ballivi
1222 957 1261 989 de
1277 957 1394 995 Carrio,

340 1008 550 1048 [Edinburylz-,
566 1008 610 1039 227
624 1007 705 1048 July
719 1008 814 1045 1468,
822 1007 912 1048 from
928 1008 948 1038 9
964 1007 1049 1038 June
1063 1007 1172 1047 1467]

383 1057 475 1088 Idem
500 1060 611 1088 onerat
633 1067 667 1088 se
689 1057 724 1088 in
747 1057 859 1098 primis
884 1056 924 1088 de
947 1057 1026 1097 xviij
1051 1056 1083 1087 fi.
1107 1057 1163 1097 xiij
1189 1061 1211 1088 s.
1228 1056 1274 1097 iiij
1292 1056 1321 1088 d.
1338 1067 1395 1098 per

338 1106 480 1148 integras
503 1107 610 1137 firmas
634 1110 791 1137 terrarum
814 1106 854 1137 de
877 1105 1108 1137 Garvanehede
1130 1106 1170 1137 de
1192 1106 1317 1137 duobus
1332 1110 1394 1138 ter-

338 1156 435 1188 minis
451 1156 549 1197 hujus
565 1156 716 1197 computi.
761 1156 805 1186 Et
827 1155 867 1187 de
883 1166 905 1186 x
926 1155 958 1186 Ῐί.
975 1166 1032 1196 per
1054 1155 1193 1197 integras
1209 1155 1316 1187 firmas
1332 1159 1394 1187 ter-
1446 1171 1471 1186 ,ι
1526 1177 1529 1187 .

337 1216 446 1237 rarum
462 1206 501 1237 de
517 1206 684 1247 Turnbery
707 1205 745 1236 de
770 1205 864 1236 dictis
879 1205 1034 1236 terminis.
1079 1205 1123 1236 Et
1146 1205 1185 1236 de
1201 1205 1255 1246 xvj
1271 1205 1303 1239 ii,
1320 1206 1352 1246 vj
1368 1209 1394 1240 'sl

337 1255 394 1295 viij
426 1254 456 1287 d.
487 1255 526 1286 de
556 1255 656 1286 firmis
694 1258 852 1286 terrarum
883 1254 922 1285 de
959 1254 1159 1285 Dundonald
1196 1254 1235 1285 de
1272 1254 1394 1286 eisdem
1455 1276 1460 1286 .

336 1305 495 1341 terminis,
521 1314 584 1345 que
613 1304 723 1335 omnia
752 1307 829 1335 sunt
858 1304 898 1335 de
928 1304 1120 1345 proprietate
1150 1304 1273 1335 domini
1302 1305 1391 1345 regis.

337 1354 515 1385 Residuum
532 1364 607 1385 vero
627 1353 764 1395 predicti
789 1353 924 1384 dominii
950 1353 989 1384 de
1013 1353 1220 1391 Dundonald,
1242 1354 1392 1386 videlicet

336 1404 469 1444 triginta
481 1404 542 1435 due
554 1403 635 1434 libre
650 1402 892 1444 quatuordecim
910 1403 1004 1434 solidi
1016 1403 1055 1434 de
1067 1403 1178 1434 eadem
1190 1403 1391 1444 proprietate,
1441 1419 1444 1422 ·
1456 1419 1457 1422 ¹

336 1454 448 1484 existit
463 1454 497 1484 in
512 1453 661 1484 manibus
677 1453 893 1493 computantis
909 1456 942 1484 et
957 1453 1125 1493 eujusdam
1141 1453 1298 1494 capellani
1320 1464 1391 1495 per-
1449 1465 1454 1467 ·

335 1502 484 1543 cipieutis
499 1503 534 1532 in
550 1512 634 1533 anno
650 1501 689 1532 de
705 1502 791 1532 dicta
805 1512 931 1532 summa
953 1502 1102 1533 undecim
1117 1512 1246 1533 marcas.
1293 1503 1336 1534 Et
1351 1503 1390 1536 de

334 1553 367 1593 vj
393 1553 424 1583 11.
450 1552 506 1593 xiij
535 1555 557 1583 s.
586 1552 633 1592 iiij
657 1551 686 1582 d.
711 1551 750 1582 de
773 1551 873 1582 firmis
896 1551 993 1582 tercie
1015 1552 1116 1592 partis
1132 1551 1171 1582 de
1187 1552 1332 1583 Trebaeh
1349 1553 1389 1584 de

335 1602 459 1633 duabus
474 1601 618 1642 partibus
634 1600 786 1641 ejusdem,
798 1600 874 1641 quia
889 1600 988 1631 tercia
999 1610 1072 1641 pars
1083 1603 1180 1631 restat
1193 1601 1227 1631 in
1238 1601 1388 1633 manibus
1426 1625 1430 1628 -

334 1646 491 1683 Cristiane
515 1650 695 1681 Auehinleo
725 1650 851 1681 racione
881 1649 978 1681 tercie
1003 1653 1035 1680 et
1058 1654 1132 1690 post
1161 1650 1230 1690 ejus
1260 1650 1386 1682 obitum

334 1711 499 1732 reversura
521 1703 569 1731 est
592 1699 632 1730 ad
654 1709 766 1740 regem.
812 1700 855 1730 Et
877 1709 942 1730 non
964 1702 1076 1730 onerat
1098 1709 1132 1730 se
1154 1699 1193 1730 de
1210 1699 1273 1731 alia
1288 1701 1388 1731 tere-ia
1449 1712 1453 1714 ·

334 1754 426 1791 parte
441 1749 623 1786 earundem,
639 1759 701 1789 que
724 1748 803 1780 alias
826 1759 974 1780 concesse
989 1752 1082 1780 erant
1103 1749 1126 1780 J
1127 1749 1226 1780 acobo
1242 1749 1388 1788 Stewart,

334 1799 440 1837 militi,
456 1803 488 1830 et
503 1803 692 1840 computans
718 1799 832 1829 asserit
858 1809 891 1829 se
918 1798 1032 1829 emisse
1053 1799 1093 1829 ab
1118 1799 1236 1830 eodem.
1282 1800 1326 1830 Et
1346 1800 1386 1831 de

335 1849 382 1890 iiij
399 1849 427 1880 d.
442 1849 512 1880 albe
528 1849 618 1879 firme
633 1858 690 1889 per
704 1848 929 1879 vendicionem
943 1847 1040 1878 unius
1056 1848 1141 1888 paris
1157 1848 1387 1880 cirothecarum
1419 1869 1423 1871 -
1438 1843 1454 1878 s
1512 1839 1522 1878 ’1

336 1899 482 1930 albarum
496 1901 653 1929 terrarum
668 1897 707 1928 de
732 1897 917 1928 Achaltane.
963 1897 1006 1928 Et
1025 1897 1065 1928 de
1080 1897 1126 1938 iiij
1150 1897 1180 1929 d.
1195 1907 1253 1938 per
1275 1898 1386 1929 vendi-

336 1949 461 1980 cionem
476 1948 572 1978 unius
587 1947 672 1988 paris
695 1946 926 1978 cirothecarum
949 1946 1095 1977 albarum
1112 1946 1183 1978 albe
1199 1947 1289 1978 firme
1303 1950 1387 1979 terre
1441 1956 1450 1963 ⁴

336 1998 376 2029 de
392 1997 611 2029 Glenstichell.
658 1996 789 2028 Summa
804 1996 901 2037 hujus
917 1996 1029 2033 oneris,
1045 1996 1068 2037 lj
1085 1996 1116 2027 15„
1134 1996 1202 2036 xiiij
1220 2001 1242 2028 Ξ

381 2048 474 2084 Item,
497 2046 583 2077 idem
607 2049 717 2077 onerat
743 2055 777 2077 se
803 2045 842 2076 de
866 2045 901 2086 iij
929 2045 960 2076 fi.
989 2045 1029 2077 de
1052 2045 1152 2076 firmis
1175 2049 1329 2077 terrarum
1345 2046 1386 2078 de
1410 2055 1417 2062 ‘

337 2096 552 2138 Cragincalye.
597 2096 640 2127 Et
656 2095 694 2127 de
710 2095 744 2126 xl
761 2100 783 2127 s.
797 2095 836 2127 de
852 2095 951 2126 firmis
967 2098 1122 2126 terrarum
1135 2095 1173 2126 de
1186 2095 1386 2134 Ballowmas,
1443 2124 1446 2125 γ

336 2145 547 2178 existencium
562 2144 598 2176 in
612 2144 760 2176 manibus
783 2144 865 2186 regis
880 2144 920 2176 de
942 2154 1006 2175 uno
1029 2144 1175 2181 termino,
1189 2144 1307 2176 saisina
1321 2155 1386 2177 non
