1551 2462
344 282 404 311 396
656 281 821 313 ROTULI
845 280 1083 313 SCACCARII
1309 283 1400 313 1466.

126 381 291 411 Respondebit
342 374 535 406 sideracione
560 374 752 412 auditorum,
768 374 837 416 xliij
856 379 878 406 s.
895 375 917 416 ij
932 375 960 406 (ἲ,
1008 375 1067 416 [To
1093 375 1301 415 Comptroller,
1324 375 1401 407 &53

125 411 276 465 {33{¹1‡}3}¹Jr¹²⁰'
300 416 301 419 Ἰ
340 424 398 465 53]
453 425 495 455 Et
520 424 632 461 eidem,
656 435 713 465 pro
741 424 831 455 firma
855 424 1022 455 domorum
1049 424 1229 461 lardinarie,
1252 424 1400 465 granalis,

340 478 373 506 et
410 485 466 515 pro
497 474 687 505 carbonibus
717 474 944 505 conservandis
981 474 1016 504 in
1049 474 1128 505 villa
1162 473 1200 505 de
1231 473 1329 505 Perth
1361 474 1400 505 de

340 535 424 556 anno
441 524 592 565 computi,
607 524 654 564 iiij
671 523 702 554 fi.
721 523 776 564 xiij
794 528 816 555 s.
835 523 886 564 iiij
899 523 937 561 d„
954 527 986 555 et
1002 524 1178 564 precipitur
1197 524 1399 564 computanti

341 575 426 615 quod
458 574 593 605 ulterius
623 584 688 604 non
719 573 826 614 capiat
856 573 965 604 domos
997 574 1037 604 ad
1068 574 1192 604 firmam
1216 573 1285 605 sine
1315 584 1398 605 novo

340 624 499 655 mandato.
555 624 597 654 Et
627 623 740 659 eidem,
764 623 802 654 de
833 623 932 654 firmis
963 626 1122 654 terrarum
1145 623 1185 654 de
1215 623 1398 664 Mukkarsy

340 674 376 704 in
406 673 581 704 Kinclevin
612 676 839 713 occupatarum
870 676 1014 714 tempore
1046 673 1174 704 domine
1204 673 1311 714 regine
1341 683 1399 714 per

339 724 499 755 «Iacobum
530 723 725 754 Crichtoune
753 723 791 754 de
823 723 953 763 Carnys,
980 723 1126 760 miiitem,
1150 723 1185 753 in
1216 723 1309 754 feodo
1332 733 1398 761 suo,

340 773 380 804 de
404 773 529 804 duobus
554 772 646 803 annis
677 782 751 803 cum
776 772 892 813 quibus
917 775 1068 811 oneratur
1090 773 1124 803 in
1147 775 1298 813 computo
1322 773 1399 803 anni

340 822 530 863 sexagesimi
553 822 667 862 quarti,
691 822 769 862 xviij
794 821 826 852 fi.
850 822 907 862 xiij
932 826 954 853 ἔ.
979 822 1026 863 iiij
1050 822 1080 853 d.
1126 822 1169 853 vEt
1199 822 1311 859 eidem,
1342 832 1398 863 per

341 872 536 904 solucionem
548 872 667 902 factam
678 876 901 912 computorum
917 871 1086 903 rotulatori
1101 872 1136 903 in
1146 873 1241 904 certis
1257 873 1397 904 mutoni-

205 934 250 957 Do.
340 924 400 954 bus
416 922 545 953 intratis
560 922 594 952 in
610 921 701 952 libris
718 921 886 958 diet-arum,
898 921 967 963 ipso
984 922 1106 953 fatente
1122 926 1286 963 receptum
1302 933 1398 964 super

341 975 537 1014 computum,
569 982 635 1002 xxv
651 971 683 1002 112
712 971 781 1012 xiiij
810 975 843 1008 s„
870 982 928 1012 pro
952 972 1069 1013 quibus
1093 973 1308 1013 respondebit.
1354 973 1397 1004 Et

340 1023 453 1059 eidem,
477 1021 515 1053 de
540 1021 639 1052 firmis
667 1024 699 1052 et
721 1021 895 1062 gressumis
922 1025 1080 1053 terrarum
1103 1022 1143 1054 de
1158 1022 1307 1063 Erntuly,
1323 1033 1397 1054 cum

341 1073 457 1113 quibus
489 1073 679 1112 computans
710 1074 861 1102 oneratur
882 1071 917 1102 in
948 1082 1032 1103 anno
1056 1072 1252 1113 sexagesimo
1282 1076 1397 1114 quarto

340 1122 380 1153 de
411 1121 575 1162 arreragiis
598 1120 637 1152 de
662 1120 849 1158 Kinclevin‚
881 1125 1109 1162 occupatarum
1132 1131 1188 1162 per
1210 1121 1397 1163 episcopum

340 1171 606 1204 Dunkeldensem
629 1173 772 1211 tempore
795 1170 924 1201 domine
945 1171 1052 1212 regine
1074 1171 1157 1202 bone
1173 1171 1333 1209 memorie,
1357 1172 1396 1204 de

340 1222 457 1263 quibus
473 1221 564 1252 nulla
579 1221 640 1252 sibi
650 1220 825 1252 allocancia
840 1221 912 1258 fuit,
924 1224 962 1252 ut
973 1224 1063 1262 patet
1078 1222 1112 1251 in
1129 1221 1257 1258 eisdem,
1272 1221 1348 1261 xxvj
1361 1221 1395 1253 ti.

340 1272 396 1313 xiij
430 1276 453 1303 s.
478 1271 524 1312 iiij
559 1270 589 1302 d.
634 1270 677 1301 Et
709 1270 822 1307 eidem,
845 1270 884 1301 de
907 1270 1080 1312 grassumis
1106 1273 1267 1302 terrarum
1297 1271 1395 1303 ballie

339 1321 555 1362 computantis
579 1330 653 1351 cnm
677 1320 794 1360 quibus
818 1323 1009 1361 computans
1040 1323 1194 1351 oneratur
1216 1331 1301 1351 anno
1324 1331 1395 1362 pre-

340 1371 472 1402 cedente
499 1370 559 1401 hoc
585 1372 781 1410 computum,
811 1374 942 1410 propter
972 1369 1115 1410 inopiam
1145 1370 1332 1401 tenencium
1362 1374 1395 1401 et

340 1420 542 1462 quorundam
559 1419 785 1450 decedencium
802 1419 904 1450 nichil
918 1419 1113 1450 habencium
1128 1419 1163 1450 in
1183 1419 1284 1457 bonis,
1299 1422 1395 1460 prout

339 1471 419 1502 fides
446 1470 531 1501 facta
554 1469 617 1500 fuit
643 1479 739 1509 super
763 1472 961 1509 computum,
991 1478 1035 1500 xx
1059 1469 1090 1500 fi.
1136 1469 1180 1500 Et
1202 1469 1315 1506 eidem,
1338 1479 1395 1510 per

340 1520 536 1552 solucionem
547 1519 666 1549 factam
682 1522 905 1559 computorum
921 1519 1090 1550 rotulatori
1106 1519 1140 1549 in
1157 1519 1249 1550 feodo
1265 1519 1394 1551 Andree

203 1576 248 1599 Do.
340 1571 380 1602 de
396 1569 529 1600 Balfour
544 1568 582 1599 de
598 1568 735 1599 termino
752 1568 980 1599 Penthecostes
995 1568 1120 1605 ultimo,
1136 1568 1147 1599 l
1163 1572 1186 1599 ἓ.
1203 1567 1260 1609 Pro
1276 1568 1394 1609 quibus

339 1618 552 1660 respondebit.
600 1617 732 1648 Summa
769 1627 990 1658 expensarum,
1021 1617 1070 1658 iije
1101 1618 1202 1659 xxviij
1220 1617 1250 1649 fi.
1283 1618 1349 1659 xvij
1368 1622 1391 1650 ἔ.

340 1670 372 1711 xj
397 1669 426 1700 d.
472 1662 515 1699 Et
537 1667 583 1699 sic
598 1670 722 1699 restant
733 1665 760 1707 jc
775 1667 843 1708 lxxj
860 1667 892 1698 li.
909 1668 954 1708 vij
971 1671 994 1699 s.
1011 1668 1043 1708 vj
1060 1667 1089 1698 d.
1107 1667 1154 1699 ob.
1199 1668 1251 1698 De
1267 1668 1393 1709 quibus,

341 1720 476 1751 allocate
508 1717 709 1758 computanti
731 1717 771 1748 de
793 1717 893 1748 firmis
920 1720 1078 1748 terrarum
1102 1717 1140 1749 de
1163 1717 1296 1748 Ranaeh
1319 1728 1392 1748 cum

340 1770 457 1811 quibus
474 1771 663 1809 computans
673 1767 820 1808 superius
833 1770 990 1804 oneratur,
1001 1767 1141 1798 remissis
1153 1777 1210 1808 per
1225 1767 1391 1798 dominum

339 1829 454 1861 regem,
469 1822 507 1849 ut
530 1820 619 1858 patet
636 1827 692 1858 per
707 1817 817 1848 literas
833 1826 906 1848 suas
923 1817 982 1848 sub
1006 1816 1130 1858 signeto
1153 1816 1192 1848 de
1207 1816 1392 1848 remissione

340 1873 483 1901 ostensas
506 1877 601 1908 super
623 1870 819 1908 computum,
842 1867 874 1907 vj
891 1866 923 1897 ri.
949 1866 1004 1906 xiij
1022 1870 1045 1897 s.
1069 1866 1115 1907 iiij
1129 1865 1158 1897 d.
1203 1866 1247 1897 Et
1262 1876 1392 1908 compu-

338 1919 430 1956 tanti,
453 1928 510 1959 pro
534 1916 626 1948 feodo
651 1927 708 1948 suo
732 1916 770 1948 de
795 1927 879 1947 anno
895 1916 1046 1957 computi,
1069 1916 1101 1957 vj
1118 1915 1150 1946 fi.
1175 1915 1231 1956 xiij
1250 1920 1272 1947 s.
1296 1916 1342 1956 iiij
1361 1916 1390 1947 d.

340 1969 473 2000 Summa
487 1967 585 2008 hujus
608 1976 757 2008 expense,
774 1966 830 2007 xiij
847 1965 878 1997 fi.
895 1966 927 2006 vj
944 1969 968 1997 s.
985 1965 1041 2006 viij
1059 1965 1082 1996 d
1134 1965 1178 1996 Et
1201 1965 1246 1997 sic
1269 1968 1392 1996 restant

334 2018 360 2059 j⁰
374 2018 443 2059 lviij
459 2017 492 2048 fi.
510 2028 531 2048 x
547 2017 576 2048 d.
594 2017 642 2047 οἵ).

123 2116 316 2150 Stratherne.
379 2117 576 2158 computum
610 2114 754 2156 magistri
791 2114 912 2146 Thome
949 2113 988 2144 de
1026 2113 1180 2151 Moravia,
1217 2113 1390 2154 recepturis

335 2167 496 2198 firmarum
508 2165 677 2197 comitatus
691 2165 729 2196 de
743 2164 936 2200 Stratherne,
949 2163 1160 2205 [Linlz'thqow‚
1173 2163 1192 2194 1
1202 2163 1283 2203 July
1294 2163 1389 2201 1466,

327 2217 417 2257 from
434 2217 456 2247 2
471 2215 551 2256 July
566 2215 660 2252 1465.
