1551 2462
147 2000 313 2031 Respondebit

147 2031 310 2054 thesaurarius

149 2061 242 2084 Guthre
252 2047 302 2090 pro·

148 2091 200 2119 xliij
214 2089 242 2113 n.

347 261 408 290 310
659 259 824 291 ROTULI
847 257 1084 290 SOACOARH
1308 259 1322 288 1
1329 258 1398 287 465.

346 355 418 383 tum
434 351 472 383 de
488 362 571 384 anno
588 352 739 393 computi,
756 362 823 383 xxx
837 352 869 383 li.
915 351 958 382 Et
973 351 1085 388 eidem,
1101 350 1140 381 de
1156 349 1228 381 alba
1246 349 1338 380 firma
1353 348 1392 380 de

347 402 539 443 Sprynkeld,
562 403 637 444 quia
667 405 766 440 vasta,
797 403 828 443 vj
855 405 879 433 s.
909 401 965 441 viij
994 401 1033 438 d„
1058 400 1114 431 sed
1137 409 1223 430 nunc
1249 398 1395 430 locantur

348 451 432 483 dicte
462 455 543 483 terre
573 451 757 483 husbandis.
818 451 861 482 Et
891 450 1003 487 eidem,
1034 450 1074 480 de
1105 448 1205 479 firmis
1242 451 1398 479 terrarum

349 501 388 532 de
419 501 544 543 Holgill
580 511 653 533 cum
685 501 802 542 quibus
840 503 1030 541 computans
1068 499 1214 540 superius
1240 500 1398 534 oneratur,

352 551 427 591 quia
464 554 571 588 vaste„
605 554 700 591 prout
737 551 815 581 fides
854 550 939 581 facta
977 549 1039 580 fuit
1076 559 1172 589 super
1212 550 1399 588 computum

350 599 390 631 de
418 610 502 631 anno
527 601 677 641 computi,
703 600 736 631 xl
768 603 790 631 s.
851 599 894 630 Et
924 599 1035 636 eidem,
1052 598 1091 629 de
1121 598 1220 629 firmis
1243 600 1400 628 terrarum

350 649 389 680 de
413 649 641 681 Litildaltoune
666 650 766 681 eciam
782 649 816 680 in
837 648 944 679 warda
968 647 1187 684 existendum,
1204 646 1279 687 quia
1301 649 1400 683 vaste,

352 709 391 730 ex
429 699 540 730 eadem
577 699 638 730 fide
670 702 702 730 et
739 698 778 729 de
806 698 890 729 dicto
921 708 1013 735 anno,
1045 708 1089 727 xx
1126 700 1148 728 Ξ.
1209 696 1252 726 Et
1289 695 1401 732 eidem,

351 748 390 779 de
421 749 520 780 firmis
549 749 667 790 fogagii
696 748 736 779 de
765 747 966 779 Wodcokare
997 750 1029 778 et
1061 746 1092 777 le
1122 744 1223 777 Werd
1252 744 1401 775 Nemoris

352 798 504 838 ejusdem,
534 809 596 839 que
634 797 852 829 conceduntur
883 797 968 827 dicto
1006 795 1134 826 domino
1171 793 1315 826 Johanni
1345 803 1403 834 per

352 847 436 878 clare
482 847 632 878 memorie
675 847 841 877 dominum
881 855 988 886 regem
1025 845 1047 876 J
1050 845 1183 876 acobum
1226 843 1402 875 secundum

352 906 454 937 usque
470 900 588 927 etatem
611 896 788 937 legitimam
811 895 933 926 domini
956 894 1046 925 ducis
1070 893 1208 926 Albanie
1231 896 1264 924 et
1279 892 1401 923 domiui

354 946 470 978 Wallis
493 945 651 983 Anandie,
674 955 730 986 pro
754 944 898 976 custodia
921 943 1065 984 ejusdem
1087 943 1233 980 nemoris,
1256 945 1293 973 ut
1315 945 1405 982 patet

355 1005 412 1036 per
427 995 536 1026 literas
554 995 632 1026 dicti
656 994 778 1026 domini
800 993 902 1025 nostri
924 993 1007 1034 regis
1030 992 1090 1024 sub
1114 992 1239 1033 privato
1262 995 1405 1023 ostensas

356 1055 451 1085 super
466 1049 663 1085 computum,
678 1044 717 1075 de
733 1053 817 1074 anno
833 1043 930 1083 hujus
954 1042 1097 1083 computi
1113 1044 1145 1072 et
1160 1044 1297 1082 quatuor
1313 1040 1406 1071 annis

354 1094 599 1135 precedentibus
621 1094 681 1125 hoc
705 1096 902 1134 computum,
926 1102 947 1123 x
962 1092 995 1123 fi.
1040 1092 1084 1123 Et
1106 1091 1220 1128 eidem,
1243 1100 1298 1132 per
1320 1100 1407 1122 com-

354 1144 550 1185 posicionem
575 1144 692 1175 factam
714 1153 771 1184 per
794 1142 939 1174 dominos
962 1142 1002 1173 de
1025 1140 1156 1172 consilio
1180 1140 1301 1172 domini
1323 1139 1406 1180 regis

356 1204 429 1225 cum
460 1193 604 1225 Johanni
632 1193 840 1234 Wychtman‚
871 1192 993 1223 Thoma
1030 1190 1227 1227 Hardkneis,
1257 1188 1406 1221 Johanne

355 1243 449 1280 Park,
473 1243 620 1274 Galwino
644 1242 793 1279 Graham,
823 1242 845 1273 J
848 1241 973 1272 ohanne
996 1240 1056 1272 Bel
1078 1240 1119 1271 de
1149 1239 1408 1276 Blacwodhouse,

357 1292 502 1323 Waltero
518 1292 577 1323 Bel
593 1292 632 1323 de
655 1292 838 1333 Myddilby,
861 1291 969 1322 David
993 1290 1052 1322 Bel
1074 1290 1236 1331 Wagfute,
1258 1289 1280 1320 J
1283 1289 1408 1320 ohanne

357 1342 417 1373 Bel
428 1341 660 1379 Prestemache,
673 1341 814 1382 Georgeo
826 1340 977 1375 Graham,
989 1340 1012 1371 J
1014 1339 1138 1371 ohanne
1149 1339 1252 1380 Story,
1269 1338 1407 1370 Roberto

357 1391 508 1432 Haliday,
538 1391 698 1422 Richardo
735 1390 794 1421 Bel
825 1390 864 1421 de
901 1389 1066 1430 Ellyrbek,
1103 1388 1225 1420 Jacobo
1256 1388 1407 1425 Graham,

357 1441 523 1471 Willelmo
539 1440 689 1477 Graham,
706 1439 869 1481 Stephano
883 1439 969 1479 Hop‚
985 1438 1151 1470 Willelmo
1168 1437 1228 1468 Bel
1243 1436 1406 1474 Watsone,

358 1490 501 1522 Niniano
523 1490 681 1527 Heuwan,
697 1490 836 1520 Roberto
851 1488 1043 1524 Thomsoun,
1059 1487 1179 1518 Thoma
1195 1486 1254 1517 Bel
1277 1486 1316 1517 de
1333 1485 1408 1517 Cul-

359 1549 440 1576 ness,
455 1539 536 1570 Will
559 1539 618 1570 Bel
641 1539 679 1570 de
703 1538 794 1575 Driff,
810 1537 832 1569 J
835 1537 959 1569 ohanne
975 1536 1200 1573 Richardsone,
1225 1535 1409 1567 Alexandro

358 1588 531 1629 Hathowy,
547 1591 580 1619 et
602 1587 750 1619 Johanne
773 1587 1002 1623 Johnestoune,
1025 1585 1064 1616 de
1088 1585 1236 1616 omnibus
1258 1584 1409 1615 amercia-

359 1637 477 1669 mentis
492 1637 527 1668 in
542 1637 658 1678 quibus
682 1636 855 1677 adjudicati
878 1636 1010 1667 fuerunt
1025 1635 1059 1666 in
1082 1633 1215 1665 diversis
1238 1634 1408 1665 itineribus

357 1686 543 1728 justiciarie,
573 1696 708 1727 quorum
740 1685 839 1726 aliqui
869 1684 1044 1725 adjudicati
1073 1687 1165 1715 erant
1201 1683 1236 1714 in
1267 1683 1410 1724 quinque

361 1736 623 1772 amerciamentis,
640 1735 739 1776 aliqui
754 1735 790 1765 in
805 1738 951 1775 quatuor,
966 1733 1067 1774 aliqui
1082 1733 1117 1763 in
1131 1732 1244 1770 tribus,
1260 1732 1360 1773 aliqui
1376 1732 1410 1763 in

361 1786 571 1828 paucioribus,
587 1788 681 1825 prout
697 1787 786 1825 patet
808 1784 842 1815 in
858 1783 991 1814 diversis
1015 1782 1166 1814 extractis
1183 1785 1214 1813 et
1230 1781 1411 1812 indenturis

361 1836 497 1876 desuper
512 1834 664 1866 confectis
681 1837 713 1865 et
735 1843 830 1874 super
853 1835 1040 1873 computum
1063 1831 1206 1868 ostensis,
1222 1841 1279 1872 pro
1294 1831 1411 1871 quibus

361 1885 510 1917 omnibus
533 1884 681 1915 dominus
697 1883 792 1924 Hugo
808 1883 847 1914 de
870 1883 1028 1919 Levenax,
1043 1881 1236 1913 senescallus
1259 1880 1414 1912 domicilii

361 1934 483 1966 domini
498 1933 588 1975 regis,
603 1932 723 1974 recepit
739 1932 950 1973 quadraginta
962 1934 1098 1972 quatuor
1109 1930 1215 1968 libras,
1231 1930 1413 1961 redditurus

361 1984 522 2015 racionem
537 1983 688 2023 magistro
710 1981 818 2012 David
841 1980 974 2018 Guthre,
990 1980 1195 2016 thesaurariQ
1220 1979 1290 2020 ipso
1313 1979 1413 2010 eciam

363 2033 485 2064 fatente
499 2035 664 2073 receptum
687 2041 782 2071 super
805 2033 1001 2071 computum,
1017 2033 1051 2060 et
1071 2039 1128 2070 pro
1144 2028 1262 2069 quibus
1277 2028 1414 2069 quadra-

363 2083 453 2124 ginta
468 2085 604 2122 quatuor
617 2081 708 2112 libris
724 2080 809 2111 idem
821 2079 1039 2111 thesaurarius
1049 2077 1262 2118 respondebit,
1274 2080 1310 2108 ut
1326 2079 1415 2118 patet

363 2142 420 2173 per
445 2131 554 2163 literas
576 2130 698 2162 domini
720 2129 802 2171 regis
825 2129 886 2160 sub
901 2129 1024 2170 signeto
1047 2131 1190 2158 ostensas
1213 2137 1308 2168 super
1330 2136 1414 2158 com-
