1551 2462
142 280 231 309 1460.
451 276 612 309 REGUM
637 276 883 308 SCOTORUM.
1151 279 1188 307 19

140 370 267 402 domino
302 371 373 402 Ade
397 371 588 408 Chantoure‚
619 370 784 412 capellano
812 371 903 402 beate
937 370 1102 407 Katerine,
1132 380 1189 410 pro

140 420 231 451 feodo
241 431 298 451 suo
309 420 346 452 de
359 421 495 451 termino
509 421 648 461 compoti
659 420 697 451 de
710 420 809 451 firmis
822 420 1024 461 episcopatus
1035 419 1190 455 Moravic,

139 470 205 510 xlvj
224 474 246 501 s.
263 470 318 511 viij
337 470 365 502 d.
411 471 454 501 Et
469 471 580 508 eidem,
597 481 653 511 per
669 470 865 501 solucionem
881 470 1000 501 factam
1019 469 1134 500 vicario
1151 469 1189 499 de

139 518 250 560 Spyny
275 519 314 551 de
338 520 431 551 dictis
455 520 640 561 episcopam
664 524 696 551 et
717 520 864 557 termino,
880 519 936 560 xiij
962 523 984 550 s.
1007 519 1053 559 iiij
1073 519 1101 549 d.
1147 518 1191 548 Et

138 568 266 600 domino
281 569 465 601 Alexandro
482 570 582 606 Mare,
595 569 760 611 capellano
777 569 898 600 domini
915 569 996 610 regis
1007 568 1041 599 in
1057 567 1190 599 ecclesia

138 618 311 650 cathedrali
334 619 539 656 Moraviensi,
555 619 594 651 de
617 619 769 660 predictis
793 619 979 660 episcopatu
996 621 1028 650 et
1043 618 1190 654 termino,

137 667 193 708 xiij
210 672 233 700 s.
249 668 283 709 iij
300 668 330 701 d.
374 669 417 700 Et
431 669 562 700 sacriste
578 669 662 700 dicte
678 669 809 701 ecclesie
826 669 865 700 de
892 669 997 710 Elgyn
1014 668 1053 699 de
1069 667 1189 699 eisdem

139 717 321 759 episcopatu
347 722 380 750 et
405 719 551 756 termino,
580 719 612 759 vj
638 724 662 751 s.
688 719 743 760 viij
762 719 791 750 d.
849 719 892 749 Et
915 718 1045 749 domino
1068 717 1198 752 Thomes

137 767 283 805 Pilmore,
298 768 461 810 capellano
477 769 511 800 in
533 769 643 800 eadem
667 769 809 806 ecclesia.
832 769 870 800 de
893 768 986 799 dictis
1003 768 1190 808 episcopatu

137 821 169 849 et
184 819 328 857 termino,
344 819 378 850 xl
401 824 423 851 s.
469 820 512 851 Et
534 830 591 861 pro
608 820 682 850 vino
699 819 739 850 ad
763 819 882 850 dictam
904 819 1071 850 ecclesiam
1087 818 1190 849 cathe-

136 867 256 899 dralem
283 869 322 900 de
345 869 430 900 dicto
454 870 638 910 episcopatu
661 873 694 900 et
717 869 862 906 termino,
879 869 936 910 xiij
961 872 982 900 s.
1007 869 1053 909 iiij
1072 868 1102 900 d.
1147 869 1190 899 Et

136 928 223 950 maro
239 919 278 950 de
295 919 449 950 Strathila
464 930 520 960 pro
536 920 628 951 feodo
644 930 701 951 suo
721 919 760 951 de
776 919 876 950 firmis
893 919 970 950 dicti
986 919 1188 960 episcopatus

136 967 176 999 de
191 968 276 1000 dicto
292 970 436 1006 termino,
452 970 484 1010 vj
501 974 524 1001 s.
540 969 596 1010 viij
614 969 644 1001 d.
689 969 732 1000 Et
747 979 833 1000 maro
846 969 885 1000 de
901 969 1024 1000 Roffart
1040 969 1078 1000 de
1095 968 1189 999 dictis

137 1018 321 1059 episcopatu
337 1022 370 1050 et
385 1019 529 1057 termino,
546 1030 567 1049 x
583 1024 606 1050 s.
623 1019 666 1050 Et
688 1029 775 1050 maro
797 1018 836 1050 de
853 1019 997 1059 Byrneth
1014 1018 1052 1049 de
1069 1018 1190 1049 eisdem

136 1068 321 1109 episcopatu
351 1071 384 1099 et
420 1069 566 1105 termino,
590 1073 635 1100 xs.
680 1069 723 1099 Et
749 1078 837 1100 maro
867 1069 906 1100 de
937 1067 1112 1109 Kynadore
1150 1067 1190 1098 de

138 1117 233 1149 dictis
249 1118 434 1159 episcopatu
450 1121 482 1149 et
498 1118 643 1155 termino,
659 1129 681 1148 x
704 1122 727 1149 s.
772 1119 815 1149 Et
838 1129 924 1149 maro
941 1118 979 1149 de
1000 1117 1189 1158 Strathspey

136 1167 176 1198 de
192 1166 312 1198 eisdem
327 1167 512 1208 episcopatu
524 1170 556 1198 et
571 1168 716 1204 termino,
733 1178 754 1198 x
770 1171 793 1198 s.
840 1167 882 1198 Et
905 1177 991 1198 maro
1008 1167 1046 1198 de
1063 1167 1189 1197 Fothir-

136 1216 214 1253 face,
241 1226 263 1246 x
287 1220 310 1248 s.
354 1216 397 1247 Et
423 1227 510 1247 maro
537 1216 576 1248 de
600 1216 712 1257 Spyny
734 1216 773 1247 de
797 1217 916 1248 eisdem
944 1215 1129 1257 episcopatu
1156 1220 1189 1247 et

135 1266 281 1303 termino,
297 1277 317 1296 x
335 1270 357 1297 s.
403 1267 445 1297 Et
460 1277 547 1297 maro
564 1266 602 1297 de
618 1266 723 1307 Elgyn
742 1277 799 1307 pro
816 1266 907 1297 feodo
923 1276 980 1297 suo
997 1265 1035 1297 de
1051 1266 1189 1296 termino

137 1315 284 1356 compoti,
300 1326 343 1346 xx
360 1320 382 1347 s.
428 1315 471 1347 Et
486 1326 573 1347 maro
593 1315 632 1347 de
655 1316 751 1347 Fores
774 1326 831 1356 pro
855 1315 946 1347 feodo
970 1326 1027 1347 suo
1049 1314 1087 1346 de
1103 1315 1188 1347 dicto

138 1365 282 1403 termino,
309 1365 365 1405 xiij
393 1369 417 1397 s.
445 1365 491 1406 iiij
519 1365 548 1396 d.
594 1365 636 1396 Et
658 1365 770 1402 eidem,
785 1375 842 1406 per
857 1365 1051 1396 solucionem
1070 1365 1187 1396 factam

137 1414 244 1446 David
271 1414 398 1446 Wricht
421 1425 478 1455 pro
505 1414 595 1446 feodo
622 1425 688 1452 suo,
716 1415 754 1446 de
783 1415 933 1446 mandato
957 1415 1079 1446 domini
1105 1415 1186 1456 regis

89 1484 92 1487 Δ
137 1463 310 1495 literatorie
326 1464 385 1495 sub
398 1464 521 1505 signeto
534 1468 659 1496 ostenso
675 1475 771 1506 super
787 1468 979 1506 compotum,
996 1464 1033 1496 de
1050 1465 1187 1496 termino

137 1513 276 1554 compoti
292 1517 323 1545 et
339 1514 398 1545 sub
413 1514 554 1555 periculo
570 1515 790 1555 compotantis,
808 1515 841 1555 iij
858 1514 890 1546 fi.
907 1515 938 1555 vj
955 1519 978 1545 s.
996 1514 1052 1555 viij
1070 1514 1099 1545 d.
1145 1514 1187 1545 Et

0 1562 2 1569 ⁸
41 1570 52 1578 ⁸
88 1578 92 1581 -
137 1563 248 1600 eidem,
274 1574 331 1605 per
357 1564 551 1595 solucionem
576 1564 693 1595 factam
724 1565 931 1596 servitoribus
957 1564 1186 1595 fabricantibus

137 1617 242 1654 portas
259 1613 375 1645 ferreas
392 1614 431 1644 ad
448 1617 588 1645 castrum
605 1614 642 1645 de
660 1614 828 1655 Invernys,
844 1614 882 1645 de
900 1614 1018 1645 eisdem
1035 1614 1186 1645 mandato

138 1666 170 1694 et
185 1663 361 1704 periculo‚l
384 1667 407 1694 s.
453 1664 494 1694 Et
518 1664 630 1700 eidem,
653 1673 709 1704 pro
734 1663 830 1694 naulo
853 1664 951 1694 trium
975 1663 1131 1694 lastarum
1155 1667 1186 1695 et
1201 1674 1389 1708 Respondebit*

137 1713 232 1744 unius
243 1713 351 1744 barilis
364 1713 544 1744 salmonum
555 1713 709 1744 salsorum
722 1713 856 1754 piscarie
869 1713 907 1744 de
919 1713 1004 1754 Spey
1017 1714 1185 1744 missorum
1200 1704 1388 1763 Εζξζὲᾍξξῑῆῃ

137 1763 176 1794 de
212 1763 358 1794 Moravia
388 1763 428 1794 ad
465 1763 547 1794 Leth
578 1769 609 1794 et
639 1767 840 1804 receptorum
877 1773 933 1804 per
966 1766 1185 1804 compotorum
1200 1764 1335 1786 ³³¹ffl01111¹11
1346 1764 1392 1786 sal-

137 1812 351 1850 rotulatoremj
367 1813 435 1854 ipso
451 1813 572 1844 fatente
589 1816 754 1854 receptum
770 1823 865 1854 super
881 1816 1065 1854 compotum
1081 1816 1113 1844 et
1128 1824 1184 1854 pro
1200 1800 1286 1816 somm'

137 1862 251 1903 quibus
267 1863 479 1903 respondebit,
494 1863 528 1893 lv
550 1867 573 1894 s.
597 1863 629 1903 vj
647 1861 676 1894 cl.
721 1863 764 1893 Et
787 1863 899 1899 cidem,
918 1873 973 1903 per
989 1863 1185 1894 solucionem

136 1911 252 1943 factam
272 1913 423 1953 magistro
438 1912 623 1943 Alexandro
642 1912 782 1954 Murray,
799 1912 867 1953 ipso
883 1912 1004 1943 fatente
1020 1916 1184 1953 receptum

137 1968 231 2003 super
246 1966 437 2004 compotum,
449 1962 551 2003 ij⁰xxv
567 1962 591 1993 fi
608 1973 627 1993 x
644 1967 667 1994 s.
681 1963 694 2003 j
712 1962 750 1999 d„
766 1973 822 2003 pro
839 1962 955 2002 quibus
972 1962 1182 2003 respondebit.
1199 1966 1364 1995 Respondebit

137 2012 179 2042 Et
201 2012 313 2049 eidem,
330 2013 412 2053 proj
431 2012 536 2043 celdra
552 2013 596 2053 xij
621 2012 714 2043 bollis
738 2012 802 2042 albi
826 2011 910 2048 salis,
933 2011 1076 2052 precium
1099 2011 1183 2042 bolle
1199 1995 1305 2024 Murray.

135 2061 276 2102 quinque
287 2062 389 2099 solidi,
401 2066 433 2094 et
447 2063 489 2103 xij
502 2062 595 2093 bollis
607 2062 682 2094 salis
692 2062 800 2103 grossi,
814 2062 956 2103 precium
969 2061 1052 2092 bolle
1065 2071 1182 2092 novem

136 2110 238 2148 solidi,
254 2111 369 2152 emptis
385 2122 442 2152 per
457 2116 692 2153 compotantem
709 2115 741 2143 et
757 2111 937 2152 expenditis
950 2111 983 2141 in
996 2110 1183 2141 lardenariis

137 2159 175 2191 de
191 2160 349 2201 Invernys
373 2163 405 2192 et
427 2161 541 2202 Elgyn,
566 2161 644 2202 xijfi.
670 2161 723 2202 viij
749 2165 771 2192 s.
819 2161 860 2191 Et
883 2160 995 2197 eidem,
1011 2170 1068 2200 pro
1092 2160 1180 2200 xxvij

135 2210 246 2241 martis
277 2209 371 2242 dictis
401 2211 574 2252 rynmartis
605 2211 807 2252 episcopatus
846 2209 1067 2246 Moraviensis,
1103 2219 1182 2250 quas
