1551 2462
415 262 477 290 528
727 262 892 294 ROTULI
916 263 1151 295 SCACOARH
1372 268 1466 299 1468.

196 354 336 397 Onerandus
347 358 384 379 est
411 354 561 394 computi,
574 364 613 385 ex
626 364 662 386 eo
675 355 760 395 quod
782 359 971 396 computans
987 367 1052 388 non
1067 357 1186 398 recepit
1202 360 1390 396 extractum,
1405 358 1462 390 sed

194 387 343 414 ⁰⁰³¹¹³¹²t³¹'⁵'
409 403 592 434 onerabitur
608 414 681 434 cum
698 405 817 436 eisdem
833 405 867 436 in
883 406 1028 446 proximo
1045 410 1194 447 computo
1210 417 1278 438 suo.

449 453 598 494 Expense
621 454 770 494 ejusdem.
816 455 857 486 In
880 455 1000 496 primis,
1022 455 1155 488 allocate
1178 457 1379 498 computanti
1401 468 1459 499 per

405 502 600 534 solucionem
625 504 742 535 factam
768 504 888 535 Thome
916 505 1115 536 Cranstoune
1139 505 1179 537 de
1203 506 1323 544 eodem,
1347 507 1454 544 militi,

406 552 525 584 ballivo
543 553 658 585 foreste
680 553 719 584 de
742 553 855 591 Ettric,
870 564 926 594 pro
951 554 1042 586 feodo
1065 565 1122 586 suo
1147 554 1185 586 de
1208 555 1308 587 firmis
1331 556 1395 587 loci
1415 556 1455 588 de

407 602 556 644 Kirkhop
572 602 610 633 de
627 612 710 634 anno
733 603 885 643 computi,
908 604 939 644 vj
957 603 988 634 fi.
1010 604 1023 644 j
1048 604 1193 635 bowkow
1215 615 1260 635 xx
1284 605 1364 646 agni.
1415 606 1460 637 Et
1480 617 1483 620 ⁴

406 651 547 683 Waltero
571 652 653 689 Scot,
675 653 781 690 militi,
805 653 956 694 magistro
983 664 1148 685 cursorum
1171 654 1255 685 dIcte
1280 655 1392 692 warde,
1416 655 1456 687 de

191 725 238 748 Bes
257 726 355 748 oudebit
403 701 503 732 firmis
519 701 580 732 loci
596 702 634 733 de
650 702 841 743 Aldanehop
857 703 896 734 (18
919 702 1030 734 eodem
1046 713 1138 740 annO,
1162 703 1193 743 vj
1211 703 1242 734 fi.
1264 703 1277 744 j
1302 703 1454 735 bowkow.

190 754 241 777 Gut
259 762 291 778 re.
404 751 445 782 Et
456 752 664 792 computanti,
676 763 733 793 pro
744 752 836 783 feodo
849 762 906 783 suo
919 752 958 783 de
970 752 1069 783 firmis
1081 752 1143 784 loci
1156 752 1195 784 de
1208 752 1454 791 Calcrufebauk‚

403 800 434 841 vj
451 800 483 831 11²„
497 801 508 841 j
527 801 678 832 bowkow.
724 801 767 832 Et
782 801 894 838 eidem,
910 801 948 832 de
964 801 1064 832 firmis
1087 801 1229 832 locorum
1245 801 1284 833 (18
1306 802 1453 843 Wyntir-

402 850 513 890 burgh,
528 850 653 887 Eltreif,
669 854 701 881 et
716 851 869 891 Berybus,
885 861 1106 882 concessorum
1128 851 1257 882 domino
1281 851 1451 893 Hammyl-

405 904 501 931 toune
516 910 574 940 pro
589 899 688 931 tercia
703 900 812 931 debita
823 910 937 941 sponse
949 910 1014 937 sue,
1026 900 1065 931 de
1081 900 1191 931 eodem
1204 911 1296 937 anno,
1309 911 1352 931 xv
1363 900 1395 932 li.
1409 901 1455 942 ij}

406 949 521 989 bowky
532 949 579 989 iiij
591 952 693 980 marte
705 949 743 980 de
754 949 808 990 fog
819 953 851 980 et
861 949 935 980 fule.
967 949 1010 980 Et
1019 949 1131 986 eidem,
1141 950 1180 980 de
1190 949 1290 981 firmis
1301 953 1458 981 terrarum

404 999 443 1029 de
467 998 761 1039 Gilmyniscleuche
782 1008 1003 1030 concessarum
1025 998 1110 1030 dicto
1134 999 1262 1030 domino
1285 999 1457 1040 Hammyl-

405 1052 502 1079 toune
524 1048 559 1079 in
582 1048 784 1079 excambium
810 1058 867 1089 pro
895 1048 989 1079 certis
1019 1048 1113 1079 terris
1137 1048 1198 1079 sibi
1220 1048 1457 1089 pertinentibus

405 1101 438 1128 et
453 1097 610 1129 concessis
625 1108 682 1138 per
697 1097 819 1128 dictum
835 1097 1002 1128 dominum
1013 1100 1159 1128 nostrum
1174 1108 1281 1138 regem
1297 1098 1457 1130 Herberto

403 1147 425 1179 J
428 1147 616 1185 ohnstoune,
632 1151 668 1178 ut
683 1150 773 1188 patet
787 1157 844 1188 per
859 1147 968 1178 literas
986 1147 1108 1178 domini
1123 1147 1205 1188 regis
1222 1147 1300 1178 alias
1312 1150 1456 1180 ostensas
1516 1183 1519 1189 ‚

404 1207 498 1238 super
514 1200 709 1238 computum,
725 1197 756 1237 vj
774 1196 806 1228 fi.
818 1197 831 1237 j
850 1196 994 1228 bowkow
1009 1197 1032 1237 ij
1049 1196 1104 1237 fog
1120 1200 1152 1228 et
1168 1196 1235 1228 fule
1258 1200 1367 1228 marte.
1413 1198 1456 1230 Et
1502 1203 1504 1205 '

404 1247 516 1284 eidem,
532 1247 571 1278 de
587 1247 687 1278 firmis
703 1247 799 1278 unius
814 1246 877 1277 loci
892 1246 926 1277 in
948 1246 1168 1284 Catkermach‚
1184 1246 1276 1287 cujus
1299 1246 1455 1279 medietas
1488 1278 1492 1283 ⁴

404 1297 584 1338 assignatur
622 1306 678 1337 pro
716 1296 861 1328 custodia
897 1296 995 1328 turris
1033 1296 1072 1327 de
1109 1293 1280 1328 Newwerk
1321 1299 1354 1328 et
1391 1296 1454 1328 alia

403 1346 557 1377 medietas
572 1356 630 1387 pro
646 1346 737 1387 equis
752 1346 843 1387 regis,
859 1345 898 1377 de
914 1356 998 1377 anno
1013 1345 1165 1386 computi,
1180 1346 1212 1387 vj
1234 1345 1266 1376 11.
1284 1345 1454 1383 dimidium
1512 1375 1514 1377 ,

402 1396 546 1427 bowkow
575 1406 644 1427 xxx
673 1395 754 1436 agni.
798 1396 842 1427 Et
872 1395 983 1432 eidem,
1013 1405 1071 1436 per
1100 1394 1298 1426 solucionem
1334 1395 1454 1426 factam
1488 1417 1494 1426 -.

402 1446 554 1486 magistro
576 1444 685 1476 David
707 1444 842 1483 Guthre,
857 1448 935 1476 tunc
956 1447 1179 1485 computorum
1198 1444 1374 1482 rotulatori,
1396 1454 1454 1486 per
1492 1443 1494 1445 ’

187 1519 352 1548 Respondebit
401 1494 626 1526 liberacionem
641 1496 663 1527 J
666 1494 800 1527 ohannis
816 1494 855 1525 de
875 1494 1030 1530 Moravia,
1052 1493 1122 1533 ipso
1145 1493 1267 1525 fatente
1289 1497 1453 1534 receptum
1508 1493 1512 1496 ’

186 1549 286 1572 Guthre.
400 1554 496 1585 super
519 1548 714 1585 computum,
737 1543 793 1584 viij
817 1543 849 1574 fi.
873 1543 928 1584 viij
951 1543 990 1580 (1.,
1017 1553 1074 1583 pro
1097 1543 1214 1583 quibus
1238 1543 1450 1584 respondebit.
1504 1548 1508 1558 ²

401 1593 460 1634 [To
485 1594 605 1626 Guthre
627 1595 686 1634 for
707 1593 878 1630 lwusehold,
901 1593 999 1624 :3182
1020 1593 1063 1623 33.
1086 1592 1151 1632 fid]
1197 1592 1239 1623 Et
1261 1592 1373 1629 eidem,
1396 1602 1454 1633 per

399 1643 596 1675 solucionem
618 1644 736 1674 factam
759 1643 844 1674 dicto
867 1642 1010 1673 Johanni
1034 1641 1072 1672 de
1096 1641 1242 1672 Moravia
1262 1641 1296 1672 in
1318 1641 1450 1682 plenam

402 1692 598 1724 solucionem
627 1692 855 1733 septemdecim
877 1691 1033 1722 librarum
1056 1694 1088 1722 et
1111 1690 1253 1731 quinque
1277 1690 1450 1722 solidorum
1503 1726 1507 1730 ⁴

401 1752 484 1773 anno
500 1742 689 1783 precedente
704 1741 766 1772 sibi
781 1741 969 1778 debitorum,
981 1744 1019 1771 ut
1030 1743 1119 1781 patet
1130 1740 1165 1771 in
1177 1743 1326 1780 computo
1343 1750 1450 1781 prece·
1499 1755 1502 1758 ·

400 1792 504 1829 dente,
521 1792 672 1833 magistro
694 1791 879 1822 Alexandro
903 1790 942 1821 de
968 1789 1121 1828 Moravia,
1137 1789 1206 1831 ejus
1229 1789 1305 1827 filio,
1327 1789 1450 1821 fatente
1488 1796 1505 1830 ζ,

398 1845 563 1882 receptum
586 1851 682 1882 super
704 1842 900 1882 computum,
916 1850 938 1870 x
952 1839 984 1870 11.
1001 1839 1032 1880 vj
1051 1844 1073 1871 s.
1087 1840 1100 1880 j
1118 1839 1147 1870 d.
1192 1839 1236 1870 Et
1258 1838 1370 1877 eidem,
1392 1848 1450 1880 per
1490 1865 1494 1880 ,.

398 1891 594 1923 solucionem
623 1891 743 1922 factam
779 1890 864 1921 dicto
901 1889 1052 1931 magistro
1089 1888 1197 1920 David
1227 1888 1353 1920 Guthre
1392 1898 1448 1930 per
1543 1894 1545 1900 ’

398 1941 621 1972 vendicionem
650 1939 766 1981 viginti
789 1940 932 1980 quinque
955 1948 1123 1970 vaccarum
1149 1938 1309 1969 dictarum
1332 1937 1448 1978 bowky
1534 1972 1539 1975 ,

399 1994 431 2022 et
461 1990 629 2021 duodecim
657 1992 834 2020 marterum
869 1988 1028 2020 dictarum
1058 1988 1196 2029 fogmart
1224 1989 1257 2018 et
1286 1986 1446 2023 fulemart‚
1487 1982 1494 1995 ’“
1550 1984 1551 1987 ’

397 2044 528 2072 centum
544 2039 727 2080 octuaginta
742 2048 904 2080 agnorum,
920 2038 1062 2079 precium
1078 2037 1166 2078 pecie
1187 2037 1226 2068 de
1249 2037 1279 2068 le
1302 2036 1445 2068 bowkow

397 2089 513 2130 viginti
529 2089 591 2120 duo
607 2088 708 2126 solidi,
723 2088 867 2129 precium
883 2090 983 2119 marte
1000 2087 1168 2118 duodecim
1184 2085 1287 2122 solidi,
1301 2085 1446 2127 precium
1478 2096 1484 2101 ·

398 2139 472 2180 agni
487 2138 655 2170 duodecim
673 2137 805 2174 denarii,
821 2136 918 2168 vendi
936 2146 1062 2168 summa
1085 2135 1231 2168 extendit
1251 2135 1291 2166 ad
1311 2134 1444 2176 quadra·
1488 2130 1497 2140 ²

395 2188 486 2229 ginta
501 2191 637 2229 quatuor
652 2187 750 2218 libras
765 2190 798 2218 et
813 2185 1054 2227 quatuordecim
1068 2185 1194 2222 solidos,
1209 2185 1278 2226 ipso
1294 2183 1444 2226 magistro
1483 2158 1530 2249 ἒ
