1551 2462
199 320 246 342 Res
265 320 365 344 ondebit

200 327 300 373 Gutffire.

417 223 479 254 574
729 223 894 255 ROTULI
918 222 1152 255 SCACOARH
1373 226 1463 257 1468.
1498 239 1502 243 ·
1545 254 1548 276 t

415 315 618 348 Drummond
634 316 673 348 de
688 316 825 348 termino
842 316 952 348 Sancti
967 316 1103 348 Martini
1118 316 1242 354 ultimo,
1257 316 1327 357 ipso
1343 315 1464 348 fatente

414 369 579 406 receptum
594 376 690 407 super
705 369 901 407 computum,
922 377 967 397 xx
982 366 1013 397 112
1038 376 1095 407 pro
1118 365 1235 407 quibus
1253 365 1464 406 respondebit.

414 415 457 446 Et
479 415 644 446 Fratribus
667 415 922 446 Predicatoribus
946 415 985 446 (16
1009 415 1192 456 Striveling,
1214 415 1464 456 percipientibus

414 465 582 496 annuatim
598 465 707 496 decem
722 465 819 496 libras
834 465 874 496 de
887 465 979 496 terris
996 465 1035 496 de
1048 465 1126 496 Row
1139 465 1223 496 infra
1235 464 1414 496 dominium
1425 464 1465 496 de
1545 497 1549 506 r

413 517 583 548 Mentethe
599 527 639 548 ex
655 517 821 548 elimosina.
842 517 895 557 pie
915 516 1067 548 memorie
1088 516 1171 558 regis
1195 516 1310 548 Jacobi
1324 515 1464 553 secundi,
1485 542 1488 547 .
1545 517 1548 549 ζ

414 570 452 597 ut
461 570 550 607 patet
565 567 599 598 in
611 567 723 598 rotulis
736 566 987 607 precedentibus,
997 566 1036 597 de
1046 576 1129 597 anno
1142 566 1293 607 computi,
1306 577 1328 597 x
1343 565 1375 597 fi„
1422 565 1466 597 Et

415 616 527 652 eidem,
542 626 599 656 per
613 616 837 648 liberacionem
854 616 972 647 factam
988 615 1153 647 Willelmo
1166 615 1204 646 de
1216 615 1465 653 Edmonstoune,
1492 611 1493 614 '

415 665 540 697 custodi
555 666 651 697 castri
666 665 706 696 de
722 666 846 703 Doune,
861 675 918 706 pro
939 665 1083 697 custodia
1105 664 1257 706 ejusdem,
1272 663 1462 706 percipienti

415 715 583 746 annuatim
607 715 817 756 quadraginta
835 725 957 746 marcas
980 714 1020 746 de
1043 714 1142 745 firmis
1165 714 1205 745 de
1227 713 1465 755 Garthingavir,
1491 727 1497 733 ἢ

415 764 555 805 Argady,
585 765 763 796 molendini
800 764 839 795 de
872 765 996 802 Doune,
1026 764 1161 805 piscaria
1191 764 1373 801 earundem,
1402 763 1463 794 sub

414 814 557 855 periculo
573 814 788 855 computantis
804 813 843 845 de
859 824 942 845 anno
959 814 1109 854 computi,
1125 814 1202 854 xxvj
1214 813 1245 844 11.
1263 813 1318 854 xiij
1336 817 1359 844 ἔ.
1376 812 1422 853 iiij
1435 812 1465 844 d.

414 863 457 894 Et
483 863 612 901 eisdem,
637 863 676 895 de
701 864 800 895 firmis
827 867 983 895 terrarum
1010 863 1050 894 de
1074 863 1245 903 Offrennys
1271 862 1311 893 (16
1342 862 1485 907 8011116.

414 915 545 954 gartane
569 923 642 944 cum
665 913 782 954 quibus
806 915 994 953 computans
1021 912 1168 953 superius
1193 914 1350 949 oneratur,
1367 921 1407 943 ex
1429 921 1466 943 eo
1486 939 1491 943 Δ

414 962 500 1002 quod
516 965 592 993 sunt
610 962 644 992 in
667 962 816 993 manibus
838 962 910 993 Ade
934 962 1072 993 Cosoure
1095 971 1152 1002 per
1174 963 1295 992 cartam
1317 961 1408 1002 regis,
1424 961 1464 993 de

414 1011 499 1042 dicto
516 1022 608 1049 anno,
621 1012 654 1053 iij
672 1012 704 1044 fi.
722 1012 753 1053 vj
771 1016 793 1043 s.
810 1011 866 1053 viij
889 1011 918 1043 d.
958 1012 1001 1042 Et
1016 1011 1129 1046 eidem,
1141 1011 1180 1042 de
1192 1010 1292 1042 firmis
1308 1014 1465 1042 terrarum
1487 1024 1491 1031 ·

414 1060 454 1091 de
477 1060 655 1101 BochopiU,
678 1061 890 1092 existencium
917 1060 952 1091 iu
974 1060 1122 1091 manibus
1148 1060 1274 1091 heredis
1304 1055 1477 1101 quondam'

415 1110 547 1141 Rober‘ti
583 1111 690 1151 Norry
714 1110 904 1141 hereditarie
926 1109 961 1140 in
985 1109 1187 1141 excambium
1217 1119 1274 1150 pro
1303 1109 1396 1140 terris
1425 1108 1465 1140 de

414 1159 445 1190 le
461 1160 551 1191 Frew
567 1170 607 1191 ex
622 1160 824 1191 concessione
845 1159 928 1200 regis
950 1159 972 1190 J
974 1159 1065 1190 acobi
1094 1159 1234 1196 secundi,
1257 1162 1295 1190 ut
1318 1162 1408 1200 patet
1429 1159 1465 1189 in

414 1259 457 1289 Et
478 1259 591 1296 eidem,
606 1269 663 1300 pro
685 1259 777 1290 feodo
796 1259 818 1290 J
820 1259 955 1290 ohannis
973 1259 1003 1289 16
1028 1258 1178 1295 Grabam,
1194 1257 1253 1289 filii
1275 1257 1401 1289 comitis
1425 1256 1465 1289 de

414 1307 574 1346 Menteth,
589 1308 794 1349 percipientis
811 1308 979 1339 annuatim
994 1308 1111 1349 viginti
1128 1317 1248 1339 marcas
1263 1307 1303 1338 (16
1318 1307 1410 1338 terris
1425 1306 1465 1338 (16

414 1357 567 1397 Kippane
582 1368 639 1398 per
653 1357 763 1389 literas
779 1357 861 1398 regis
878 1357 937 1388 sub
953 1357 1078 1398 privato
1093 1356 1207 1398 sigillo,
1217 1356 1256 1388 de
1269 1357 1354 1388 dicto
1370 1360 1478 1395 anno,⁴

414 1407 471 1447 xiij
488 1406 520 1438 11.
536 1407 568 1447 vj
586 1412 608 1438 s.
626 1407 681 1448 viij
699 1407 728 1438 d.
774 1407 817 1437 Et
833 1406 945 1444 eidem,
960 1417 1017 1448 per
1032 1407 1225 1448 superfluam
1246 1406 1465 1437 oneracionem
1492 1443 1494 1445 ‚

415 1459 572 1487 terrarum
588 1456 627 1487 de
639 1456 780 1493 Couach‚
790 1466 830 1487 ex
843 1466 879 1487 6ο
895 1456 980 1496 quod
993 1456 1077 1487 dicte
1093 1460 1175 1487 terre
1188 1466 1251 1487 non
1262 1455 1466 1496 reperiuntur
1479 1474 1488 1501 ν.
1539 1461 1543 1488 j

414 1505 449 1536 in
472 1505 596 1542 rentafi,
612 1505 652 1536 (16
668 1505 753 1536 dicto
774 1516 866 1543 anno,
882 1506 914 1546 vj
932 1510 955 1537 ἑ.
973 1506 1028 1546 viij
1046 1505 1074 1536 d.
1120 1506 1163 1536 Et
1178 1505 1290 1542 eidem,
1311 1504 1350 1535 de
1365 1504 1466 1536 firmis
1483 1525 1487 1528 -
1537 1496 1543 1522 ·“

416 1557 573 1585 terrarum
597 1555 697 1595 partis
722 1554 853 1586 dimidie
877 1565 971 1596 parce
995 1555 1034 1585 de
1059 1554 1174 1585 Doune
1198 1554 1350 1595 deputate
1375 1557 1478 1594 vaste
1539 1586 1543 1596 Ι

415 1614 472 1645 pro
489 1605 563 1635 feris
579 1604 754 1645 pascendis,
765 1604 803 1635 de
816 1604 900 1635 dicto
912 1614 1004 1641 anno,
1020 1614 1064 1634 xx
1076 1607 1098 1634 ἔ.
1138 1604 1180 1634 Et
1192 1603 1303 1640 eidem,
1313 1603 1352 1634 de
1365 1596 1464 1634 firmis
1491 1624 1494 1626 v
1535 1604 1541 1637 ἰ

415 1657 571 1684 terrarum
588 1654 628 1685 de
644 1654 778 1694 Lagane,
793 1653 927 1690 Duffois,
943 1653 1230 1694 Drumhagartane,
1254 1651 1482 1694 Strononych‚†
1539 1663 1541 1673 ¹

416 1706 449 1734 et
487 1703 674 1739 Glenmane,
705 1702 940 1743 deputatarum,
970 1713 1110 1734 unacum
1147 1712 1213 1733 una
1249 1705 1390 1733 marcata
1425 1701 1465 1733 de
1490 1710 1494 1715 ·
1533 1699 1542 1719 ‘¹

416 1752 656 1789 Auchinharde,
666 1752 790 1783 duabus
806 1752 954 1783 marcatis
970 1752 1009 1783 (16
1027 1751 1290 1792 Westirbrigend,
1302 1755 1464 1782 vastarum
1536 1790 1537 1796 ἵ

416 1812 473 1843 pro
489 1802 608 1832 foresta
630 1800 753 1832 domini
774 1801 866 1842 regis,
882 1801 921 1832 de
943 1801 1074 1842 speciali
1097 1801 1248 1832 mandato
1267 1800 1411 1841 ejusdem
1431 1802 1483 1831 et·
1530 1811 1536 1827 -’

416 1851 618 1882 dominorum
629 1851 667 1881 de
677 1850 820 1887 concilio,
831 1850 869 1882 de
880 1850 964 1881 dicto
975 1861 1068 1888 anno,
1077 1851 1122 1891 xij
1134 1850 1165 1881 fi.
1197 1850 1240 1881 Et
1249 1850 1360 1887 eidem,
1370 1859 1463 1893 prop-
1487 1843 1489 1847 ¹
1537 1845 1540 1851 ’

415 1904 466 1931 ter
483 1900 668 1931 vastitatem
684 1903 837 1931 terrarum
862 1900 902 1931 de
924 1899 1230 1941 Dalquhappagach,
1247 1895 1478 1941 Cragintulye‚⁷
1530 1928 1541 1945 ⁴:

417 1949 632 1990 Cragintoare,
644 1949 678 1980 in
688 1949 830 1980 dominio
840 1949 879 1981 de
889 1949 1148 1990 Buchquhidder,
1158 1953 1196 1980 ut
1206 1952 1296 1990 patet
1305 1949 1339 1980 in
1349 1947 1463 1980 rentali
1525 1951 1535 1988 J

417 2097 463 2138 iiij
480 2097 510 2128 d.
555 2097 598 2128 Et
613 2097 725 2134 eidem,
740 2107 798 2138 per
813 2097 1008 2128 solucionem
1024 2096 1141 2128 factam
1159 2096 1270 2128 Colino
1293 2096 1402 2128 comiti
1423 2090 1489 2127 de(
1516 2118 1523 2131 -.

417 2146 524 2187 Ergile
546 2146 675 2178 domino
703 2146 844 2185 CambeL
859 2146 1011 2188 magistro
1037 2146 1171 2187 hospicii
1196 2146 1286 2188 regis,
1302 2146 1341 2178 de
1364 2145 1461 2178 firmis
1512 2164 1515 2170 2
1534 2163 1535 2166 ¹
