1551 2462
139 918 285 950 Camera-

135 962 203 994 rius
219 963 258 993 de

137 1006 228 1037 Marr
245 1005 283 1037 de

138 1049 307 1081 Garviach.

358 333 375 361 4
382 333 420 361 60
669 330 835 363 ROTULI
859 329 1096 362 SOACCARH
1318 335 1332 363 1
1339 333 1408 365 46⁷.

355 424 525 465 signorum,
555 427 587 456 et
617 435 783 465 caponum,
807 424 846 455 de
876 424 992 455 ultimo
1019 435 1103 456 anno
1130 424 1228 466 hujus
1256 427 1409 467 computi,
1465 424 1471 429 ’
1503 425 1507 428 “

353 475 588 515 particulariter
615 474 836 506 examinatum
863 485 958 515 super
985 478 1182 516 computum,
1206 485 1228 506 v
1243 475 1348 508 celdre
1373 477 1409 508 ix

355 524 446 555 holle.
493 524 624 556 Summa
641 534 864 565 expensarum,
881 523 942 565 vj¹⁸
957 524 991 564 iij
1010 524 1114 555 celdre
1130 525 1165 555 ix
1182 524 1266 556 bolle
1274 525 1287 566 j
1304 535 1406 566 pecca.

353 574 395 605 Et
425 574 471 605 sic
497 575 741 615 superexposuit
765 577 954 615 computans
981 574 1015 605 xl
1042 574 1164 606 celdras
1185 574 1198 615 j
1226 574 1345 606 bollam
1371 575 1406 616 iij

353 624 483 655 ferlotas
511 625 523 662 j
555 634 685 665 peccam
708 633 892 655 avenarum.
937 623 988 654 De
1015 623 1141 664 quibus,
1164 624 1300 656 allocate
1323 635 1407 656 com-

353 674 483 714 putanti
508 674 544 704 in
577 677 727 714 computo
757 673 892 714 pecunie
919 673 1066 714 superius
1093 674 1262 715 descripto,
1293 675 1405 716 xxxvij

353 722 457 754 celdre
470 723 525 763 viij
543 719 628 754 boile
644 732 824 753 avenarum.
871 722 914 753 Et
929 723 974 753 sic
991 733 1226 764 superexpense
1237 733 1292 755 sue
1303 723 1406 756 solum

353 772 533 804 extendunt
562 772 603 803 ad
632 773 655 813 ij
687 772 808 804 celdras
839 771 872 802 ix
903 771 1004 803 bonas
1027 772 1062 813 iij
1088 772 1218 804 ferlotas
1238 774 1251 814 j
1277 784 1406 814 peccam

353 832 535 860 avenarum,
551 832 614 863 que
630 821 692 853 sibi
708 822 873 853 debentur.

396 921 593 961 Computum
621 920 800 952 Alexandri
824 920 919 961 Lesly
942 920 981 951 de
1013 921 1212 962 Balquhane,
1240 923 1406 954 camerarii

352 971 563 1002 comitatuum
579 971 618 1002 de
633 971 723 1001 Mart
739 974 772 1001 et
795 970 964 1008 Garviach,
981 971 1099 1011 [Pertlz,
1122 972 1167 1002 12
1188 971 1274 1002 June
1295 972 1406 1013 1467]‚

351 1031 407 1062 per
437 1021 545 1052 firmas
569 1024 603 1052 et
626 1020 770 1051 redditus
797 1020 955 1051 dictorum
982 1021 1193 1052 comitatuum
1214 1025 1246 1052 et
1269 1022 1405 1053 aliarum

351 1074 506 1101 terrarum
523 1071 783 1111 subscriptarum,
800 1080 818 1101 a
841 1070 891 1101 die
907 1070 1060 1101 introitus
1076 1071 1126 1102 sui
1142 1071 1177 1102 in
1192 1071 1278 1103 dicto
1294 1072 1405 1110 officio,

351 1120 502 1152 videlicet
531 1121 683 1152 vicesimo
707 1120 854 1151 Octobris
878 1120 955 1151 anni
979 1120 1111 1152 Domini
1134 1124 1191 1152 etc.
1216 1122 1405 1163 sexagesimi

352 1171 444 1208 sexti,
469 1181 571 1211 usque
601 1171 636 1201 in
667 1170 752 1201 diem
775 1170 871 1211 hujus
898 1171 1050 1211 computi,
1073 1174 1106 1202 et
1136 1171 1181 1202 sic
1212 1171 1250 1203 de
1281 1172 1405 1204 duobus

351 1220 497 1251 terminis
522 1220 671 1252 videlicet
695 1220 811 1251 Sancte
835 1220 970 1251 Martini
1000 1223 1033 1252 et
1056 1220 1283 1253 Penthecostes
1319 1222 1404 1254 infra

350 1270 411 1302 hoc
427 1274 622 1311 computum.

395 1320 488 1351 Idem
514 1323 625 1351 onerat
651 1330 685 1351 se
709 1320 744 1351 in
769 1319 882 1361 primis
906 1320 944 1351 de
968 1319 1018 1361 j⁶x
1047 1320 1080 1352 fi.
1111 1321 1143 1361 vj
1168 1325 1190 1352 ἔ.
1215 1321 1270 1362 viij
1295 1321 1325 1354 d.
1348 1332 1405 1363 per

351 1371 491 1411 integras
507 1370 614 1401 firmas
631 1370 765 1401 dominii
787 1369 828 1401 de
851 1369 1028 1408 Strathdee,
1051 1371 1222 1402 comitatus
1244 1371 1284 1402 de
1307 1371 1403 1409 Marr,

351 1421 390 1452 de
407 1421 531 1451 duobus
546 1420 693 1451 terminis
716 1419 812 1460 hujus
835 1419 984 1460 computi.
1031 1420 1074 1451 Et
1096 1420 1135 1451 de
1155 1419 1274 1462 j⁰1xviij
1292 1420 1324 1452 ri.
1347 1431 1404 1462 per

350 1471 489 1510 integras
506 1470 613 1500 firmas
630 1469 764 1501 dominii
780 1469 818 1500 de
841 1468 1034 1500 Strathdone
1057 1469 1135 1500 dicti
1156 1470 1326 1502 comitatus
1348 1481 1404 1512 per

350 1520 436 1550 idem
460 1523 596 1560 tempus.
642 1519 684 1550 Et
699 1519 738 1549 de
754 1518 881 1559 lxxxxij
898 1518 929 1549 Ti.
947 1518 1001 1559 xvj
1018 1522 1040 1550 ἕ.
1059 1519 1114 1560 viij
1131 1519 1160 1550 d.
1184 1530 1242 1560 per
1263 1520 1402 1562 integras

350 1569 457 1600 firmas
481 1568 617 1599 dominii
638 1567 678 1599 de
702 1567 869 1599 Groomarr
892 1567 931 1598 de
954 1567 1074 1599 eisdem
1097 1569 1250 1600 terminis.
1297 1570 1340 1601 Et
1362 1570 1401 1601 de

349 1618 383 1659 iij
403 1622 424 1649 Ξ,
441 1618 488 1658 iiij
506 1617 536 1649 d.
552 1617 726 1648 croftarum
742 1617 834 1658 burgi
856 1616 896 1648 de
918 1616 1159 1659 Kyndrummy,
1182 1618 1400 1650 assedatarum

349 1668 511 1709 quondam
532 1666 660 1698 domino
687 1666 872 1698 Alexandro
903 1666 997 1707 Yong
1019 1666 1053 1697 in
1076 1667 1254 1699 feodifirma
1276 1672 1309 1700 et
1332 1670 1401 1710 ejus

348 1717 526 1748 heredibus.
573 1716 707 1748 Summa
722 1716 819 1757 hujus
835 1716 948 1753 oneris,
964 1716 1082 1757 iij²1xxj
1098 1717 1130 1749 11
1149 1718 1179 1759 vj
1197 1722 1219 1749 ἓ.
1238 1718 1293 1760 viij
1310 1719 1340 1750 d.

392 1768 486 1804 Item,
502 1767 588 1798 idem
603 1770 714 1798 onerat
729 1776 763 1797 se
779 1766 817 1797 de
834 1766 912 1797 xxix
928 1765 960 1797 ii.
977 1767 1007 1807 vj
1025 1771 1048 1798 Ξ.
1065 1767 1120 1808 viij
1138 1767 1167 1798 d.
1184 1778 1241 1809 per
1260 1768 1400 1810 integras

349 1817 455 1847 firmas
472 1816 605 1847 dominii
623 1816 662 1847 de
679 1815 778 1846 Coule
794 1818 826 1846 et
843 1815 946 1853 Oneil,
967 1809 1037 1856 que'
1052 1820 1128 1847 sunt
1144 1817 1183 1848 de
1206 1818 1400 1858 proprietate

348 1866 470 1897 domini
492 1866 582 1906 regis,
599 1865 638 1897 de
662 1865 785 1896 duobus
808 1865 954 1896 terminis
978 1865 1075 1906 hujus
1098 1867 1248 1908 computi.
1293 1867 1336 1899 Et
1359 1868 1400 1900 de

347 1927 369 1947 x
385 1916 416 1947 u.
434 1926 489 1957 per
505 1916 644 1956 integras
660 1915 766 1946 firmas
782 1917 939 1946 terrarum
960 1914 999 1946 de
1022 1915 1209 1957 Aberyeldy
1224 1916 1263 1948 de
1280 1917 1399 1948 eisdem

347 1966 541 2006 proprietate
557 1968 589 1996 et
603 1964 757 1996 terminis.
803 1964 846 1994 Et
861 1964 901 1995 de
915 1975 938 1994 x
953 1963 984 1995 fi.
1002 1963 1041 1995 de
1057 1964 1158 1996 firmis
1179 1969 1337 1997 terrarum
1359 1966 1398 1998 de
1449 1976 1452 1977 ⁷
1502 1963 1503 1966 '

346 2015 588 2047 Kinninmonth
614 2018 647 2045 et
668 2014 852 2045 Bouehrum
876 2013 914 2044 de
930 2013 1050 2045 eisdem
1069 2014 1222 2048 terminis,
1267 2015 1399 2047 Summa

346 2066 443 2107 hujus
459 2065 570 2102 oneris,
587 2064 656 2095 xlix
671 2063 702 2095 li.
721 2064 750 2105 vj
768 2068 790 2095 ἔ.
808 2063 864 2104 viij
881 2062 911 2095 d.

391 2115 484 2152 Item,
515 2115 601 2146 idem
627 2117 738 2145 onerat
765 2124 798 2145 se
825 2113 864 2144 de
888 2112 1053 2154 j⁰xxvij1i.
1079 2124 1122 2144 xv
1138 2117 1160 2145 ἔ.
1178 2124 1235 2155 per
1257 2114 1396 2156 integras

346 2165 453 2195 firmas
478 2164 647 2195 comitatus
669 2163 709 2194 de
736 2162 896 2194 Garviach
922 2172 979 2203 per
1001 2162 1086 2193 idem
1112 2166 1248 2204 tempus.
1293 2164 1336 2195 Et
1358 2164 1397 2195 de

346 2214 390 2254 xij
423 2213 658 2244 columbaribus
686 2213 780 2243 dictis
807 2212 1011 2243 hundcolaris
1034 2212 1106 2244 albe
1132 2213 1223 2245 firme
1249 2216 1331 2245 terre
1357 2213 1396 2245 de

346 2263 498 2294 Blakhau
514 2263 552 2294 de
568 2263 705 2294 termino
722 2262 948 2294 Penthecostes
961 2262 1044 2294 infra
1060 2266 1253 2304 computum.
1300 2263 1342 2294 Et
1357 2262 1396 2294 de
