<?xml version="1.0" encoding="UTF-8"?>
<!DOCTYPE html PUBLIC "-//W3C//DTD XHTML 1.0 Transitional//EN"
    "http://www.w3.org/TR/xhtml1/DTD/xhtml1-transitional.dtd">
<html xmlns="http://www.w3.org/1999/xhtml" xml:lang="en" lang="en">
 <head>
  <title>
</title>
<meta http-equiv="Content-Type" content="text/html;charset=utf-8" />
  <meta name='ocr-system' content='tesseract 3.04.00' />
  <meta name='ocr-capabilities' content='ocr_page ocr_carea ocr_par ocr_line ocrx_word'/>
</head>
<body>
  <div class='ocr_page' id='page_1' title='image "./rotuliscaccariir07scot_0130.png"; bbox 0 0 1551 2462; ppageno 0'>
   <div class='ocr_carea' id='block_1_1' title="bbox 174 820 333 853">
    <p class='ocr_par' dir='ltr' id='par_1_1' title="bbox 174 820 333 853">
     <span class='ocr_line' id='line_1_1' title="bbox 174 820 333 853; baseline 0.013 -2"><span class='ocrx_word' id='word_1_1' title='bbox 174 820 333 853; x_wconf 72' lang='lat' dir='ltr'>Menteth.</span> 
     </span>
    </p>
   </div>
   <div class='ocr_carea' id='block_1_2' title="bbox 357 280 1438 325">
    <p class='ocr_par' dir='ltr' id='par_1_2' title="bbox 357 280 1438 325">
     <span class='ocr_line' id='line_1_2' title="bbox 357 280 1438 325; baseline 0.002 -15"><span class='ocrx_word' id='word_1_2' title='bbox 357 323 359 325; x_wconf 26' lang='grc' dir='ltr'>Ι</span> <span class='ocrx_word' id='word_1_3' title='bbox 392 282 430 310; x_wconf 84' lang='grc'>52</span> <span class='ocrx_word' id='word_1_4' title='bbox 693 280 857 312; x_wconf 79' lang='lat' dir='ltr'><strong>ROTULI</strong></span> <span class='ocrx_word' id='word_1_5' title='bbox 881 281 1118 313; x_wconf 77' lang='lat' dir='ltr'>SCAGOARH</span> <span class='ocrx_word' id='word_1_6' title='bbox 1348 283 1438 312; x_wconf 82' lang='lat'>1461.</span> 
     </span>
    </p>
   </div>
   <div class='ocr_carea' id='block_1_3' title="bbox 387 422 1440 2251">
    <p class='ocr_par' dir='ltr' id='par_1_3' title="bbox 389 422 1440 812">
     <span class='ocr_line' id='line_1_3' title="bbox 389 422 1440 463; baseline 0.002 -10"><span class='ocrx_word' id='word_1_7' title='bbox 389 422 424 463; x_wconf 83' lang='lat' dir='ltr'>iij</span> <span class='ocrx_word' id='word_1_8' title='bbox 441 427 576 454; x_wconf 83' lang='lat' dir='ltr'>mutoun</span> <span class='ocrx_word' id='word_1_9' title='bbox 586 427 742 455; x_wconf 78' lang='lat' dir='ltr'>terrarum</span> <span class='ocrx_word' id='word_1_10' title='bbox 759 424 797 454; x_wconf 89' lang='lat' dir='ltr'>de</span> <span class='ocrx_word' id='word_1_11' title='bbox 813 424 1019 456; x_wconf 81' lang='lat' dir='ltr'>Achinharde</span> <span class='ocrx_word' id='word_1_12' title='bbox 1035 425 1074 456; x_wconf 90' lang='lat' dir='ltr'>de</span> <span class='ocrx_word' id='word_1_13' title='bbox 1087 425 1181 456; x_wconf 76' lang='lat' dir='ltr'>dietis</span> <span class='ocrx_word' id='word_1_14' title='bbox 1197 424 1350 455; x_wconf 84' lang='lat' dir='ltr'>terminis.</span> <span class='ocrx_word' id='word_1_15' title='bbox 1396 424 1440 455; x_wconf 73' lang='lat' dir='ltr'>Et</span> 
     </span>
     <span class='ocr_line' id='line_1_4' title="bbox 390 472 1439 515; baseline 0.002 -12"><span class='ocrx_word' id='word_1_16' title='bbox 390 472 430 503; x_wconf 90' lang='lat' dir='ltr'>de</span> <span class='ocrx_word' id='word_1_17' title='bbox 452 472 519 513; x_wconf 84' lang='lat' dir='ltr'>xlvj</span> <span class='ocrx_word' id='word_1_18' title='bbox 538 477 560 504; x_wconf 89' lang='lat'>5.</span> <span class='ocrx_word' id='word_1_19' title='bbox 586 473 641 513; x_wconf 88' lang='lat' dir='ltr'>viij</span> <span class='ocrx_word' id='word_1_20' title='bbox 669 474 698 504; x_wconf 76' lang='lat' dir='ltr'>d.</span> <span class='ocrx_word' id='word_1_21' title='bbox 722 474 734 514; x_wconf 86' lang='lat' dir='ltr'><strong>j</strong></span> <span class='ocrx_word' id='word_1_22' title='bbox 761 474 846 504; x_wconf 83' lang='lat' dir='ltr'>bolla</span> <span class='ocrx_word' id='word_1_23' title='bbox 876 474 963 505; x_wconf 83' lang='lat' dir='ltr'>ordei</span> <span class='ocrx_word' id='word_1_24' title='bbox 984 475 997 515; x_wconf 87' lang='lat' dir='ltr'>j</span> <span class='ocrx_word' id='word_1_25' title='bbox 1025 479 1138 505; x_wconf 78' lang='lat' dir='ltr'>muton</span> <span class='ocrx_word' id='word_1_26' title='bbox 1169 478 1325 505; x_wconf 76' lang='lat' dir='ltr'>terrarum</span> <span class='ocrx_word' id='word_1_27' title='bbox 1348 473 1387 504; x_wconf 84' lang='lat' dir='ltr'>de</span> <span class='ocrx_word' id='word_1_28' title='bbox 1408 473 1439 504; x_wconf 85' lang='lat' dir='ltr'>le</span> 
     </span>
     <span class='ocr_line' id='line_1_5' title="bbox 389 522 1438 564; baseline 0.002 -12"><span class='ocrx_word' id='word_1_29' title='bbox 389 522 523 553; x_wconf 81' lang='lat' dir='ltr'>Dowart</span> <span class='ocrx_word' id='word_1_30' title='bbox 538 522 577 553; x_wconf 87' lang='lat' dir='ltr'>de</span> <span class='ocrx_word' id='word_1_31' title='bbox 593 523 678 553; x_wconf 78' lang='lat' dir='ltr'>dicto</span> <span class='ocrx_word' id='word_1_32' title='bbox 693 533 786 554; x_wconf 84' lang='lat' dir='ltr'>anno.</span> <span class='ocrx_word' id='word_1_33' title='bbox 831 523 873 554; x_wconf 76' lang='lat' dir='ltr'>Et</span> <span class='ocrx_word' id='word_1_34' title='bbox 888 523 927 554; x_wconf 89' lang='lat' dir='ltr'>de</span> <span class='ocrx_word' id='word_1_35' title='bbox 943 523 989 564; x_wconf 80' lang='lat' dir='ltr'>liij</span> <span class='ocrx_word' id='word_1_36' title='bbox 1007 528 1029 555; x_wconf 86' lang='lat'>5.</span> <span class='ocrx_word' id='word_1_37' title='bbox 1043 524 1090 564; x_wconf 83' lang='lat' dir='ltr'>iiij</span> <span class='ocrx_word' id='word_1_38' title='bbox 1103 524 1132 555; x_wconf 77' lang='lat' dir='ltr'>d.</span> <span class='ocrx_word' id='word_1_39' title='bbox 1145 524 1184 555; x_wconf 90' lang='lat' dir='ltr'>de</span> <span class='ocrx_word' id='word_1_40' title='bbox 1195 534 1300 555; x_wconf 78' lang='lat' dir='ltr'>annuo</span> <span class='ocrx_word' id='word_1_41' title='bbox 1310 523 1438 554; x_wconf 80' lang='lat' dir='ltr'>redditu</span> 
     </span>
     <span class='ocr_line' id='line_1_6' title="bbox 390 572 1438 614; baseline 0.002 -12"><span class='ocrx_word' id='word_1_42' title='bbox 390 575 546 603; x_wconf 78' lang='lat' dir='ltr'>terrarum</span> <span class='ocrx_word' id='word_1_43' title='bbox 562 572 601 603; x_wconf 86' lang='lat' dir='ltr'>de</span> <span class='ocrx_word' id='word_1_44' title='bbox 617 572 793 613; x_wconf 77' lang='lat' dir='ltr'>Glengelye</span> <span class='ocrx_word' id='word_1_45' title='bbox 809 573 848 604; x_wconf 84' lang='lat' dir='ltr'>de</span> <span class='ocrx_word' id='word_1_46' title='bbox 867 573 952 604; x_wconf 75' lang='lat' dir='ltr'>dicto</span> <span class='ocrx_word' id='word_1_47' title='bbox 975 584 1066 605; x_wconf 81' lang='lat' dir='ltr'>anno.</span> <span class='ocrx_word' id='word_1_48' title='bbox 1112 574 1154 605; x_wconf 81' lang='lat' dir='ltr'>Et</span> <span class='ocrx_word' id='word_1_49' title='bbox 1170 574 1209 605; x_wconf 86' lang='lat' dir='ltr'>de</span> <span class='ocrx_word' id='word_1_50' title='bbox 1225 574 1278 614; x_wconf 82' lang='lat' dir='ltr'>xvj</span> <span class='ocrx_word' id='word_1_51' title='bbox 1296 578 1318 604; x_wconf 99' lang='lat'>5.</span> <span class='ocrx_word' id='word_1_52' title='bbox 1336 574 1391 613; x_wconf 87' lang='lat' dir='ltr'>viij</span> <span class='ocrx_word' id='word_1_53' title='bbox 1409 573 1438 604; x_wconf 77' lang='lat' dir='ltr'>d.</span> 
     </span>
     <span class='ocr_line' id='line_1_7' title="bbox 390 621 1438 655; baseline 0.001 -3"><span class='ocrx_word' id='word_1_54' title='bbox 390 621 429 652; x_wconf 89' lang='lat' dir='ltr'>de</span> <span class='ocrx_word' id='word_1_55' title='bbox 454 632 560 653; x_wconf 86' lang='lat' dir='ltr'>annuo</span> <span class='ocrx_word' id='word_1_56' title='bbox 586 622 714 653; x_wconf 75' lang='lat' dir='ltr'>redditu</span> <span class='ocrx_word' id='word_1_57' title='bbox 738 627 894 654; x_wconf 80' lang='lat' dir='ltr'>terrarum</span> <span class='ocrx_word' id='word_1_58' title='bbox 917 624 956 654; x_wconf 85' lang='lat' dir='ltr'>de</span> <span class='ocrx_word' id='word_1_59' title='bbox 979 624 1081 654; x_wconf 78' lang='lat' dir='ltr'>Lettir</span> <span class='ocrx_word' id='word_1_60' title='bbox 1103 623 1142 655; x_wconf 89' lang='lat' dir='ltr'>de</span> <span class='ocrx_word' id='word_1_61' title='bbox 1165 623 1261 654; x_wconf 76' lang='lat' dir='ltr'>dictis</span> <span class='ocrx_word' id='word_1_62' title='bbox 1283 623 1438 654; x_wconf 79' lang='lat' dir='ltr'>terminis.</span> 
     </span>
     <span class='ocr_line' id='line_1_8' title="bbox 391 671 1437 714; baseline 0.002 -12"><span class='ocrx_word' id='word_1_63' title='bbox 391 671 522 702; x_wconf 80' lang='lat' dir='ltr'><strong>Summa</strong></span> <span class='ocrx_word' id='word_1_64' title='bbox 537 673 672 713; x_wconf 84' lang='lat' dir='ltr'>pecunie</span> <span class='ocrx_word' id='word_1_65' title='bbox 688 672 783 713; x_wconf 88' lang='lat' dir='ltr'>hujus</span> <span class='ocrx_word' id='word_1_66' title='bbox 806 673 918 710; x_wconf 85' lang='lat' dir='ltr'>oneris,</span> <span class='ocrx_word' id='word_1_67' title='bbox 941 673 975 704; x_wconf 93' lang='lat' dir='ltr'>lv</span> <span class='ocrx_word' id='word_1_68' title='bbox 995 673 1027 704; x_wconf 74' lang='lat' dir='ltr'>li.</span> <span class='ocrx_word' id='word_1_69' title='bbox 1043 674 1097 714; x_wconf 82' lang='lat' dir='ltr'>xvj</span> <span class='ocrx_word' id='word_1_70' title='bbox 1116 677 1138 704; x_wconf 90' lang='lat'>5.</span> <span class='ocrx_word' id='word_1_71' title='bbox 1157 673 1213 714; x_wconf 79' lang='lat' dir='ltr'>viij</span> <span class='ocrx_word' id='word_1_72' title='bbox 1231 673 1260 704; x_wconf 80' lang='lat' dir='ltr'>d.</span> <span class='ocrx_word' id='word_1_73' title='bbox 1306 673 1437 703; x_wconf 80' lang='lat' dir='ltr'><strong>Summa</strong></span> 
     </span>
     <span class='ocr_line' id='line_1_9' title="bbox 390 721 1438 763; baseline 0.001 -11"><span class='ocrx_word' id='word_1_74' title='bbox 390 721 477 752; x_wconf 87' lang='lat' dir='ltr'>ordei</span> <span class='ocrx_word' id='word_1_75' title='bbox 501 721 597 762; x_wconf 83' lang='lat' dir='ltr'>hujus</span> <span class='ocrx_word' id='word_1_76' title='bbox 624 722 736 759; x_wconf 81' lang='lat' dir='ltr'>oneris,</span> <span class='ocrx_word' id='word_1_77' title='bbox 757 723 770 762; x_wconf 81' lang='lat' dir='ltr'>j</span> <span class='ocrx_word' id='word_1_78' title='bbox 797 722 902 754; x_wconf 82' lang='lat' dir='ltr'>eeldra</span> <span class='ocrx_word' id='word_1_79' title='bbox 928 723 996 763; x_wconf 81' lang='lat' dir='ltr'>xiiij</span> <span class='ocrx_word' id='word_1_80' title='bbox 1022 723 1114 753; x_wconf 86' lang='lat' dir='ltr'>bolle.</span> <span class='ocrx_word' id='word_1_81' title='bbox 1161 723 1293 753; x_wconf 86' lang='lat' dir='ltr'><strong>Summa</strong></span> <span class='ocrx_word' id='word_1_82' title='bbox 1317 722 1438 753; x_wconf 80' lang='lat' dir='ltr'>farrine</span> 
     </span>
     <span class='ocr_line' id='line_1_10' title="bbox 389 771 1248 812; baseline 0.001 -10"><span class='ocrx_word' id='word_1_83' title='bbox 389 771 562 808; x_wconf 76' lang='lat' dir='ltr'>avenatioe,</span> <span class='ocrx_word' id='word_1_84' title='bbox 575 772 587 812; x_wconf 83' lang='lat' dir='ltr'>j</span> <span class='ocrx_word' id='word_1_85' title='bbox 606 771 711 802; x_wconf 84' lang='lat' dir='ltr'>celdra</span> <span class='ocrx_word' id='word_1_86' title='bbox 727 771 836 803; x_wconf 82' lang='lat' dir='ltr'>farine.</span> <span class='ocrx_word' id='word_1_87' title='bbox 883 772 1014 803; x_wconf 83' lang='lat' dir='ltr'>Summa</span> <span class='ocrx_word' id='word_1_88' title='bbox 1035 777 1158 809; x_wconf 78' lang='lat' dir='ltr'>muton,</span> <span class='ocrx_word' id='word_1_89' title='bbox 1173 783 1248 803; x_wconf 77' lang='lat' dir='ltr'>xxx.</span> 
     </span>
    </p>

    <p class='ocr_par' dir='ltr' id='par_1_4' title="bbox 387 821 1438 2251">
     <span class='ocr_line' id='line_1_11' title="bbox 434 821 1435 858; baseline 0.001 -7"><span class='ocrx_word' id='word_1_90' title='bbox 434 821 527 858; x_wconf 79' lang='lat' dir='ltr'>Item,</span> <span class='ocrx_word' id='word_1_91' title='bbox 551 821 636 852; x_wconf 87' lang='lat' dir='ltr'>idem</span> <span class='ocrx_word' id='word_1_92' title='bbox 657 825 768 852; x_wconf 77' lang='lat' dir='ltr'>onerat</span> <span class='ocrx_word' id='word_1_93' title='bbox 794 832 827 852; x_wconf 86' lang='lat' dir='ltr'>se</span> <span class='ocrx_word' id='word_1_94' title='bbox 851 832 873 852; x_wconf 92' lang='lat' dir='ltr'>v</span> <span class='ocrx_word' id='word_1_95' title='bbox 899 822 930 853; x_wconf 73' lang='lat' dir='ltr'>fi.</span> <span class='ocrx_word' id='word_1_96' title='bbox 957 822 996 853; x_wconf 88' lang='lat' dir='ltr'>de</span> <span class='ocrx_word' id='word_1_97' title='bbox 1021 822 1121 853; x_wconf 87' lang='lat' dir='ltr'>firmis</span> <span class='ocrx_word' id='word_1_98' title='bbox 1144 826 1300 853; x_wconf 77' lang='lat' dir='ltr'>terrarum</span> <span class='ocrx_word' id='word_1_99' title='bbox 1331 821 1435 853; x_wconf 86' lang='lat' dir='ltr'>medie</span> 
     </span>
     <span class='ocr_line' id='line_1_12' title="bbox 388 870 1437 911; baseline 0 -10"><span class='ocrx_word' id='word_1_100' title='bbox 388 871 489 911; x_wconf 81' lang='lat' dir='ltr'>partis</span> <span class='ocrx_word' id='word_1_101' title='bbox 518 871 557 902; x_wconf 86' lang='lat' dir='ltr'>de</span> <span class='ocrx_word' id='word_1_102' title='bbox 588 870 740 902; x_wconf 84' lang='lat' dir='ltr'>Rednaeh</span> <span class='ocrx_word' id='word_1_103' title='bbox 770 871 804 902; x_wconf 88' lang='lat' dir='ltr'>in</span> <span class='ocrx_word' id='word_1_104' title='bbox 831 871 972 902; x_wconf 88' lang='lat' dir='ltr'>dominio</span> <span class='ocrx_word' id='word_1_105' title='bbox 1002 871 1042 902; x_wconf 87' lang='lat' dir='ltr'>de</span> <span class='ocrx_word' id='word_1_106' title='bbox 1072 871 1222 902; x_wconf 84' lang='lat' dir='ltr'>Menteth</span> <span class='ocrx_word' id='word_1_107' title='bbox 1249 872 1288 903; x_wconf 88' lang='lat' dir='ltr'>de</span> <span class='ocrx_word' id='word_1_108' title='bbox 1313 871 1437 902; x_wconf 88' lang='lat' dir='ltr'>duobus</span> 
     </span>
     <span class='ocr_line' id='line_1_13' title="bbox 388 920 1438 961; baseline -0.001 -10"><span class='ocrx_word' id='word_1_109' title='bbox 388 920 534 951; x_wconf 84' lang='lat' dir='ltr'>terminis</span> <span class='ocrx_word' id='word_1_110' title='bbox 549 920 632 951; x_wconf 76' lang='lat' dir='ltr'>infra</span> <span class='ocrx_word' id='word_1_111' title='bbox 647 920 707 951; x_wconf 84' lang='lat' dir='ltr'>hoe</span> <span class='ocrx_word' id='word_1_112' title='bbox 723 924 913 961; x_wconf 78' lang='lat' dir='ltr'>compotum.</span> <span class='ocrx_word' id='word_1_113' title='bbox 959 921 1001 951; x_wconf 76' lang='lat' dir='ltr'>Et</span> <span class='ocrx_word' id='word_1_114' title='bbox 1017 921 1056 952; x_wconf 87' lang='lat' dir='ltr'>de</span> <span class='ocrx_word' id='word_1_115' title='bbox 1071 921 1104 961; x_wconf 84' lang='lat' dir='ltr'>xj</span> <span class='ocrx_word' id='word_1_116' title='bbox 1121 921 1153 952; x_wconf 70' lang='grc'>11</span> <span class='ocrx_word' id='word_1_117' title='bbox 1176 921 1231 961; x_wconf 81' lang='lat' dir='ltr'>xiij</span> <span class='ocrx_word' id='word_1_118' title='bbox 1250 925 1272 951; x_wconf 88' lang='lat'>5.</span> <span class='ocrx_word' id='word_1_119' title='bbox 1289 920 1335 961; x_wconf 86' lang='lat' dir='ltr'>iiij</span> <span class='ocrx_word' id='word_1_120' title='bbox 1353 920 1381 951; x_wconf 80' lang='lat' dir='ltr'>d.</span> <span class='ocrx_word' id='word_1_121' title='bbox 1399 920 1438 950; x_wconf 87' lang='lat' dir='ltr'>de</span> 
     </span>
     <span class='ocr_line' id='line_1_14' title="bbox 387 969 1438 1010; baseline 0 -10"><span class='ocrx_word' id='word_1_122' title='bbox 387 970 487 1001; x_wconf 81' lang='lat' dir='ltr'>firmis</span> <span class='ocrx_word' id='word_1_123' title='bbox 500 970 630 1001; x_wconf 79' lang='lat' dir='ltr'>alterius</span> <span class='ocrx_word' id='word_1_124' title='bbox 646 970 746 1010; x_wconf 74' lang='lat' dir='ltr'>partis</span> <span class='ocrx_word' id='word_1_125' title='bbox 769 970 808 1000; x_wconf 85' lang='lat' dir='ltr'>de</span> <span class='ocrx_word' id='word_1_126' title='bbox 832 970 982 1001; x_wconf 77' lang='lat' dir='ltr'>Rednaoh</span> <span class='ocrx_word' id='word_1_127' title='bbox 1007 970 1045 1001; x_wconf 83' lang='lat' dir='ltr'>de</span> <span class='ocrx_word' id='word_1_128' title='bbox 1061 970 1181 1001; x_wconf 80' lang='lat' dir='ltr'>eisdem</span> <span class='ocrx_word' id='word_1_129' title='bbox 1197 969 1349 1001; x_wconf 81' lang='lat' dir='ltr'>terminis.</span> <span class='ocrx_word' id='word_1_130' title='bbox 1395 969 1438 1000; x_wconf 78' lang='lat' dir='ltr'>Et</span> 
     </span>
     <span class='ocr_line' id='line_1_15' title="bbox 388 1018 1437 1060; baseline -0.001 -10"><span class='ocrx_word' id='word_1_131' title='bbox 388 1019 427 1050; x_wconf 89' lang='lat' dir='ltr'>de</span> <span class='ocrx_word' id='word_1_132' title='bbox 445 1020 488 1060; x_wconf 84' lang='lat' dir='ltr'>xij</span> <span class='ocrx_word' id='word_1_133' title='bbox 506 1019 600 1050; x_wconf 83' lang='lat' dir='ltr'>bouis</span> <span class='ocrx_word' id='word_1_134' title='bbox 616 1020 717 1050; x_wconf 79' lang='lat' dir='ltr'>farine</span> <span class='ocrx_word' id='word_1_135' title='bbox 733 1019 898 1050; x_wconf 83' lang='lat' dir='ltr'>avenatiee</span> <span class='ocrx_word' id='word_1_136' title='bbox 914 1020 953 1051; x_wconf 81' lang='lat' dir='ltr'>de</span> <span class='ocrx_word' id='word_1_137' title='bbox 976 1019 1076 1050; x_wconf 84' lang='lat' dir='ltr'>firmis</span> <span class='ocrx_word' id='word_1_138' title='bbox 1092 1019 1268 1050; x_wconf 79' lang='lat' dir='ltr'>molendini</span> <span class='ocrx_word' id='word_1_139' title='bbox 1284 1018 1437 1059; x_wconf 73' lang='lat' dir='ltr'>ejusdem·</span> 
     </span>
     <span class='ocr_line' id='line_1_16' title="bbox 388 1067 1438 1109; baseline -0.001 -10"><span class='ocrx_word' id='word_1_140' title='bbox 388 1069 430 1099; x_wconf 73' lang='lat' dir='ltr'>Et</span> <span class='ocrx_word' id='word_1_141' title='bbox 446 1069 485 1100; x_wconf 88' lang='lat' dir='ltr'>de</span> <span class='ocrx_word' id='word_1_142' title='bbox 500 1069 532 1109; x_wconf 80' lang='lat' dir='ltr'>xj</span> <span class='ocrx_word' id='word_1_143' title='bbox 557 1068 588 1099; x_wconf 77' lang='lat' dir='ltr'>fi.</span> <span class='ocrx_word' id='word_1_144' title='bbox 617 1069 647 1109; x_wconf 89' lang='lat' dir='ltr'>vj</span> <span class='ocrx_word' id='word_1_145' title='bbox 675 1073 698 1100; x_wconf 87' lang='lat'>5.</span> <span class='ocrx_word' id='word_1_146' title='bbox 726 1069 782 1109; x_wconf 81' lang='lat' dir='ltr'>viij</span> <span class='ocrx_word' id='word_1_147' title='bbox 810 1069 840 1099; x_wconf 81' lang='lat' dir='ltr'>d.</span> <span class='ocrx_word' id='word_1_148' title='bbox 868 1069 907 1099; x_wconf 87' lang='lat' dir='ltr'>de</span> <span class='ocrx_word' id='word_1_149' title='bbox 930 1069 1031 1100; x_wconf 85' lang='lat' dir='ltr'>firmis</span> <span class='ocrx_word' id='word_1_150' title='bbox 1052 1073 1211 1103; x_wconf 70' lang='lat' dir='ltr'>terrarum</span> <span class='ocrx_word' id='word_1_151' title='bbox 1234 1067 1273 1100; x_wconf 86' lang='grc'>(18</span> <span class='ocrx_word' id='word_1_152' title='bbox 1289 1068 1438 1109; x_wconf 75' lang='lat' dir='ltr'><strong>Dulatyr,</strong></span> 
     </span>
     <span class='ocr_line' id='line_1_17' title="bbox 389 1118 1437 1156; baseline -0.001 -7"><span class='ocrx_word' id='word_1_153' title='bbox 389 1118 583 1156; x_wconf 71' lang='lat' dir='ltr'>Portuellan,</span> <span class='ocrx_word' id='word_1_154' title='bbox 612 1123 644 1149; x_wconf 78' lang='lat' dir='ltr'>el:</span> <span class='ocrx_word' id='word_1_155' title='bbox 670 1118 860 1155; x_wconf 81' lang='lat' dir='ltr'>Moneastel,</span> <span class='ocrx_word' id='word_1_156' title='bbox 887 1119 926 1150; x_wconf 85' lang='lat' dir='ltr'>de</span> <span class='ocrx_word' id='word_1_157' title='bbox 953 1119 1072 1150; x_wconf 83' lang='lat' dir='ltr'>eisdem</span> <span class='ocrx_word' id='word_1_158' title='bbox 1099 1118 1254 1155; x_wconf 75' lang='lat' dir='ltr'>terminis,</span> <span class='ocrx_word' id='word_1_159' title='bbox 1281 1118 1335 1149; x_wconf 86' lang='lat' dir='ltr'>sed</span> <span class='ocrx_word' id='word_1_160' title='bbox 1362 1128 1437 1148; x_wconf 82' lang='lat' dir='ltr'>eou-</span> 
     </span>
     <span class='ocr_line' id='line_1_18' title="bbox 389 1167 1437 1209; baseline -0.001 -10"><span class='ocrx_word' id='word_1_161' title='bbox 389 1172 562 1200; x_wconf 81' lang='lat' dir='ltr'>sueverunt</span> <span class='ocrx_word' id='word_1_162' title='bbox 591 1168 730 1199; x_wconf 82' lang='lat' dir='ltr'>assedari</span> <span class='ocrx_word' id='word_1_163' title='bbox 753 1178 810 1209; x_wconf 87' lang='lat' dir='ltr'>pro</span> <span class='ocrx_word' id='word_1_164' title='bbox 833 1168 1002 1199; x_wconf 79' lang='lat' dir='ltr'>tresdecim</span> <span class='ocrx_word' id='word_1_165' title='bbox 1029 1168 1120 1199; x_wconf 80' lang='lat' dir='ltr'>libris</span> <span class='ocrx_word' id='word_1_166' title='bbox 1146 1178 1203 1199; x_wconf 84' lang='lat' dir='ltr'>sex</span> <span class='ocrx_word' id='word_1_167' title='bbox 1229 1167 1339 1199; x_wconf 82' lang='lat' dir='ltr'>solidis</span> <span class='ocrx_word' id='word_1_168' title='bbox 1365 1171 1437 1198; x_wconf 77' lang='lat' dir='ltr'>octo</span> 
     </span>
     <span class='ocr_line' id='line_1_19' title="bbox 389 1217 1437 1259; baseline -0.001 -10"><span class='ocrx_word' id='word_1_169' title='bbox 389 1218 534 1249; x_wconf 85' lang='lat' dir='ltr'>denariis.</span> <span class='ocrx_word' id='word_1_170' title='bbox 594 1218 637 1249; x_wconf 73' lang='lat' dir='ltr'>Et</span> <span class='ocrx_word' id='word_1_171' title='bbox 675 1217 713 1249; x_wconf 88' lang='lat' dir='ltr'>de</span> <span class='ocrx_word' id='word_1_172' title='bbox 750 1217 796 1258; x_wconf 77' lang='lat' dir='ltr'>iiij</span> <span class='ocrx_word' id='word_1_173' title='bbox 835 1217 867 1250; x_wconf 71' lang='lat' dir='ltr'>fi.</span> <span class='ocrx_word' id='word_1_174' title='bbox 905 1218 945 1249; x_wconf 84' lang='lat' dir='ltr'>de</span> <span class='ocrx_word' id='word_1_175' title='bbox 983 1218 1083 1249; x_wconf 87' lang='lat' dir='ltr'>firmis</span> <span class='ocrx_word' id='word_1_176' title='bbox 1121 1218 1223 1259; x_wconf 84' lang='lat' dir='ltr'>prime</span> <span class='ocrx_word' id='word_1_177' title='bbox 1260 1217 1361 1258; x_wconf 76' lang='lat' dir='ltr'>partis</span> <span class='ocrx_word' id='word_1_178' title='bbox 1398 1217 1437 1248; x_wconf 88' lang='lat' dir='ltr'>de</span> 
     </span>
     <span class='ocr_line' id='line_1_20' title="bbox 389 1267 1438 1308; baseline 0 -10"><span class='ocrx_word' id='word_1_179' title='bbox 389 1267 615 1308; x_wconf 87' lang='lat' dir='ltr'>Buehquhopil</span> <span class='ocrx_word' id='word_1_180' title='bbox 642 1267 681 1298; x_wconf 91' lang='lat' dir='ltr'>de</span> <span class='ocrx_word' id='word_1_181' title='bbox 708 1277 791 1298; x_wconf 79' lang='lat' dir='ltr'>anno</span> <span class='ocrx_word' id='word_1_182' title='bbox 821 1268 967 1308; x_wconf 81' lang='lat' dir='ltr'>compoti.</span> <span class='ocrx_word' id='word_1_183' title='bbox 1013 1268 1056 1299; x_wconf 80' lang='lat' dir='ltr'>Et,</span> <span class='ocrx_word' id='word_1_184' title='bbox 1086 1268 1125 1299; x_wconf 87' lang='lat' dir='ltr'>de</span> <span class='ocrx_word' id='word_1_185' title='bbox 1155 1278 1176 1298; x_wconf 92' lang='lat' dir='ltr'>v</span> <span class='ocrx_word' id='word_1_186' title='bbox 1205 1268 1237 1299; x_wconf 75' lang='grc'>11.</span> <span class='ocrx_word' id='word_1_187' title='bbox 1269 1267 1308 1298; x_wconf 86' lang='grc'>(18</span> <span class='ocrx_word' id='word_1_188' title='bbox 1337 1267 1438 1299; x_wconf 85' lang='lat' dir='ltr'>firmis</span> 
     </span>
     <span class='ocr_line' id='line_1_21' title="bbox 388 1317 1436 1358; baseline 0 -9"><span class='ocrx_word' id='word_1_189' title='bbox 388 1321 544 1349; x_wconf 81' lang='lat' dir='ltr'>terrarum</span> <span class='ocrx_word' id='word_1_190' title='bbox 560 1317 697 1348; x_wconf 83' lang='lat' dir='ltr'>secunde</span> <span class='ocrx_word' id='word_1_191' title='bbox 713 1317 812 1358; x_wconf 77' lang='lat' dir='ltr'>partis</span> <span class='ocrx_word' id='word_1_192' title='bbox 829 1317 979 1358; x_wconf 84' lang='lat' dir='ltr'>ejusdem.</span> <span class='ocrx_word' id='word_1_193' title='bbox 1024 1318 1066 1348; x_wconf 73' lang='lat' dir='ltr'>Et</span> <span class='ocrx_word' id='word_1_194' title='bbox 1088 1318 1128 1349; x_wconf 87' lang='lat' dir='ltr'>de</span> <span class='ocrx_word' id='word_1_195' title='bbox 1144 1318 1178 1358; x_wconf 86' lang='lat' dir='ltr'>iij</span> <span class='ocrx_word' id='word_1_196' title='bbox 1195 1318 1227 1349; x_wconf 73' lang='lat' dir='ltr'>fi.</span> <span class='ocrx_word' id='word_1_197' title='bbox 1244 1318 1275 1358; x_wconf 85' lang='lat' dir='ltr'>vj</span> <span class='ocrx_word' id='word_1_198' title='bbox 1294 1321 1316 1349; x_wconf 85' lang='lat'>5.</span> <span class='ocrx_word' id='word_1_199' title='bbox 1333 1317 1388 1358; x_wconf 89' lang='lat' dir='ltr'>viij</span> <span class='ocrx_word' id='word_1_200' title='bbox 1406 1317 1436 1349; x_wconf 78' lang='lat' dir='ltr'>d.</span> 
     </span>
     <span class='ocr_line' id='line_1_22' title="bbox 389 1366 1436 1407; baseline -0.001 -9"><span class='ocrx_word' id='word_1_201' title='bbox 389 1368 428 1398; x_wconf 86' lang='lat' dir='ltr'>de</span> <span class='ocrx_word' id='word_1_202' title='bbox 444 1367 544 1398; x_wconf 85' lang='lat' dir='ltr'>firmis</span> <span class='ocrx_word' id='word_1_203' title='bbox 556 1367 652 1398; x_wconf 81' lang='lat' dir='ltr'>tercie</span> <span class='ocrx_word' id='word_1_204' title='bbox 668 1367 767 1407; x_wconf 82' lang='lat' dir='ltr'>partis</span> <span class='ocrx_word' id='word_1_205' title='bbox 784 1367 926 1407; x_wconf 86' lang='lat' dir='ltr'>ejusdem</span> <span class='ocrx_word' id='word_1_206' title='bbox 949 1367 988 1398; x_wconf 90' lang='grc'>(18</span> <span class='ocrx_word' id='word_1_207' title='bbox 1005 1367 1124 1398; x_wconf 84' lang='lat' dir='ltr'>eisdem</span> <span class='ocrx_word' id='word_1_208' title='bbox 1140 1367 1292 1398; x_wconf 81' lang='lat' dir='ltr'>terminis.</span> <span class='ocrx_word' id='word_1_209' title='bbox 1338 1367 1381 1397; x_wconf 77' lang='lat' dir='ltr'>Et</span> <span class='ocrx_word' id='word_1_210' title='bbox 1396 1366 1436 1397; x_wconf 90' lang='lat' dir='ltr'>de</span> 
     </span>
     <span class='ocr_line' id='line_1_23' title="bbox 388 1415 1437 1457; baseline -0.002 -9"><span class='ocrx_word' id='word_1_211' title='bbox 388 1417 490 1457; x_wconf 83' lang='lat' dir='ltr'>xxxiij</span> <span class='ocrx_word' id='word_1_212' title='bbox 508 1421 532 1448; x_wconf 87' lang='lat'>5.</span> <span class='ocrx_word' id='word_1_213' title='bbox 557 1416 602 1457; x_wconf 83' lang='lat' dir='ltr'>iiij</span> <span class='ocrx_word' id='word_1_214' title='bbox 633 1417 662 1447; x_wconf 79' lang='lat' dir='ltr'>d.</span> <span class='ocrx_word' id='word_1_215' title='bbox 687 1416 726 1447; x_wconf 88' lang='lat' dir='ltr'>de</span> <span class='ocrx_word' id='word_1_216' title='bbox 751 1416 850 1446; x_wconf 81' lang='lat' dir='ltr'>firmis</span> <span class='ocrx_word' id='word_1_217' title='bbox 875 1420 988 1456; x_wconf 75' lang='lat' dir='ltr'>quarte</span> <span class='ocrx_word' id='word_1_218' title='bbox 1014 1416 1114 1457; x_wconf 84' lang='lat' dir='ltr'>partis</span> <span class='ocrx_word' id='word_1_219' title='bbox 1130 1416 1271 1456; x_wconf 81' lang='lat' dir='ltr'>ejusdem</span> <span class='ocrx_word' id='word_1_220' title='bbox 1287 1415 1326 1446; x_wconf 88' lang='lat' dir='ltr'>de</span> <span class='ocrx_word' id='word_1_221' title='bbox 1342 1415 1437 1446; x_wconf 81' lang='lat' dir='ltr'>dictis</span> 
     </span>
     <span class='ocr_line' id='line_1_24' title="bbox 387 1465 1437 1506; baseline -0.002 -9"><span class='ocrx_word' id='word_1_222' title='bbox 387 1466 541 1498; x_wconf 76' lang='lat' dir='ltr'>terminis.</span> <span class='ocrx_word' id='word_1_223' title='bbox 587 1466 629 1497; x_wconf 74' lang='lat' dir='ltr'>Et</span> <span class='ocrx_word' id='word_1_224' title='bbox 652 1465 690 1496; x_wconf 90' lang='lat' dir='ltr'>de</span> <span class='ocrx_word' id='word_1_225' title='bbox 718 1465 820 1505; x_wconf 83' lang='lat' dir='ltr'>xxxiij</span> <span class='ocrx_word' id='word_1_226' title='bbox 850 1469 872 1496; x_wconf 83' lang='lat'>5.</span> <span class='ocrx_word' id='word_1_227' title='bbox 900 1465 946 1506; x_wconf 85' lang='lat' dir='ltr'>iiij</span> <span class='ocrx_word' id='word_1_228' title='bbox 974 1465 1003 1497; x_wconf 80' lang='lat' dir='ltr'>d.</span> <span class='ocrx_word' id='word_1_229' title='bbox 1031 1465 1070 1496; x_wconf 92' lang='lat' dir='ltr'>de</span> <span class='ocrx_word' id='word_1_230' title='bbox 1093 1465 1192 1496; x_wconf 76' lang='lat' dir='ltr'>firmis</span> <span class='ocrx_word' id='word_1_231' title='bbox 1208 1466 1321 1506; x_wconf 80' lang='lat' dir='ltr'>quinte.</span> <span class='ocrx_word' id='word_1_232' title='bbox 1336 1465 1437 1505; x_wconf 74' lang='lat' dir='ltr'>partis</span> 
     </span>
     <span class='ocr_line' id='line_1_25' title="bbox 388 1514 1437 1557; baseline -0.001 -10"><span class='ocrx_word' id='word_1_233' title='bbox 388 1516 530 1557; x_wconf 83' lang='lat' dir='ltr'>ejusdem</span> <span class='ocrx_word' id='word_1_234' title='bbox 558 1515 597 1546; x_wconf 86' lang='lat' dir='ltr'>de</span> <span class='ocrx_word' id='word_1_235' title='bbox 624 1515 743 1546; x_wconf 86' lang='lat' dir='ltr'>eisdem</span> <span class='ocrx_word' id='word_1_236' title='bbox 769 1515 922 1546; x_wconf 78' lang='lat' dir='ltr'>terminis.</span> <span class='ocrx_word' id='word_1_237' title='bbox 968 1515 1010 1545; x_wconf 77' lang='lat' dir='ltr'>Et</span> <span class='ocrx_word' id='word_1_238' title='bbox 1037 1515 1076 1545; x_wconf 86' lang='lat' dir='ltr'>de</span> <span class='ocrx_word' id='word_1_239' title='bbox 1103 1515 1205 1555; x_wconf 76' lang='lat' dir='ltr'>xxxiij</span> <span class='ocrx_word' id='word_1_240' title='bbox 1234 1519 1256 1546; x_wconf 84' lang='lat'>5.</span> <span class='ocrx_word' id='word_1_241' title='bbox 1280 1515 1326 1555; x_wconf 83' lang='lat' dir='ltr'>iiij</span> <span class='ocrx_word' id='word_1_242' title='bbox 1351 1514 1380 1546; x_wconf 81' lang='lat' dir='ltr'>d.</span> <span class='ocrx_word' id='word_1_243' title='bbox 1398 1515 1437 1546; x_wconf 81' lang='lat' dir='ltr'>de</span> 
     </span>
     <span class='ocr_line' id='line_1_26' title="bbox 388 1564 1436 1604; baseline -0.001 -8"><span class='ocrx_word' id='word_1_244' title='bbox 388 1565 489 1596; x_wconf 80' lang='lat' dir='ltr'>firmis</span> <span class='ocrx_word' id='word_1_245' title='bbox 504 1565 543 1596; x_wconf 89' lang='lat' dir='ltr'>de</span> <span class='ocrx_word' id='word_1_246' title='bbox 559 1564 589 1595; x_wconf 90' lang='grc'>18</span> <span class='ocrx_word' id='word_1_247' title='bbox 602 1564 665 1594; x_wconf 85' lang='lat' dir='ltr'>Bra</span> <span class='ocrx_word' id='word_1_248' title='bbox 675 1564 713 1595; x_wconf 91' lang='lat' dir='ltr'>de</span> <span class='ocrx_word' id='word_1_249' title='bbox 729 1564 968 1604; x_wconf 85' lang='lat' dir='ltr'>Buehquhopill</span> <span class='ocrx_word' id='word_1_250' title='bbox 978 1564 1017 1595; x_wconf 86' lang='lat' dir='ltr'>de</span> <span class='ocrx_word' id='word_1_251' title='bbox 1035 1564 1129 1595; x_wconf 81' lang='lat' dir='ltr'>dietis</span> <span class='ocrx_word' id='word_1_252' title='bbox 1144 1565 1298 1596; x_wconf 74' lang='lat' dir='ltr'>terminis.</span> <span class='ocrx_word' id='word_1_253' title='bbox 1343 1564 1386 1596; x_wconf 73' lang='lat' dir='ltr'>Et</span> <span class='ocrx_word' id='word_1_254' title='bbox 1397 1564 1436 1595; x_wconf 86' lang='lat' dir='ltr'>de</span> 
     </span>
     <span class='ocr_line' id='line_1_27' title="bbox 388 1613 1437 1655; baseline 0 -10"><span class='ocrx_word' id='word_1_255' title='bbox 388 1615 422 1655; x_wconf 84' lang='lat' dir='ltr'>iij</span> <span class='ocrx_word' id='word_1_256' title='bbox 440 1615 471 1645; x_wconf 71' lang='lat' dir='ltr'>fi.</span> <span class='ocrx_word' id='word_1_257' title='bbox 488 1615 520 1655; x_wconf 89' lang='lat' dir='ltr'>vj</span> <span class='ocrx_word' id='word_1_258' title='bbox 533 1618 557 1645; x_wconf 91' lang='lat'>5.</span> <span class='ocrx_word' id='word_1_259' title='bbox 574 1613 629 1654; x_wconf 89' lang='lat' dir='ltr'>viij</span> <span class='ocrx_word' id='word_1_260' title='bbox 657 1613 686 1645; x_wconf 79' lang='lat' dir='ltr'>d.</span> <span class='ocrx_word' id='word_1_261' title='bbox 714 1613 753 1644; x_wconf 87' lang='lat' dir='ltr'>de</span> <span class='ocrx_word' id='word_1_262' title='bbox 780 1613 879 1644; x_wconf 82' lang='lat' dir='ltr'>firmis</span> <span class='ocrx_word' id='word_1_263' title='bbox 904 1617 985 1644; x_wconf 77' lang='lat' dir='ltr'>terre</span> <span class='ocrx_word' id='word_1_264' title='bbox 1009 1614 1047 1645; x_wconf 90' lang='lat' dir='ltr'>de</span> <span class='ocrx_word' id='word_1_265' title='bbox 1071 1614 1248 1655; x_wconf 71' lang='lat' dir='ltr'>Torryestir</span> <span class='ocrx_word' id='word_1_266' title='bbox 1263 1614 1301 1645; x_wconf 89' lang='lat' dir='ltr'>de</span> <span class='ocrx_word' id='word_1_267' title='bbox 1317 1614 1437 1645; x_wconf 85' lang='lat' dir='ltr'>eisdem</span> 
     </span>
     <span class='ocr_line' id='line_1_28' title="bbox 388 1662 1436 1704; baseline 0 -10"><span class='ocrx_word' id='word_1_268' title='bbox 388 1664 542 1695; x_wconf 85' lang='lat' dir='ltr'>terminis.</span> <span class='ocrx_word' id='word_1_269' title='bbox 586 1663 629 1694; x_wconf 69' lang='lat' dir='ltr'>Et</span> <span class='ocrx_word' id='word_1_270' title='bbox 644 1663 683 1694; x_wconf 87' lang='lat' dir='ltr'>de</span> <span class='ocrx_word' id='word_1_271' title='bbox 699 1663 753 1703; x_wconf 83' lang='lat' dir='ltr'>xvj</span> <span class='ocrx_word' id='word_1_272' title='bbox 770 1662 801 1693; x_wconf 82' lang='lat' dir='ltr'>.’[i.</span> <span class='ocrx_word' id='word_1_273' title='bbox 819 1663 872 1703; x_wconf 84' lang='lat' dir='ltr'>xvj</span> <span class='ocrx_word' id='word_1_274' title='bbox 891 1667 914 1693; x_wconf 86' lang='lat'>5.</span> <span class='ocrx_word' id='word_1_275' title='bbox 930 1663 986 1704; x_wconf 75' lang='lat' dir='ltr'>viij</span> <span class='ocrx_word' id='word_1_276' title='bbox 1003 1663 1032 1694; x_wconf 81' lang='lat' dir='ltr'>d.</span> <span class='ocrx_word' id='word_1_277' title='bbox 1049 1663 1087 1694; x_wconf 87' lang='lat' dir='ltr'>de</span> <span class='ocrx_word' id='word_1_278' title='bbox 1104 1664 1203 1694; x_wconf 82' lang='lat' dir='ltr'>firmis</span> <span class='ocrx_word' id='word_1_279' title='bbox 1226 1668 1382 1695; x_wconf 79' lang='lat' dir='ltr'>terrarum</span> <span class='ocrx_word' id='word_1_280' title='bbox 1397 1664 1436 1694; x_wconf 85' lang='lat' dir='ltr'>de</span> 
     </span>
     <span class='ocr_line' id='line_1_29' title="bbox 390 1712 1435 1754; baseline -0.001 -9"><span class='ocrx_word' id='word_1_281' title='bbox 390 1713 542 1745; x_wconf 82' lang='lat' dir='ltr'>Collaueh</span> <span class='ocrx_word' id='word_1_282' title='bbox 559 1716 591 1744; x_wconf 79' lang='lat' dir='ltr'>et</span> <span class='ocrx_word' id='word_1_283' title='bbox 607 1712 822 1753; x_wconf 77' lang='lat' dir='ltr'>Gartyngabir</span> <span class='ocrx_word' id='word_1_284' title='bbox 840 1712 878 1743; x_wconf 83' lang='lat' dir='ltr'>de</span> <span class='ocrx_word' id='word_1_285' title='bbox 902 1713 1021 1744; x_wconf 87' lang='lat' dir='ltr'>eisdem</span> <span class='ocrx_word' id='word_1_286' title='bbox 1044 1713 1196 1745; x_wconf 80' lang='lat' dir='ltr'>terminis.</span> <span class='ocrx_word' id='word_1_287' title='bbox 1242 1714 1284 1744; x_wconf 82' lang='lat' dir='ltr'>Et</span> <span class='ocrx_word' id='word_1_288' title='bbox 1300 1714 1338 1745; x_wconf 87' lang='lat' dir='ltr'>de</span> <span class='ocrx_word' id='word_1_289' title='bbox 1356 1714 1386 1754; x_wconf 86' lang='lat' dir='ltr'>vj</span> <span class='ocrx_word' id='word_1_290' title='bbox 1402 1713 1435 1744; x_wconf 74' lang='lat' dir='ltr'>fi.</span> 
     </span>
     <span class='ocr_line' id='line_1_30' title="bbox 389 1761 1436 1803; baseline 0.001 -10"><span class='ocrx_word' id='word_1_291' title='bbox 389 1763 446 1803; x_wconf 83' lang='lat' dir='ltr'>xiij</span> <span class='ocrx_word' id='word_1_292' title='bbox 464 1767 487 1794; x_wconf 88' lang='lat'>5.</span> <span class='ocrx_word' id='word_1_293' title='bbox 503 1762 550 1803; x_wconf 85' lang='lat' dir='ltr'>iiij</span> <span class='ocrx_word' id='word_1_294' title='bbox 568 1761 596 1792; x_wconf 82' lang='lat' dir='ltr'>d.</span> <span class='ocrx_word' id='word_1_295' title='bbox 613 1762 658 1802; x_wconf 83' lang='lat' dir='ltr'>xij</span> <span class='ocrx_word' id='word_1_296' title='bbox 675 1761 790 1792; x_wconf 82' lang='lat' dir='ltr'>celdris</span> <span class='ocrx_word' id='word_1_297' title='bbox 813 1771 987 1792; x_wconf 79' lang='lat' dir='ltr'>avenarum</span> <span class='ocrx_word' id='word_1_298' title='bbox 1010 1766 1165 1793; x_wconf 84' lang='lat' dir='ltr'>terrarum</span> <span class='ocrx_word' id='word_1_299' title='bbox 1189 1763 1228 1794; x_wconf 90' lang='lat' dir='ltr'>de</span> <span class='ocrx_word' id='word_1_300' title='bbox 1244 1763 1274 1794; x_wconf 89' lang='grc'>18</span> <span class='ocrx_word' id='word_1_301' title='bbox 1290 1763 1379 1794; x_wconf 87' lang='lat' dir='ltr'>Frew</span> <span class='ocrx_word' id='word_1_302' title='bbox 1396 1763 1436 1794; x_wconf 84' lang='lat' dir='ltr'>de</span> 
     </span>
     <span class='ocr_line' id='line_1_31' title="bbox 389 1813 1435 1857; baseline 0 -12"><span class='ocrx_word' id='word_1_303' title='bbox 389 1815 484 1857; x_wconf 55' lang='lat' dir='ltr'>dietis</span> <span class='ocrx_word' id='word_1_304' title='bbox 498 1813 651 1845; x_wconf 84' lang='lat' dir='ltr'>terminis.</span> <span class='ocrx_word' id='word_1_305' title='bbox 696 1813 739 1844; x_wconf 81' lang='lat' dir='ltr'>Et</span> <span class='ocrx_word' id='word_1_306' title='bbox 761 1813 800 1843; x_wconf 87' lang='lat' dir='ltr'>de</span> <span class='ocrx_word' id='word_1_307' title='bbox 823 1813 857 1843; x_wconf 80' lang='lat' dir='ltr'>xl</span> <span class='ocrx_word' id='word_1_308' title='bbox 881 1817 904 1844; x_wconf 88' lang='lat'>5.</span> <span class='ocrx_word' id='word_1_309' title='bbox 920 1817 1077 1844; x_wconf 77' lang='lat' dir='ltr'>terrarum</span> <span class='ocrx_word' id='word_1_310' title='bbox 1093 1814 1211 1845; x_wconf 65' lang='lat' dir='ltr'>VVarde</span> <span class='ocrx_word' id='word_1_311' title='bbox 1226 1814 1266 1845; x_wconf 86' lang='lat' dir='ltr'>de</span> <span class='ocrx_word' id='word_1_312' title='bbox 1282 1813 1379 1855; x_wconf 64' lang='lat' dir='ltr'>Gtidy</span> <span class='ocrx_word' id='word_1_313' title='bbox 1396 1814 1435 1845; x_wconf 87' lang='lat' dir='ltr'>de</span> 
     </span>
     <span class='ocr_line' id='line_1_32' title="bbox 389 1862 1436 1895; baseline 0 0"><span class='ocrx_word' id='word_1_314' title='bbox 389 1864 507 1895; x_wconf 83' lang='lat' dir='ltr'>eisdem</span> <span class='ocrx_word' id='word_1_315' title='bbox 524 1863 678 1894; x_wconf 79' lang='lat' dir='ltr'>terminis.</span> <span class='ocrx_word' id='word_1_316' title='bbox 722 1862 765 1893; x_wconf 73' lang='lat' dir='ltr'>‘Et</span> <span class='ocrx_word' id='word_1_317' title='bbox 779 1862 818 1894; x_wconf 87' lang='lat' dir='ltr'>de</span> <span class='ocrx_word' id='word_1_318' title='bbox 834 1873 854 1892; x_wconf 86' lang='lat' dir='ltr'>x</span> <span class='ocrx_word' id='word_1_319' title='bbox 870 1862 902 1893; x_wconf 66' lang='lat'>11².</span> <span class='ocrx_word' id='word_1_320' title='bbox 919 1863 958 1894; x_wconf 88' lang='lat' dir='ltr'>de</span> <span class='ocrx_word' id='word_1_321' title='bbox 982 1863 1080 1894; x_wconf 83' lang='lat' dir='ltr'>firmis</span> <span class='ocrx_word' id='word_1_322' title='bbox 1096 1868 1249 1895; x_wconf 79' lang='lat' dir='ltr'>terrarum</span> <span class='ocrx_word' id='word_1_323' title='bbox 1266 1865 1306 1895; x_wconf 89' lang='lat' dir='ltr'>de</span> <span class='ocrx_word' id='word_1_324' title='bbox 1322 1864 1436 1895; x_wconf 85' lang='lat' dir='ltr'>Emin-</span> 
     </span>
     <span class='ocr_line' id='line_1_33' title="bbox 388 1912 1436 1954; baseline 0 -10"><span class='ocrx_word' id='word_1_325' title='bbox 388 1914 450 1945; x_wconf 83' lang='lat' dir='ltr'>law</span> <span class='ocrx_word' id='word_1_326' title='bbox 466 1913 505 1944; x_wconf 89' lang='lat' dir='ltr'>de</span> <span class='ocrx_word' id='word_1_327' title='bbox 521 1913 614 1943; x_wconf 82' lang='lat' dir='ltr'>dietis</span> <span class='ocrx_word' id='word_1_328' title='bbox 637 1912 789 1943; x_wconf 77' lang='lat' dir='ltr'>terminis.</span> <span class='ocrx_word' id='word_1_329' title='bbox 835 1912 878 1942; x_wconf 77' lang='lat' dir='ltr'>Et</span> <span class='ocrx_word' id='word_1_330' title='bbox 900 1912 939 1943; x_wconf 84' lang='lat' dir='ltr'>de</span> <span class='ocrx_word' id='word_1_331' title='bbox 962 1922 983 1942; x_wconf 88' lang='lat' dir='ltr'>v</span> <span class='ocrx_word' id='word_1_332' title='bbox 1005 1913 1037 1944; x_wconf 70' lang='lat' dir='ltr'>fi.</span> <span class='ocrx_word' id='word_1_333' title='bbox 1061 1913 1092 1953; x_wconf 83' lang='lat' dir='ltr'>vj</span> <span class='ocrx_word' id='word_1_334' title='bbox 1117 1917 1138 1944; x_wconf 62' lang='grc' dir='ltr'><em>ὲ</em></span> <span class='ocrx_word' id='word_1_335' title='bbox 1162 1914 1217 1954; x_wconf 88' lang='lat' dir='ltr'>viij</span> <span class='ocrx_word' id='word_1_336' title='bbox 1236 1914 1265 1946; x_wconf 78' lang='lat' dir='ltr'>d.</span> <span class='ocrx_word' id='word_1_337' title='bbox 1281 1914 1321 1945; x_wconf 91' lang='lat' dir='ltr'>de</span> <span class='ocrx_word' id='word_1_338' title='bbox 1336 1914 1436 1945; x_wconf 84' lang='lat' dir='ltr'>firmis</span> 
     </span>
     <span class='ocr_line' id='line_1_34' title="bbox 389 1961 1436 2003; baseline 0 -9"><span class='ocrx_word' id='word_1_339' title='bbox 389 1967 544 1994; x_wconf 78' lang='lat' dir='ltr'>terrarum</span> <span class='ocrx_word' id='word_1_340' title='bbox 560 1961 598 1993; x_wconf 86' lang='lat' dir='ltr'>de</span> <span class='ocrx_word' id='word_1_341' title='bbox 615 1961 741 2002; x_wconf 85' lang='lat' dir='ltr'>Ernbeg</span> <span class='ocrx_word' id='word_1_342' title='bbox 757 1961 795 1992; x_wconf 86' lang='lat' dir='ltr'>de</span> <span class='ocrx_word' id='word_1_343' title='bbox 812 1961 906 1992; x_wconf 76' lang='lat' dir='ltr'>dietis</span> <span class='ocrx_word' id='word_1_344' title='bbox 929 1962 1082 1993; x_wconf 84' lang='lat' dir='ltr'>terminis.</span> <span class='ocrx_word' id='word_1_345' title='bbox 1128 1962 1170 1993; x_wconf 67' lang='lat' dir='ltr'>Et</span> <span class='ocrx_word' id='word_1_346' title='bbox 1185 1963 1225 1994; x_wconf 88' lang='lat' dir='ltr'>de</span> <span class='ocrx_word' id='word_1_347' title='bbox 1241 1963 1272 2003; x_wconf 89' lang='lat' dir='ltr'>vj</span> <span class='ocrx_word' id='word_1_348' title='bbox 1289 1963 1321 1994; x_wconf 74' lang='lat' dir='ltr'>fi.</span> <span class='ocrx_word' id='word_1_349' title='bbox 1337 1963 1394 2003; x_wconf 82' lang='lat' dir='ltr'>xiij</span> <span class='ocrx_word' id='word_1_350' title='bbox 1412 1967 1436 1994; x_wconf 91' lang='lat'>5.</span> 
     </span>
     <span class='ocr_line' id='line_1_35' title="bbox 389 2010 1436 2052; baseline 0 -9"><span class='ocrx_word' id='word_1_351' title='bbox 389 2012 435 2052; x_wconf 84' lang='lat' dir='ltr'>iiij</span> <span class='ocrx_word' id='word_1_352' title='bbox 453 2012 482 2043; x_wconf 78' lang='lat' dir='ltr'>d.</span> <span class='ocrx_word' id='word_1_353' title='bbox 499 2011 538 2043; x_wconf 91' lang='lat' dir='ltr'>de</span> <span class='ocrx_word' id='word_1_354' title='bbox 565 2011 664 2042; x_wconf 87' lang='lat' dir='ltr'>firmis</span> <span class='ocrx_word' id='word_1_355' title='bbox 691 2015 846 2042; x_wconf 81' lang='lat' dir='ltr'>terrarum</span> <span class='ocrx_word' id='word_1_356' title='bbox 872 2011 911 2042; x_wconf 84' lang='lat' dir='ltr'>de</span> <span class='ocrx_word' id='word_1_357' title='bbox 928 2010 1156 2052; x_wconf 79' lang='lat' dir='ltr'>Scheregartan</span> <span class='ocrx_word' id='word_1_358' title='bbox 1173 2012 1211 2043; x_wconf 87' lang='lat' dir='ltr'>de</span> <span class='ocrx_word' id='word_1_359' title='bbox 1227 2012 1346 2043; x_wconf 86' lang='lat' dir='ltr'>eisdem</span> <span class='ocrx_word' id='word_1_360' title='bbox 1373 2016 1436 2043; x_wconf 85' lang='lat' dir='ltr'>ter-</span> 
     </span>
     <span class='ocr_line' id='line_1_36' title="bbox 389 2059 1436 2100; baseline 0 -8"><span class='ocrx_word' id='word_1_361' title='bbox 389 2061 494 2092; x_wconf 84' lang='lat' dir='ltr'>minis.</span> <span class='ocrx_word' id='word_1_362' title='bbox 538 2061 581 2091; x_wconf 75' lang='lat' dir='ltr'>Et</span> <span class='ocrx_word' id='word_1_363' title='bbox 607 2060 646 2091; x_wconf 88' lang='lat' dir='ltr'>de</span> <span class='ocrx_word' id='word_1_364' title='bbox 670 2060 703 2100; x_wconf 81' lang='lat' dir='ltr'>iij</span> <span class='ocrx_word' id='word_1_365' title='bbox 732 2059 764 2090; x_wconf 77' lang='lat' dir='ltr'>fi.</span> <span class='ocrx_word' id='word_1_366' title='bbox 789 2060 820 2100; x_wconf 85' lang='lat' dir='ltr'>vj</span> <span class='ocrx_word' id='word_1_367' title='bbox 845 2064 868 2091; x_wconf 92' lang='lat'>5.</span> <span class='ocrx_word' id='word_1_368' title='bbox 893 2060 949 2100; x_wconf 82' lang='lat' dir='ltr'>viij</span> <span class='ocrx_word' id='word_1_369' title='bbox 976 2059 1005 2090; x_wconf 80' lang='lat' dir='ltr'>d.</span> <span class='ocrx_word' id='word_1_370' title='bbox 1033 2060 1072 2091; x_wconf 88' lang='lat' dir='ltr'>de</span> <span class='ocrx_word' id='word_1_371' title='bbox 1098 2061 1196 2092; x_wconf 82' lang='lat' dir='ltr'>firmis</span> <span class='ocrx_word' id='word_1_372' title='bbox 1219 2065 1374 2092; x_wconf 81' lang='lat' dir='ltr'>terrarum</span> <span class='ocrx_word' id='word_1_373' title='bbox 1397 2061 1436 2092; x_wconf 86' lang='lat' dir='ltr'>de</span> 
     </span>
     <span class='ocr_line' id='line_1_37' title="bbox 390 2109 1436 2151; baseline -0.001 -8"><span class='ocrx_word' id='word_1_374' title='bbox 390 2112 538 2151; x_wconf 78' lang='lat' dir='ltr'>Offrenys</span> <span class='ocrx_word' id='word_1_375' title='bbox 561 2110 600 2141; x_wconf 88' lang='lat' dir='ltr'>de</span> <span class='ocrx_word' id='word_1_376' title='bbox 624 2110 755 2150; x_wconf 85' lang='lat' dir='ltr'>Kippan</span> <span class='ocrx_word' id='word_1_377' title='bbox 779 2109 817 2140; x_wconf 89' lang='lat' dir='ltr'>de</span> <span class='ocrx_word' id='word_1_378' title='bbox 840 2109 958 2140; x_wconf 82' lang='lat' dir='ltr'>eisdem</span> <span class='ocrx_word' id='word_1_379' title='bbox 982 2110 1134 2141; x_wconf 79' lang='lat' dir='ltr'>terminis.</span> <span class='ocrx_word' id='word_1_380' title='bbox 1180 2110 1223 2141; x_wconf 75' lang='lat' dir='ltr'>Et</span> <span class='ocrx_word' id='word_1_381' title='bbox 1246 2111 1284 2141; x_wconf 87' lang='lat' dir='ltr'>de</span> <span class='ocrx_word' id='word_1_382' title='bbox 1308 2111 1342 2141; x_wconf 81' lang='lat' dir='ltr'>xl</span> <span class='ocrx_word' id='word_1_383' title='bbox 1357 2115 1380 2143; x_wconf 85' lang='lat'>5.</span> <span class='ocrx_word' id='word_1_384' title='bbox 1397 2111 1436 2142; x_wconf 88' lang='lat' dir='ltr'>de</span> 
     </span>
     <span class='ocr_line' id='line_1_38' title="bbox 390 2158 1435 2200; baseline 0 -8"><span class='ocrx_word' id='word_1_385' title='bbox 390 2161 489 2192; x_wconf 84' lang='lat' dir='ltr'>firmis</span> <span class='ocrx_word' id='word_1_386' title='bbox 505 2161 543 2191; x_wconf 90' lang='lat' dir='ltr'>de</span> <span class='ocrx_word' id='word_1_387' title='bbox 567 2160 742 2200; x_wconf 77' lang='lat' dir='ltr'><strong>Drummys</strong></span> <span class='ocrx_word' id='word_1_388' title='bbox 766 2158 804 2190; x_wconf 88' lang='lat' dir='ltr'>de</span> <span class='ocrx_word' id='word_1_389' title='bbox 820 2159 952 2200; x_wconf 84' lang='lat' dir='ltr'>Kippan</span> <span class='ocrx_word' id='word_1_390' title='bbox 976 2159 1014 2190; x_wconf 89' lang='lat' dir='ltr'>de</span> <span class='ocrx_word' id='word_1_391' title='bbox 1031 2159 1124 2191; x_wconf 80' lang='lat' dir='ltr'>dictis</span> <span class='ocrx_word' id='word_1_392' title='bbox 1140 2160 1293 2192; x_wconf 70' lang='lat' dir='ltr'>terminis.</span> <span class='ocrx_word' id='word_1_393' title='bbox 1338 2161 1381 2191; x_wconf 76' lang='lat' dir='ltr'>Et</span> <span class='ocrx_word' id='word_1_394' title='bbox 1396 2161 1435 2192; x_wconf 88' lang='lat' dir='ltr'>de</span> 
     </span>
     <span class='ocr_line' id='line_1_39' title="bbox 389 2208 1435 2251; baseline -0.001 -9"><span class='ocrx_word' id='word_1_395' title='bbox 389 2222 409 2242; x_wconf 80' lang='lat' dir='ltr'>x</span> <span class='ocrx_word' id='word_1_396' title='bbox 426 2211 457 2242; x_wconf 75' lang='lat' dir='ltr'>fi.</span> <span class='ocrx_word' id='word_1_397' title='bbox 475 2210 531 2250; x_wconf 87' lang='lat' dir='ltr'>xiij</span> <span class='ocrx_word' id='word_1_398' title='bbox 550 2214 572 2241; x_wconf 86' lang='lat'>5.</span> <span class='ocrx_word' id='word_1_399' title='bbox 589 2209 634 2250; x_wconf 89' lang='lat' dir='ltr'>iiij</span> <span class='ocrx_word' id='word_1_400' title='bbox 661 2208 690 2240; x_wconf 80' lang='lat' dir='ltr'>d.</span> <span class='ocrx_word' id='word_1_401' title='bbox 718 2209 756 2239; x_wconf 92' lang='lat' dir='ltr'>de</span> <span class='ocrx_word' id='word_1_402' title='bbox 782 2208 880 2240; x_wconf 87' lang='lat' dir='ltr'>firmis</span> <span class='ocrx_word' id='word_1_403' title='bbox 904 2208 942 2240; x_wconf 84' lang='lat' dir='ltr'>de</span> <span class='ocrx_word' id='word_1_404' title='bbox 967 2209 1107 2240; x_wconf 87' lang='lat' dir='ltr'>Broklen</span> <span class='ocrx_word' id='word_1_405' title='bbox 1132 2213 1165 2240; x_wconf 78' lang='lat' dir='ltr'>et</span> <span class='ocrx_word' id='word_1_406' title='bbox 1186 2209 1380 2251; x_wconf 78' lang='lat' dir='ltr'>Aehinlessy</span> <span class='ocrx_word' id='word_1_407' title='bbox 1396 2210 1435 2241; x_wconf 89' lang='lat' dir='ltr'>de</span> 
     </span>
    </p>
   </div>
  </div>
 </body>
</html>
