1551 2462
82 427 248 457 Respondebit

83 458 233 487 Oulquhone‚

82 488 208 510 rotulator.

143 1780 187 1803 Do.

83 2166 198 2199 Cowel.

303 249 363 277 346
613 246 778 292 ROTULI
802 245 1040 278 soACCARH
1263 248 1353 278 1465.
1407 220 1413 223 ’
1471 287 1480 299 7
1532 279 1533 290 χ

299 332 419 364 eisdem
435 332 590 370 terminis,
606 344 673 364 xxx
689 337 711 365 ἔ.
757 333 801 364 Et
816 333 838 364 J
841 333 937 364 acobo
954 332 1132 370 Wilsoune‚
1148 332 1295 364 ortulano
1311 332 1351 364 de

300 382 461 420 Strivelin,
485 393 543 423 pro
574 382 667 413 feodo
690 393 758 414 suo
789 382 828 413 de
855 392 939 413 anno
973 381 1117 422 computi
1150 385 1183 413 et
1214 381 1351 413 termino

299 435 373 463 ante
389 431 449 463 hoc
465 435 660 473 computum,
677 443 744 463 xxx
759 436 782 463 s.
823 432 881 473 [To
899 430 1100 472 Oomptroller
1107 431 1165 472 sor
1179 430 1352 470 householol,

298 482 375 514 26067
389 482 432 513 88.
450 481 514 522 δώ]
559 481 603 512 Et
624 481 736 519 eidem,
756 492 813 522 per
834 481 1051 513 decidenciam
1073 481 1239 513 firmarum
1263 491 1352 522 croy-

298 541 391 562 arum
405 531 444 562 de
456 531 538 563 Erth
550 541 623 563 cum
638 531 764 572 quibus
771 534 960 572 computans
976 531 1123 572 superius
1139 534 1298 569 oneratur,
1313 531 1353 563 de

298 591 383 612 anno
410 581 562 622 computi,
588 582 678 622 xxxij
707 585 732 613 s.
772 581 816 612 Et
835 591 892 622 per
919 580 1114 612 solucionem
1140 580 1259 612 factam
1282 581 1355 617 Gilf

299 631 388 662 berto
414 631 543 663 domino
570 631 733 672 Kennedy
754 641 812 672 pro
836 631 981 662 custodia
1004 631 1100 662 castri
1124 631 1164 664 de
1189 631 1352 669 Strivelin,

298 680 489 722 percipienti
531 680 700 712 annuatim
743 681 927 722 octuaginta
965 680 1063 712 libras
1100 691 1158 721 pro
1207 680 1353 712 custodia

299 730 451 770 ejusdem,
502 733 609 771 preter
667 730 798 762 feodum
857 730 1001 772 vigilum,
1060 730 1261 771 garritorum,
1320 733 1353 762 et

296 780 481 820 janitorum,
513 779 552 811 de
583 779 687 811 tribus
718 780 864 811 terminis
894 780 1087 822 prescriptis,
1113 778 1184 820 j⁰xx
1216 779 1249 812 n.
1309 780 1354 811 Et

299 832 370 860 octo
396 829 557 871 vigilibus,
583 829 642 860 uni
664 829 819 870 garritori,
842 832 875 860 et
903 829 1027 860 duobus
1051 829 1243 870 janitoribus
1274 828 1354 860 dicti

299 879 403 916 castri,
418 889 475 919 pro
498 878 600 910 feodis
623 878 690 910 suis
713 879 752 910 de
774 879 868 911 dictis
892 879 1046 917 terminis,
1069 879 1214 920 quolibet
1235 889 1351 910 ⁴eorum

298 928 495 970 percipiente
524 928 560 958 in
589 938 673 960 anno
700 927 817 968 viginti
842 928 969 965 solidos,
994 928 1048 969 xvj
1074 927 1106 960 n
1131 938 1153 959 x
1176 931 1199 960 ἓ.
1244 928 1287 958 Et
1313 928 1353 959 de

298 978 398 1008 firmis
429 980 513 1008 terre
543 977 582 1008 de
606 976 835 1018 Quenyshalch
858 978 897 1009 de
920 977 1023 1019 primo
1045 978 1183 1010 termino
1203 981 1278 1010 ante
1293 977 1354 1009 hoc

300 1029 497 1068 computum,
513 1030 665 1068 occupate
682 1037 755 1058 cum
771 1027 907 1069 propriis
923 1027 1050 1058 domine
1066 1026 1173 1068 regine
1189 1029 1222 1058 et
1243 1030 1354 1068 postea

302 1076 425 1108 domini
440 1077 532 1118 regis,
548 1076 583 1107 xl
599 1080 622 1108 ἓ.
667 1077 711 1108 Et
726 1077 936 1118 computanti,
950 1087 1008 1118 pro
1031 1076 1124 1108 feodo
1139 1086 1198 1108 suo
1213 1076 1252 1108 de
1268 1086 1353 1107 anno

300 1126 444 1167 computi
474 1129 507 1157 et
533 1125 670 1157 termino
701 1129 776 1157 ante
803 1126 863 1158 hoc
890 1130 1086 1168 computum,
1111 1136 1133 1158 x
1157 1126 1189 1158 Π.
1251 1126 1352 1167 [δ’ωηι

299 1177 398 1208 ..4⁰31ss
428 1177 471 1207 53.
516 1176 662 1213 Balanea,
686 1176 762 1208 „4⁰89
785 1177 850 1208 105.
874 1175 948 1219 5220&
997 1176 1042 1217 Of
1059 1176 1167 1213 which,
1190 1179 1220 1207 to
1243 1176 1352 1217 Comp—

299 1226 413 1262 twoller,
429 1225 527 1265 fissO]
571 1224 616 1256 Et
631 1225 778 1266 serjando
799 1226 838 1257 de
853 1226 944 1263 Erth‚
959 1236 1017 1267 pro
1033 1225 1198 1264 feodosuo
1214 1225 1253 1257 de
1269 1236 1353 1257 anno

299 1275 452 1316 computi,
475 1285 516 1306 ex
539 1275 795 1306 consideracione
818 1275 1009 1313 auditorum,
1032 1286 1078 1307 xx
1107 1279 1130 1308 s.
1175 1275 1220 1306 Et
1249 1276 1353 1307 eidem

300 1324 509 1365 computanti,
532 1323 572 1355 de
595 1323 695 1355 firmis
718 1327 876 1356 terrarum
898 1325 938 1356 de
953 1325 1110 1366 Aldpark,
1134 1324 1352 1356 assedatarum

298 1373 441 1404 Johanni
464 1373 609 1405 Darrach
633 1377 665 1405 et
687 1374 797 1405 David
820 1374 929 1416 Brady
943 1385 1001 1416 pm
1024 1375 1119 1406 certis
1141 1374 1296 1412 terminis,
1312 1385 1352 1406 ex

298 1433 335 1454 eo
365 1422 451 1464 quod
481 1422 544 1463 ipsi
573 1433 638 1453 non
668 1423 850 1463 gaudebant
880 1424 1082 1456 assedacione
1109 1424 1169 1456 sibi
1201 1424 1286 1456 facta
1312 1424 1352 1456 de

298 1472 427 1509 eisdem,
450 1471 505 1503 sed
528 1474 602 1503 ante
628 1472 754 1503 exitum
776 1473 986 1506 terminorum
1012 1473 1241 1505 assedabantur
1270 1473 1351 1512 aliis,

297 1521 374 1553 licet
388 1531 583 1562 grassumam
601 1531 692 1552 suam
708 1522 748 1553 de
763 1522 884 1554 eisdem
896 1523 1071 1560 solvebant,
1084 1526 1116 1554 et
1131 1526 1274 1563 tempore
1287 1534 1350 1564 quo

297 1571 404 1602 levare
427 1570 544 1602 debent
560 1571 668 1602 firmas
691 1572 864 1604 earundem
880 1572 981 1604 nichil
1001 1572 1119 1613 reperit
1135 1572 1348 1614 distringibile

297 1620 426 1658 ibidem,
451 1630 491 1651 ex
516 1620 771 1653 consideracione
803 1622 985 1653 auditorum
1015 1622 1055 1653 ad
1085 1632 1222 1663 presens,
1252 1622 1284 1663 vj
1316 1622 1348 1654 11⁵„

298 1670 354 1711 xiij
372 1675 394 1702 s.
408 1670 454 1710 iiij
472 1670 500 1701 d.
547 1670 590 1701 Et
604 1670 718 1707 eidem,
734 1682 790 1712 per
812 1670 1008 1704 solucionem
1030 1672 1149 1703 factam
1164 1672 1249 1704 dicto
1265 1683 1350 1704 com-

297 1723 449 1760 putorum
479 1719 656 1757 rotulatori,
687 1720 804 1751 fatenti
833 1724 998 1762 receptum
1029 1731 1125 1762 super
1160 1725 1348 1762 computum

297 1779 354 1810 per
369 1768 516 1800 cedulam
532 1779 631 1800 manu
655 1779 713 1800 sua
736 1770 950 1811 subscriptam
973 1774 1133 1802 ostensam
1154 1781 1250 1812 super
1265 1781 1349 1803 com-

297 1822 422 1860 putum,
438 1819 470 1859 vj
487 1818 519 1850 fi.
537 1818 593 1859 xiij
611 1823 633 1850 s.
659 1819 706 1860 iiij
724 1818 763 1856 d„
778 1830 835 1860 pro
851 1821 968 1861 quibus
991 1820 1201 1862 respondebit.
1249 1821 1349 1862 [Suom

298 1868 375 1906 &44
391 1869 432 1899 68.
449 1868 500 1899 803.
538 1868 683 1906 Balanea,
699 1869 775 1907 &45
789 1870 832 1900 33.
857 1869 947 1912 Qut]
992 1870 1042 1901 De
1065 1870 1191 1912 quibus,
1217 1873 1294 1903 sunt
1309 1871 1350 1903 de

298 1921 383 1949 resta
408 1918 555 1959 magistri
570 1918 704 1950 Roberti
715 1919 862 1951 Forester
877 1923 1000 1961 septem
1015 1920 1096 1952 libre
1108 1920 1348 1961 quatuordecim

298 1968 392 1999 solidi
407 1968 557 1999 undecim
581 1968 711 2006 denarii,
738 1971 772 2000 et
800 1969 923 2000 domini
953 1970 1085 2001 Roberti
1106 1970 1202 2001 Mure
1232 1970 1350 2011 viginti

298 2020 421 2058 septem
448 2017 528 2049 libre
554 2017 672 2059 viginti
694 2028 778 2050 unus
802 2018 951 2050 denarius
973 2019 1054 2057 οὔῆ,
1069 2023 1103 2051 et
1132 2019 1178 2051 sic
1200 2019 1240 2059 de
1264 2020 1348 2051 claro

297 2072 418 2101 restant
435 2079 531 2110 super
547 2073 788 2111 computantem
805 2081 827 2101 x
841 2070 873 2102 fi.
890 2071 934 2112 vij
952 2075 974 2103 s.
989 2072 1002 2112 j
1021 2071 1049 2103 d.

341 2168 536 2209 Computum
562 2168 667 2200 Colini
692 2169 818 2201 comitis
839 2169 878 2202 de
901 2170 1017 2212 Ergile‚
1033 2170 1146 2202 ballivi
1169 2170 1208 2202 de
1232 2169 1346 2208 Cowel,
