1551 2462
389 310 449 339 402
700 308 864 341 ROTULI
888 308 1124 341 SCACCARH
1347 309 1438 339 1466.

387 401 487 432 firmis
503 404 658 433 terrarum
676 401 714 433 de
731 402 904 443 Hardanys
928 401 1147 442 spectaneium
1170 399 1279 431 heredi
1301 388 1439 431 Walteri

388 450 499 491 Spens,
515 462 588 482 eum
604 452 720 492 quibus
736 456 926 493 computans
943 454 1092 483 oneratur
1107 454 1140 482 et
1155 461 1229 482 cum
1241 450 1346 481 warda
1356 450 1438 491 ejus-

388 500 470 538 dem,
485 503 522 531 ub
538 503 627 541 patet
643 501 677 532 in
693 502 834 542 presenti
857 504 1017 542 computo,
1033 501 1072 532 de
1089 511 1173 531 anno
1189 499 1340 541 computi,
1356 500 1387 541 vj
1404 499 1436 530 Π.

387 600 542 640 capientis
568 599 800 631 indictamenta
837 600 922 641 apud
961 600 1107 637 Dunbar‚
1137 609 1200 630 non
1238 599 1366 630 intratis
1403 599 1438 630 in

329 656 331 658 ’
388 651 533 680 extractu
550 649 628 680 dicti
643 649 778 686 itineris,
795 652 831 680 ut
847 653 936 691 patet
958 660 1016 690 per
1032 649 1222 690 scripturam
1237 648 1315 679 dicti
1331 648 1438 680 elerici

173 1092 356 1134 Linlithqw.

388 702 549 729 ostensam
576 709 671 739 super
695 702 890 740 computum,
918 709 985 729 xxx
1011 703 1034 730 Ξ.
1079 699 1122 729 Et
1148 698 1260 735 eidem,
1276 698 1316 729 de
1339 697 1438 729 firmis

388 750 544 779 terrarum
560 748 599 779 de
622 748 773 789 Litilspot
796 749 830 779 in
853 748 1002 780 manibus
1025 748 1215 779 Archibaldi
1231 748 1271 779 de
1293 747 1438 784 Dunbar,

387 797 444 838 qui
460 798 600 829 ostendit:
615 802 735 829 cartam
751 809 842 830 suam
861 799 993 839 [domini
1007 798 1103 839 regis]
1120 798 1201 829 bone
1225 798 1386 834 memorie,
1402 801 1439 829 ut

387 850 476 887 patet
500 847 535 878 in
557 847 661 878 rotulo
685 848 761 878 anni
785 847 1042 888 quinquagesimi
1065 847 1151 884 noni,
1170 850 1202 878 eb
1225 847 1263 877 de
1287 846 1438 877 mandato

388 896 531 936 ejusdem
546 899 625 927 tuno
642 896 784 927 allocatis
800 897 840 927 de
856 907 941 927 anno
958 897 1109 937 computi,
1125 897 1181 937 xiij
1199 896 1230 927 fi.
1248 897 1279 937 vj
1297 900 1321 927 ἔ.
1335 896 1390 937 viij
1407 895 1436 926 d.

388 945 521 976 Summa
551 956 773 987 expensarum,
797 944 945 987 vclxxviij
971 946 1002 976 11.
1031 957 1075 976 xx
1101 946 1130 977 d.
1177 946 1219 977 Et
1245 946 1291 977 sie
1313 949 1437 977 restant

386 994 478 1036 vj⁰lvj
496 995 528 1026 fi.
545 995 577 1036 xj
595 999 617 1026 S.
635 995 666 1036 vj
684 995 713 1026 d.

431 1094 627 1135 Computum
654 1094 813 1126 Johannis
837 1094 876 1126 de
902 1094 1058 1131 Kinoade,
1079 1093 1250 1135 reoeptoris
1273 1094 1437 1125 firmarum

386 1143 509 1175 domini
540 1144 640 1175 nostri
670 1144 751 1185 regis
782 1144 866 1175 infra
896 1143 1137 1185 Libhqwsohire,
1175 1143 1386 1184 [Istlnlz'thyom
1414 1143 1437 1174 3

385 1193 466 1233 July
480 1193 675 1233 1466,fr0m
689 1194 733 1224 27
748 1193 833 1224 June
847 1193 943 1230 1465.

432 1242 557 1283 Cltaoye.
601 1242 748 1279 Arrears,
764 1243 841 1273 ,2392
855 1243 920 1273 113.
936 1241 1026 1284 ffel]
1077 1243 1089 1247 ’

429 1291 523 1328 Item,
538 1291 625 1322 idem
641 1295 752 1322 onerat
767 1301 800 1322 se
817 1290 856 1322 de
872 1301 938 1322 xxv
953 1291 984 1322 li.
1003 1291 1032 1332 vj
1051 1295 1073 1322 ἔ.
1092 1291 1146 1332 viij
1164 1290 1193 1322 d.
1217 1300 1275 1331 per
1296 1290 1435 1332 integras

385 1341 492 1373 firmas
515 1343 672 1372 terrarum
695 1341 734 1372 de
764 1341 918 1372 Kinoavil
948 1340 987 1372 de
1017 1341 1141 1372 duobus
1163 1340 1308 1371 terminis
1339 1340 1436 1381 hujus

385 1390 534 1431 computi.
581 1391 624 1421 Et
639 1391 678 1422 de
694 1402 738 1421 xx
753 1391 786 1422 H.
803 1391 856 1432 xvj
874 1395 896 1422 ἓ.
913 1401 971 1432 per
986 1391 1125 1432 integras
1146 1390 1253 1421 firmas
1276 1393 1434 1421 terrarum

385 1440 424 1470 de
454 1440 647 1471 Drumcorse
684 1441 723 1472 de
759 1440 853 1472 dietis
890 1441 1044 1472 terminis.
1089 1441 1133 1471 Et
1162 1441 1201 1471 de
1232 1441 1285 1481 xvj
1315 1440 1348 1472 hi
1378 1451 1435 1481 per

385 1489 524 1530 integras
540 1490 646 1521 firmas
663 1494 819 1521 terrarum
834 1490 873 1521 de
889 1490 1080 1531 Bonytoune
1095 1490 1134 1521 de
1150 1490 1235 1521 dicto
1254 1500 1346 1522 anno.
1391 1490 1434 1522 Et

384 1538 424 1569 (18
440 1549 483 1568 xx
499 1543 522 1569 ἐ,
539 1542 695 1570 terrarum
711 1539 750 1570 de
771 1539 973 1579 Kingisfelde
998 1539 1036 1570 de
1059 1540 1170 1570 eodem
1193 1550 1285 1571 anno.
1329 1540 1372 1570 Et
1395 1539 1434 1571 de

385 1587 440 1628 viij
457 1587 490 1618 fi.
506 1588 545 1618 de
561 1588 661 1619 firmis
676 1591 833 1619 terrarum
849 1588 888 1619 (18
908 1588 1062 1620 Lochside
1085 1589 1124 1619 de
1147 1588 1231 1619 dieto
1255 1599 1346 1620 anno.
1391 1589 1434 1620 Et

385 1636 424 1666 de
447 1636 515 1676 xiiij
539 1636 571 1667 fi„
596 1637 664 1678 xiiij
682 1641 704 1668 ἐ.
729 1637 784 1677 viij
802 1636 831 1668 d.
855 1637 893 1668 de
917 1637 1016 1668 firmis
1039 1647 1183 1668 aerarum
1207 1637 1329 1669 domini
1351 1638 1433 1679 regis

384 1688 452 1716 tam
482 1685 686 1717 orientalium
717 1697 814 1727 quam
844 1686 1091 1718 occidentalium
1121 1697 1217 1728 prope
1248 1686 1433 1728 Linlithqw,

385 1745 524 1766 unacum
555 1746 661 1766 annuo
690 1736 818 1767 redditu
848 1736 991 1777 quinque
1023 1736 1196 1768 solidorum
1227 1736 1266 1768 de
1296 1736 1433 1768 Fidlaris

386 1784 476 1815 Croft
492 1788 524 1815 et
540 1786 719 1817 Lambartis
735 1786 841 1817 Yarde
857 1786 896 1817 de
912 1785 997 1817 dicto
1013 1797 1104 1817 anno.
1143 1786 1186 1817 Et
1201 1786 1240 1817 de
1256 1797 1275 1816 x
1288 1785 1320 1816 fi.
1337 1786 1394 1827 xiij
1408 1790 1431 1818 ἓ.

383 1834 430 1874 iiij
448 1834 476 1865 d.
493 1837 650 1865 terrarum
666 1835 705 1866 de
724 1835 823 1876 Wray
847 1835 885 1867 de
909 1845 993 1866 anno
1016 1835 1166 1876 computi.
1211 1836 1254 1866 Et
1276 1835 1315 1866 de
1337 1846 1381 1866 xx
1396 1836 1429 1867 fi.

383 1887 540 1915 terrarum
567 1884 606 1915 de
629 1884 840 1915 Howistoune
863 1885 947 1916 infra
970 1885 1133 1916 baroniam
1156 1884 1195 1916 de
1218 1885 1370 1916 Strabrok
1393 1885 1432 1917 de

384 1933 478 1964 dictis
495 1934 646 1965 terminis.
692 1934 735 1965 Et
765 1934 804 1965 de
827 1934 882 1975 xiij
907 1934 939 1965 fi.
970 1935 1002 1975 vj
1027 1939 1049 1965 ἔ.
1074 1934 1130 1975 viij
1154 1934 1182 1966 d.
1207 1945 1263 1976 per
1292 1935 1431 1975 integras

384 1983 490 2014 firmas
506 1983 610 2014 medie
626 1983 726 2024 partis
742 1986 895 2015 terrarum
909 1984 1148 2015 dominicalium
1162 1984 1200 2015 (18
1212 1984 1431 2015 Howistowne

384 2032 423 2064 de
439 2033 550 2064 eodem
566 2043 656 2064 anno.
702 2034 745 2064 Et
761 2033 799 2064 de
815 2044 836 2064 x
852 2033 883 2064 n.
901 2033 940 2065 de
955 2033 1054 2065 firmis
1069 2036 1226 2065 terrarum
1240 2033 1278 2064 de
1297 2033 1432 2065 Kirkhil

383 2083 525 2123 predicte
548 2083 676 2114 baronie
701 2083 738 2114 de
762 2083 882 2114 eisdem
904 2083 1056 2114 terminis.
1101 2083 1145 2114 Et
1167 2083 1205 2114 de
1228 2082 1274 2123 h'ij
1292 2087 1315 2114 S.
1336 2082 1382 2123 iiij
1401 2082 1429 2114 d.

383 2131 423 2162 de
438 2131 539 2162 firmis
555 2131 730 2162 molendini
746 2132 889 2172 ejusdem
912 2132 951 2163 de
974 2132 1059 2163 dicto
1083 2142 1173 2163 anno.
1219 2131 1261 2162 Et
1283 2131 1322 2162 de
1344 2131 1388 2172 vij
1406 2136 1428 2163 ἔ.

383 2181 414 2221 vj
432 2181 460 2212 d.
479 2180 622 2221 quinque
639 2191 783 2218 acrarum
799 2181 994 2223 cotagiorum
1010 2181 1088 2213 dicti
1104 2181 1237 2213 dominii
1252 2181 1291 2212 de
1303 2181 1430 2213 Howis-

383 2232 479 2261 toune
495 2229 534 2261 de
549 2229 669 2261 eisdem
685 2230 838 2262 terminis.
884 2230 927 2262 Et
949 2230 988 2261 de
1011 2241 1054 2261 xv
1069 2230 1101 2262 11.
1127 2230 1148 2271 ij
1166 2235 1188 2262 ἓ.
1213 2240 1268 2271 per
1290 2230 1429 2272 integras
