1551 2462
377 187 440 219 600
689 192 852 225 ROTULI
877 193 1113 226 SCACCARII
1333 176 1439 226 1469(

377 281 439 314 tice
463 283 501 315 de
518 284 602 316 dicte
624 285 756 318 baronia
779 286 817 318 de
841 287 965 318 duobus
988 286 1135 318 terminis
1157 284 1255 326 hujus
1275 285 1424 327 computi,
1482 276 1533 332 ζ’,

377 335 411 364 et
433 333 533 364 nichil
554 334 606 366 hic
623 335 661 366 de
678 336 839 368 frumento
866 337 950 368 dicte
968 336 1106 373 baronie,
1122 335 1197 377 quia
1221 335 1366 366 canonici
1386 335 1425 367 de
1487 347 1533 378 g

379 381 655 415 Oambuskinneth
671 386 854 427 percipiunt
870 387 909 418 ad
925 397 1040 418 manus
1053 386 1204 427 proprias,
1216 385 1272 417 sed
1288 385 1426 417 nescitur
1457 415 1461 423 χ
1478 377 1505 423 ,12⁴
1527 383 1535 425 j,

379 431 419 462 ad
435 432 520 473 quod
532 436 667 475 tempus,
677 435 753 476 quia
762 446 860 477 grana
872 436 952 467 dicti
968 435 1194 467 camerariatus
1205 445 1270 466 non
1284 435 1430 476 imponez
1465 429 1468 435 ’

164 496 329 520 Consulendus
378 481 495 512 bantur
509 482 544 514 in
553 483 667 515 rotulis
680 489 753 516 ante
766 496 887 516 annum
897 485 1130 527 sexagesimum
1140 485 1322 526 septimum,
1334 494 1426 525 super
1455 511 1458 513 .
1502 523 1504 526 .
1527 482 1535 529 ¹.

163 528 200 549 est
210 533 258 549 ¹⁹¹·
378 542 441 572 quo
454 533 668 565 consulendus
679 537 726 566 est
738 546 802 567 rex.
847 535 890 566 Et
905 535 945 566 de
956 535 1070 575 xxxiiij
1086 534 1119 566 fi.
1130 534 1174 574 vij
1185 538 1209 565 5.
1223 544 1280 575 per
1288 533 1427 575 integras
1462 565 1466 571 ,
1489 525 1511 553 ‘.'
1520 529 1535 563 'J'

377 582 484 613 firmas
502 582 659 614 Aularum
672 584 710 616 de
726 585 809 616 Erth
824 585 862 617 de
880 585 973 617 dictis
990 584 1114 616 duobus
1130 584 1286 616 terminis.
1331 584 1374 615 Et
1389 583 1427 616 de
1443 605 1446 607 ,
1504 608 1506 610 -

378 632 446 673 xxij
457 632 488 662 fi.
500 632 544 673 vij
558 636 580 664 5.
592 633 624 673 vj
635 633 663 664 d.
672 635 684 675 j
697 635 803 666 celdra
815 635 884 676 xiiij
895 634 991 666 bollis
1002 634 1098 665 brasii
1107 643 1164 675 per
1172 633 1312 674 integras
1322 633 1427 665 firmas
1527 673 1533 679 ..

379 681 508 713 baronie
524 683 564 713 de
580 682 704 715 Skeoch
720 695 794 716 cum
810 684 1002 716 molendinis
1018 694 1188 725 granorum
1200 687 1233 715 et
1248 682 1381 714 fullonis
1396 685 1428 715 et
1475 706 1478 710 .
1518 701 1533 724 :2

379 731 626 772 Ingramysland
642 733 681 765 de
704 734 824 766 eisdem
839 734 992 765 terminis
1038 734 1081 765 Et
1097 733 1136 765 de
1151 733 1207 774 viij
1224 733 1256 764 li.
1275 733 1314 764 de
1331 732 1428 764 firmis
1463 748 1468 754 ·
1507 734 1533 761 'f‘

379 784 535 812 terrarum
550 782 589 813 de
605 782 757 823 Roploch.
803 784 846 815 Et
869 784 908 815 de
923 794 968 814 xx
984 787 1007 814 5.
1031 786 1114 815 terre
1130 783 1169 814 de
1185 782 1342 824 Blaregib.
1386 782 1429 814 Et
1470 795 1471 798 “
1503 820 1512 824 „
1527 800 1537 823 ς

380 881 419 912 (18
437 881 672 922 Quenyshalch.
718 883 761 913 Et
777 883 816 914 cle
831 883 888 923 xiij
912 882 944 914 fi.
961 882 993 923 vj
1011 886 1034 914 5.
1050 882 1107 923 viij
1125 882 1155 914 d.
1171 882 1271 914 annui
1285 880 1428 913 redditus

380 933 536 962 terrarum
561 932 600 963 de
625 932 780 974 Cragorth
803 933 842 964 de
869 933 963 964 dictis
987 932 1140 964 terminis.
1186 932 1229 963 Et
1252 931 1291 962 de
1313 941 1335 961 x
1357 931 1390 963 fi.
1405 931 1427 972 ij
1452 933 1471 961 .’

381 981 497 1012 celdris
514 981 667 1013 frumenti
683 983 705 1023 ij
723 982 836 1013 celdris
853 982 940 1013 ordei
956 985 988 1013 et
1003 981 1026 1023 ij
1043 981 1157 1013 celdris
1178 990 1352 1013 avenarum
1374 990 1430 1021 per
1516 1007 1519 1010 .

382 1031 523 1072 integras
553 1031 661 1062 firmas
692 1034 725 1063 et
754 1042 851 1073 grana
880 1035 1039 1063 terrarum
1069 1031 1109 1062 de
1139 1029 1339 1062 Inneralone.
1387 1030 1430 1061 Et
1464 1024 1477 1066 J
1511 1021 1533 1066 ᾖ

383 1081 422 1112 (18
438 1091 460 1111 x
475 1080 508 1112 fi.
524 1083 606 1112 terre
622 1081 661 1113 de
673 1082 699 1112 F
701 1082 861 1123 ossoquhi.
906 1081 949 1112 Et
971 1081 1010 1112 de
1026 1092 1048 1112 x
1063 1080 1095 1112 fi.
1112 1083 1195 1112 terre
1211 1080 1251 1111 de
1266 1079 1428 1120 Lupnoch.
1517 1078 1537 1119 >j

382 1131 424 1161 Et
448 1130 486 1161 de
510 1141 531 1161 x
554 1130 586 1162 fi.
610 1134 693 1163 terre
716 1132 756 1163 de
779 1130 983 1163 Lessintrule.
1029 1130 1072 1162 Et
1095 1130 1134 1162 (18
1164 1129 1212 1171 liij
1237 1133 1259 1161 5.
1283 1129 1329 1170 iiij
1353 1129 1382 1160 d.
1405 1128 1457 1169 ij-
1519 1124 1537 1134 ”’

382 1180 495 1211 celdris
512 1180 610 1211 brasii
631 1180 706 1212 ville
729 1179 768 1212 de
791 1181 880 1222 Logy
896 1181 935 1212 de
958 1180 1052 1211 dictis
1073 1179 1228 1217 terminis,
1243 1189 1306 1220 que
1321 1182 1430 1210 tamen
1464 1196 1466 1198 -

382 1230 547 1262 consuevit
573 1230 712 1261 assedari
736 1239 757 1269 p
815 1231 958 1272 quinque
981 1230 1095 1262 celdris
1117 1229 1224 1267 brasii,
1241 1232 1277 1259 ut
1292 1228 1430 1269 patetin

167 1295 334 1318 Consulendus
381 1279 498 1311 rentali
522 1280 599 1310 anni
623 1281 881 1322 quinquagesimi
905 1280 997 1317 sexti,
1021 1290 1116 1320 super
1138 1289 1201 1321 quo
1217 1278 1430 1310 consulendus
1472 1278 1474 1280 ’
1531 1270 1533 1276 “

165 1327 203 1348 est
213 1332 263 1348 ΝΣ·
383 1333 431 1362 est
446 1340 510 1361 rex.
556 1330 599 1361 Et
622 1330 661 1362 de
683 1331 729 1372 iiij
754 1330 786 1361 fi.
800 1331 812 1371 j
831 1330 937 1361 celdra
959 1330 1117 1361 frumenti·
1126 1330 1138 1370 j
1157 1329 1264 1360 celdra
1278 1328 1376 1359 brasii
1391 1327 1430 1359 de

382 1379 476 1410 Blare
499 1380 587 1421 Logy
610 1380 648 1411 de
673 1380 767 1411 dictis
791 1380 943 1411 terminis.
988 1380 1030 1410 Et
1053 1379 1092 1410 de
1111 1379 1143 1420 vj
1166 1378 1226 1419 fij
1244 1378 1350 1409 celdra
1365 1377 1431 1408 fru-

382 1429 485 1460 menti
508 1429 520 1469 j
549 1429 655 1460 celdra
682 1429 766 1461 ordei
791 1432 874 1460 terre
898 1428 936 1460 de
953 1428 1064 1460 Pullis.
1109 1429 1152 1459 Et
1168 1428 1207 1459 (18
1223 1428 1267 1469 xlj
1285 1427 1316 1458 15.
1333 1427 1389 1469 xiij
1407 1430 1430 1464 5,

381 1479 438 1519 viij
456 1478 486 1510 d.
501 1479 534 1518 xj
552 1478 665 1510 celdris
681 1479 737 1520 viij
755 1479 849 1510 bollis
862 1478 959 1509 brasii
967 1489 1023 1519 per
1035 1478 1174 1519 integras
1185 1477 1291 1508 firmas
1301 1476 1430 1508 bar-onie
1459 1501 1463 1506 .

383 1531 422 1561 de
437 1529 613 1561 Tulicultre
636 1529 675 1561 de
698 1530 792 1561 dictis
816 1529 967 1561 terminis.
1014 1529 1057 1560 Et
1079 1529 1118 1560 (18
1135 1539 1154 1560 ν
1170 1529 1201 1560 ii.
1219 1531 1376 1560 terrarum
1391 1528 1430 1560 de
1476 1562 1481 1567 ⁵

382 1579 652 1611 Lethbertschelis
675 1583 708 1611 et
731 1579 923 1611 Standleche
947 1579 985 1610 de
1011 1579 1104 1610 dictis
1127 1579 1280 1610 terminis.
1326 1579 1370 1610 Et
1391 1577 1431 1610 de

382 1629 414 1670 vj
430 1628 463 1659 fi.
487 1629 544 1670 xiij
561 1633 584 1660 5.
607 1629 653 1669 iiij
671 1629 700 1660 d.
724 1631 806 1660 terre
829 1628 868 1660 de
891 1628 1149 1669 Litilsauchquhi
1172 1628 1210 1659 de
1234 1627 1354 1659 eisdem
1369 1631 1432 1659 ter-

383 1678 488 1710 minis.
533 1678 576 1709 Et
602 1678 641 1709 de
665 1678 742 1719 xxvj
769 1682 792 1709 5.
809 1678 866 1719 viij
895 1678 923 1710 d.
941 1681 1022 1710 terre
1045 1677 1251 1715 derTorhede,
1267 1677 1322 1709 sed
1345 1677 1432 1710 valet
1479 1688 1483 1692 ·

383 1728 596 1770 quadraginta
618 1727 736 1759 solidos
759 1728 794 1759 in
817 1739 907 1760 anno.
953 1729 996 1759 Et
1018 1728 1058 1760 de
1073 1738 1095 1759 v
1110 1727 1225 1759 celdris
1241 1727 1396 1758 frumenti
1411 1736 1432 1758 v
1469 1721 1475 1723 ⁴

383 1778 498 1810 celdris
525 1777 612 1809 ordei
637 1777 659 1818 ij
686 1778 800 1809 celdris
827 1788 1001 1809 avenarum
1026 1778 1065 1809 de
1089 1777 1189 1809 firmis
1213 1780 1368 1808 terrarum
1392 1777 1432 1808 de

385 1828 577 1864 Corntoune,
588 1837 650 1867 que
663 1827 851 1858 assedantur
863 1827 903 1858 ad
915 1838 1012 1868 grana
1024 1831 1160 1859 tantum.
1191 1827 1324 1858 Summa
1334 1826 1432 1867 hujus
1459 1825 1463 1829 ”

386 1877 489 1908 oneris
504 1876 649 1917 pecunie,
664 1876 767 1917 ij⁰lxvj
785 1877 816 1908 fi.
834 1877 912 1918 xviij
930 1877 958 1908 d.

427 1926 575 1967 Expense
599 1925 750 1966 ejusdem.
796 1926 835 1957 In
861 1926 980 1967 primis,
1004 1926 1137 1958 allocate
1162 1925 1362 1966 computanti
1375 1935 1433 1966 per
1472 1951 1473 1954 ,

383 1975 579 2007 solucionem
596 1974 713 2005 factam
729 1974 893 2015 capellano
907 1975 1081 2006 celebranti
1089 1975 1124 2006 in
1140 1977 1242 2006 castro
1258 1974 1297 2005 de
1313 1973 1431 2005 Strive-

383 2025 460 2066 ling,
483 2024 672 2066 percipienti
697 2024 864 2055 annuatim
889 2025 999 2056 decem
1025 2035 1146 2056 marcas
1170 2035 1210 2056 ex
1241 2023 1432 2055 fundacione
1464 2055 1469 2059 ⁷¹

385 2074 508 2106 domini
523 2074 614 2115 regis,
630 2077 667 2104 ut
690 2076 779 2114 patet
801 2073 836 2104 iu
859 2074 972 2105 rotulis
996 2073 1247 2115 precedentibus,
1263 2073 1302 2104 de
1325 2082 1432 2104 annuo
1480 2074 1485 2081 '¹

384 2124 512 2156 redditu
539 2123 578 2155 de
606 2123 758 2165 Cragorth
782 2133 840 2164 pro
865 2123 957 2155 feodo
979 2134 1037 2155 suo
1058 2124 1096 2155 de
1122 2134 1206 2155 anno
1232 2123 1383 2165 computi,
1400 2122 1430 2164 vj
1482 2128 1487 2168 J
1525 2134 1527 2143 ’

1516 2027 1529 2106 -‡'·<ss
1515 1649 1534 1999 kajaass-assae--x-ss-ss-:ffi
1523 1599 1535 1638 ,ᾼ..·
1525 1550 1535 1581 ’.τ-
1531 1515 1534 1523 Α.
1531 1444 1535 1476 „s
