<?xml version="1.0" encoding="UTF-8"?>
<!DOCTYPE html PUBLIC "-//W3C//DTD XHTML 1.0 Transitional//EN"
    "http://www.w3.org/TR/xhtml1/DTD/xhtml1-transitional.dtd">
<html xmlns="http://www.w3.org/1999/xhtml" xml:lang="en" lang="en">
 <head>
  <title>
</title>
<meta http-equiv="Content-Type" content="text/html;charset=utf-8" />
  <meta name='ocr-system' content='tesseract 3.04.00' />
  <meta name='ocr-capabilities' content='ocr_page ocr_carea ocr_par ocr_line ocrx_word'/>
</head>
<body>
  <div class='ocr_page' id='page_1' title='image "./rotuliscaccariir07scot_0639.png"; bbox 0 0 1551 2462; ppageno 0'>
   <div class='ocr_carea' id='block_1_1' title="bbox 27 151 1163 213">
    <p class='ocr_par' dir='ltr' id='par_1_1' title="bbox 27 151 1163 213">
     <span class='ocr_line' id='line_1_1' title="bbox 27 151 1163 213; baseline 0.005 -6"><span class='ocrx_word' id='word_1_1' title='bbox 27 151 48 173; x_wconf 32' lang='grc' dir='ltr'>’ζ</span> <span class='ocrx_word' id='word_1_2' title='bbox 64 178 74 182; x_wconf 74' lang='grc'><strong><em>’</em></strong></span> <span class='ocrx_word' id='word_1_3' title='bbox 127 179 216 208; x_wconf 85' lang='lat'>1468.</span> <span class='ocrx_word' id='word_1_4' title='bbox 433 177 595 209; x_wconf 79' lang='lat' dir='ltr'><strong>REGUM</strong></span> <span class='ocrx_word' id='word_1_5' title='bbox 619 177 866 211; x_wconf 81' lang='lat' dir='ltr'><strong>SOOTORUM.</strong></span> <span class='ocrx_word' id='word_1_6' title='bbox 1105 185 1163 213; x_wconf 83' lang='lat'>561</span> 
     </span>
    </p>
   </div>
   <div class='ocr_carea' id='block_1_2' title="bbox 125 268 1171 660">
    <p class='ocr_par' dir='ltr' id='par_1_2' title="bbox 125 268 1171 660">
     <span class='ocr_line' id='line_1_2' title="bbox 125 268 1167 314; baseline 0.003 -13"><span class='ocrx_word' id='word_1_7' title='bbox 125 268 260 301; x_wconf 79' lang='lat' dir='ltr'>termino</span> <span class='ocrx_word' id='word_1_8' title='bbox 276 269 502 301; x_wconf 80' lang='lat' dir='ltr'>Penthecostes</span> <span class='ocrx_word' id='word_1_9' title='bbox 524 270 647 308; x_wconf 86' lang='lat' dir='ltr'>ultimo,</span> <span class='ocrx_word' id='word_1_10' title='bbox 670 281 710 302; x_wconf 85' lang='lat' dir='ltr'>ex</span> <span class='ocrx_word' id='word_1_11' title='bbox 733 272 933 304; x_wconf 74' lang='lat' dir='ltr'>concessione</span> <span class='ocrx_word' id='word_1_12' title='bbox 949 272 1071 304; x_wconf 86' lang='lat' dir='ltr'>domini</span> <span class='ocrx_word' id='word_1_13' title='bbox 1086 274 1167 314; x_wconf 84' lang='lat' dir='ltr'>regis</span> 
     </span>
     <span class='ocr_line' id='line_1_3' title="bbox 127 318 1165 362; baseline 0.004 -13"><span class='ocrx_word' id='word_1_14' title='bbox 127 319 186 349; x_wconf 82' lang='lat' dir='ltr'>sub</span> <span class='ocrx_word' id='word_1_15' title='bbox 221 318 347 359; x_wconf 83' lang='lat' dir='ltr'>privato</span> <span class='ocrx_word' id='word_1_16' title='bbox 377 319 512 351; x_wconf 87' lang='lat' dir='ltr'>durante</span> <span class='ocrx_word' id='word_1_17' title='bbox 549 320 714 351; x_wconf 85' lang='lat' dir='ltr'>voluntate</span> <span class='ocrx_word' id='word_1_18' title='bbox 744 321 834 361; x_wconf 83' lang='lat' dir='ltr'>regis,</span> <span class='ocrx_word' id='word_1_19' title='bbox 871 322 1023 362; x_wconf 85' lang='lat' dir='ltr'>magistro</span> <span class='ocrx_word' id='word_1_20' title='bbox 1061 323 1165 353; x_wconf 87' lang='lat' dir='ltr'>David</span> 
     </span>
     <span class='ocr_line' id='line_1_4' title="bbox 126 367 1167 413; baseline 0.005 -15"><span class='ocrx_word' id='word_1_21' title='bbox 126 367 249 399; x_wconf 80' lang='lat' dir='ltr'>Guthre</span> <span class='ocrx_word' id='word_1_22' title='bbox 275 371 413 400; x_wconf 84' lang='lat' dir='ltr'>testante</span> <span class='ocrx_word' id='word_1_23' title='bbox 442 370 676 401; x_wconf 79' lang='lat' dir='ltr'>concessionem</span> <span class='ocrx_word' id='word_1_24' title='bbox 704 380 798 411; x_wconf 85' lang='lat' dir='ltr'>super</span> <span class='ocrx_word' id='word_1_25' title='bbox 829 375 1024 411; x_wconf 87' lang='lat' dir='ltr'>computum,</span> <span class='ocrx_word' id='word_1_26' title='bbox 1051 373 1107 413; x_wconf 80' lang='lat' dir='ltr'>xiij</span> <span class='ocrx_word' id='word_1_27' title='bbox 1135 373 1167 403; x_wconf 74' lang='lat' dir='ltr'>ri.</span> 
     </span>
     <span class='ocr_line' id='line_1_5' title="bbox 125 416 1169 469; baseline 0.004 -21"><span class='ocrx_word' id='word_1_28' title='bbox 125 418 157 458; x_wconf 88' lang='lat' dir='ltr'>vj</span> <span class='ocrx_word' id='word_1_29' title='bbox 182 421 204 449; x_wconf 71' lang='grc' dir='ltr'>ἔ.</span> <span class='ocrx_word' id='word_1_30' title='bbox 231 417 287 458; x_wconf 89' lang='lat' dir='ltr'>viij</span> <span class='ocrx_word' id='word_1_31' title='bbox 318 416 347 448; x_wconf 73' lang='grc'>(1.</span> <span class='ocrx_word' id='word_1_32' title='bbox 392 418 435 449; x_wconf 90' lang='lat' dir='ltr'>Et</span> <span class='ocrx_word' id='word_1_33' title='bbox 465 419 576 457; x_wconf 86' lang='lat' dir='ltr'>eidem,</span> <span class='ocrx_word' id='word_1_34' title='bbox 606 423 736 460; x_wconf 85' lang='lat' dir='ltr'>propter</span> <span class='ocrx_word' id='word_1_35' title='bbox 769 420 984 469; x_wconf 72' lang='lat' dir='ltr'>decidenciam</span> <span class='ocrx_word' id='word_1_36' title='bbox 1014 424 1169 453; x_wconf 81' lang='lat' dir='ltr'>terrarum</span> 
     </span>
     <span class='ocr_line' id='line_1_6' title="bbox 126 466 1169 509; baseline 0.005 -12"><span class='ocrx_word' id='word_1_37' title='bbox 126 466 364 498; x_wconf 80' lang='lat' dir='ltr'>dominicalium</span> <span class='ocrx_word' id='word_1_38' title='bbox 388 468 426 499; x_wconf 87' lang='lat' dir='ltr'>de</span> <span class='ocrx_word' id='word_1_39' title='bbox 449 468 569 509; x_wconf 87' lang='lat' dir='ltr'>Mygve</span> <span class='ocrx_word' id='word_1_40' title='bbox 592 469 631 500; x_wconf 85' lang='lat' dir='ltr'>de</span> <span class='ocrx_word' id='word_1_41' title='bbox 658 470 794 500; x_wconf 87' lang='lat' dir='ltr'>termino</span> <span class='ocrx_word' id='word_1_42' title='bbox 815 470 1051 507; x_wconf 84' lang='lat' dir='ltr'>Penthecostes‚</span> <span class='ocrx_word' id='word_1_43' title='bbox 1067 481 1107 502; x_wconf 81' lang='lat' dir='ltr'>ex</span> <span class='ocrx_word' id='word_1_44' title='bbox 1133 481 1169 502; x_wconf 93' lang='grc'>00</span> 
     </span>
     <span class='ocr_line' id='line_1_7' title="bbox 125 516 1170 558; baseline 0.004 -11"><span class='ocrx_word' id='word_1_45' title='bbox 125 516 210 557; x_wconf 84' lang='lat' dir='ltr'>quod</span> <span class='ocrx_word' id='word_1_46' title='bbox 234 520 420 558; x_wconf 78' lang='lat' dir='ltr'>computans</span> <span class='ocrx_word' id='word_1_47' title='bbox 447 521 596 549; x_wconf 84' lang='lat' dir='ltr'>oneratur</span> <span class='ocrx_word' id='word_1_48' title='bbox 622 529 695 549; x_wconf 87' lang='lat' dir='ltr'>cum</span> <span class='ocrx_word' id='word_1_49' title='bbox 721 519 830 550; x_wconf 86' lang='lat' dir='ltr'>decem</span> <span class='ocrx_word' id='word_1_50' title='bbox 857 519 947 550; x_wconf 85' lang='lat' dir='ltr'>libris</span> <span class='ocrx_word' id='word_1_51' title='bbox 974 520 1008 550; x_wconf 89' lang='lat' dir='ltr'>in</span> <span class='ocrx_word' id='word_1_52' title='bbox 1031 530 1114 551; x_wconf 83' lang='lat' dir='ltr'>anno</span> <span class='ocrx_word' id='word_1_53' title='bbox 1137 525 1170 552; x_wconf 86' lang='lat' dir='ltr'>et</span> 
     </span>
     <span class='ocr_line' id='line_1_8' title="bbox 126 565 1168 610; baseline 0.003 -14"><span class='ocrx_word' id='word_1_54' title='bbox 126 565 246 597; x_wconf 84' lang='lat' dir='ltr'>rentale</span> <span class='ocrx_word' id='word_1_55' title='bbox 268 566 411 598; x_wconf 87' lang='lat' dir='ltr'>continet</span> <span class='ocrx_word' id='word_1_56' title='bbox 427 567 530 598; x_wconf 84' lang='lat' dir='ltr'>solnm</span> <span class='ocrx_word' id='word_1_57' title='bbox 553 571 623 598; x_wconf 90' lang='lat' dir='ltr'>octo</span> <span class='ocrx_word' id='word_1_58' title='bbox 638 578 769 605; x_wconf 81' lang='lat' dir='ltr'>marcas,</span> <span class='ocrx_word' id='word_1_59' title='bbox 785 568 823 599; x_wconf 89' lang='lat' dir='ltr'>de</span> <span class='ocrx_word' id='word_1_60' title='bbox 839 568 924 599; x_wconf 83' lang='lat' dir='ltr'>dicto</span> <span class='ocrx_word' id='word_1_61' title='bbox 940 569 1084 606; x_wconf 84' lang='lat' dir='ltr'>termino,</span> <span class='ocrx_word' id='word_1_62' title='bbox 1101 569 1168 610; x_wconf 85' lang='lat' dir='ltr'>xlvj</span> 
     </span>
     <span class='ocr_line' id='line_1_9' title="bbox 127 616 1171 660; baseline 0.002 -13"><span class='ocrx_word' id='word_1_63' title='bbox 127 620 151 648; x_wconf 75' lang='grc' dir='ltr'>ἔ.</span> <span class='ocrx_word' id='word_1_64' title='bbox 165 616 222 657; x_wconf 88' lang='lat' dir='ltr'>viij</span> <span class='ocrx_word' id='word_1_65' title='bbox 238 616 267 648; x_wconf 78' lang='lat' dir='ltr'>d.</span> <span class='ocrx_word' id='word_1_66' title='bbox 312 617 355 648; x_wconf 87' lang='lat' dir='ltr'>Et</span> <span class='ocrx_word' id='word_1_67' title='bbox 377 617 489 654; x_wconf 87' lang='lat' dir='ltr'>eidem,</span> <span class='ocrx_word' id='word_1_68' title='bbox 504 627 561 658; x_wconf 87' lang='lat' dir='ltr'>pro</span> <span class='ocrx_word' id='word_1_69' title='bbox 578 617 752 658; x_wconf 87' lang='lat' dir='ltr'>agitacione</span> <span class='ocrx_word' id='word_1_70' title='bbox 769 621 898 649; x_wconf 88' lang='lat' dir='ltr'>centum</span> <span class='ocrx_word' id='word_1_71' title='bbox 914 620 946 649; x_wconf 85' lang='lat' dir='ltr'>et</span> <span class='ocrx_word' id='word_1_72' title='bbox 962 619 1171 660; x_wconf 83' lang='lat' dir='ltr'>quadraginta</span> 
     </span>
    </p>
   </div>
   <div class='ocr_carea' id='block_1_3' title="bbox 81 666 1171 708">
    <p class='ocr_par' dir='ltr' id='par_1_3' title="bbox 81 666 1171 708">
     <span class='ocr_line' id='line_1_10' title="bbox 81 666 1171 708; baseline 0.003 -12"><span class='ocrx_word' id='word_1_73' title='bbox 81 676 89 681; x_wconf 50' lang='grc'><em>“</em></span> <span class='ocrx_word' id='word_1_74' title='bbox 125 669 292 697; x_wconf 79' lang='lat' dir='ltr'>mutonum</span> <span class='ocrx_word' id='word_1_75' title='bbox 309 666 347 697; x_wconf 87' lang='lat' dir='ltr'>de</span> <span class='ocrx_word' id='word_1_76' title='bbox 363 666 522 698; x_wconf 83' lang='lat' dir='ltr'>Garviach</span> <span class='ocrx_word' id='word_1_77' title='bbox 538 677 638 707; x_wconf 85' lang='lat' dir='ltr'>usque</span> <span class='ocrx_word' id='word_1_78' title='bbox 662 667 833 704; x_wconf 84' lang='lat' dir='ltr'>Faucland,</span> <span class='ocrx_word' id='word_1_79' title='bbox 849 678 911 708; x_wconf 89' lang='lat' dir='ltr'>que</span> <span class='ocrx_word' id='word_1_80' title='bbox 926 678 991 699; x_wconf 84' lang='lat' dir='ltr'>non</span> <span class='ocrx_word' id='word_1_81' title='bbox 1007 669 1171 699; x_wconf 86' lang='lat' dir='ltr'>continen-</span> 
     </span>
    </p>
   </div>
   <div class='ocr_carea' id='block_1_4' title="bbox 124 715 1172 807">
    <p class='ocr_par' dir='ltr' id='par_1_4' title="bbox 124 715 1172 807">
     <span class='ocr_line' id='line_1_11' title="bbox 124 715 1172 757; baseline 0.004 -12"><span class='ocrx_word' id='word_1_82' title='bbox 124 715 226 745; x_wconf 87' lang='lat' dir='ltr'>turin</span> <span class='ocrx_word' id='word_1_83' title='bbox 247 715 328 746; x_wconf 87' lang='lat' dir='ltr'>libro</span> <span class='ocrx_word' id='word_1_84' title='bbox 352 715 513 753; x_wconf 84' lang='lat' dir='ltr'>domicilii,</span> <span class='ocrx_word' id='word_1_85' title='bbox 529 726 572 746; x_wconf 82' lang='lat' dir='ltr'>xx</span> <span class='ocrx_word' id='word_1_86' title='bbox 589 720 612 747; x_wconf 72' lang='lat' dir='ltr'>s.</span> <span class='ocrx_word' id='word_1_87' title='bbox 657 716 699 746; x_wconf 91' lang='lat' dir='ltr'>Et</span> <span class='ocrx_word' id='word_1_88' title='bbox 722 717 833 754; x_wconf 86' lang='lat' dir='ltr'>eidem,</span> <span class='ocrx_word' id='word_1_89' title='bbox 857 727 913 757; x_wconf 88' lang='lat' dir='ltr'>pro</span> <span class='ocrx_word' id='word_1_90' title='bbox 943 718 1042 749; x_wconf 85' lang='lat' dir='ltr'>tercia</span> <span class='ocrx_word' id='word_1_91' title='bbox 1065 717 1172 749; x_wconf 88' lang='lat' dir='ltr'>debita</span> 
     </span>
     <span class='ocr_line' id='line_1_12' title="bbox 127 763 1172 807; baseline 0.003 -13"><span class='ocrx_word' id='word_1_92' title='bbox 127 763 253 795; x_wconf 89' lang='lat' dir='ltr'>domine</span> <span class='ocrx_word' id='word_1_93' title='bbox 263 764 302 795; x_wconf 90' lang='lat' dir='ltr'>de</span> <span class='ocrx_word' id='word_1_94' title='bbox 311 764 494 805; x_wconf 86' lang='lat' dir='ltr'>Aldbourty</span> <span class='ocrx_word' id='word_1_95' title='bbox 500 775 572 796; x_wconf 89' lang='lat' dir='ltr'>cum</span> <span class='ocrx_word' id='word_1_96' title='bbox 583 766 699 806; x_wconf 87' lang='lat' dir='ltr'>quibus</span> <span class='ocrx_word' id='word_1_97' title='bbox 710 770 897 806; x_wconf 82' lang='lat' dir='ltr'>computans</span> <span class='ocrx_word' id='word_1_98' title='bbox 908 767 1053 807; x_wconf 87' lang='lat' dir='ltr'>superius</span> <span class='ocrx_word' id='word_1_99' title='bbox 1063 777 1172 798; x_wconf 87' lang='lat' dir='ltr'>onera-</span> 
     </span>
    </p>
   </div>
   <div class='ocr_carea' id='block_1_5' title="bbox 116 812 1172 855">
    <p class='ocr_par' dir='ltr' id='par_1_5' title="bbox 116 812 1172 855">
     <span class='ocr_line' id='line_1_13' title="bbox 116 812 1172 855; baseline 0.004 -12"><span class='ocrx_word' id='word_1_100' title='bbox 116 816 188 849; x_wconf 80' lang='lat' dir='ltr'>¹tur,</span> <span class='ocrx_word' id='word_1_101' title='bbox 199 812 232 844; x_wconf 83' lang='lat' dir='ltr'>xl</span> <span class='ocrx_word' id='word_1_102' title='bbox 244 817 266 844; x_wconf 71' lang='grc' dir='ltr'>ἒ.</span> <span class='ocrx_word' id='word_1_103' title='bbox 304 813 346 844; x_wconf 87' lang='lat' dir='ltr'>Et</span> <span class='ocrx_word' id='word_1_104' title='bbox 358 813 469 851; x_wconf 85' lang='lat' dir='ltr'>eidem,</span> <span class='ocrx_word' id='word_1_105' title='bbox 482 825 538 855; x_wconf 87' lang='lat' dir='ltr'>per</span> <span class='ocrx_word' id='word_1_106' title='bbox 547 814 771 846; x_wconf 89' lang='lat' dir='ltr'>liberacionem</span> <span class='ocrx_word' id='word_1_107' title='bbox 783 815 899 846; x_wconf 75' lang='lat' dir='ltr'>factam</span> <span class='ocrx_word' id='word_1_108' title='bbox 912 816 983 846; x_wconf 88' lang='lat' dir='ltr'>Ade</span> <span class='ocrx_word' id='word_1_109' title='bbox 999 816 1120 847; x_wconf 80' lang='lat' dir='ltr'>VValles</span> <span class='ocrx_word' id='word_1_110' title='bbox 1134 817 1172 847; x_wconf 87' lang='lat' dir='ltr'>de</span> 
     </span>
    </p>
   </div>
   <div class='ocr_carea' id='block_1_6' title="bbox 127 861 1378 1004">
    <p class='ocr_par' dir='ltr' id='par_1_6' title="bbox 127 861 1378 1004">
     <span class='ocr_line' id='line_1_14' title="bbox 131 861 1172 904; baseline 0.005 -12"><span class='ocrx_word' id='word_1_111' title='bbox 131 861 277 903; x_wconf 83' lang='lat' dir='ltr'>Crago·in</span> <span class='ocrx_word' id='word_1_112' title='bbox 290 862 413 894; x_wconf 91' lang='lat' dir='ltr'>duobus</span> <span class='ocrx_word' id='word_1_113' title='bbox 428 863 558 904; x_wconf 88' lang='lat' dir='ltr'>paribus</span> <span class='ocrx_word' id='word_1_114' title='bbox 574 864 745 895; x_wconf 82' lang='lat' dir='ltr'>calcarium</span> <span class='ocrx_word' id='word_1_115' title='bbox 761 864 983 896; x_wconf 85' lang='lat' dir='ltr'>deauratorum</span> <span class='ocrx_word' id='word_1_116' title='bbox 1000 865 1070 896; x_wconf 88' lang='lat' dir='ltr'>albe</span> <span class='ocrx_word' id='word_1_117' title='bbox 1082 866 1172 897; x_wconf 89' lang='lat' dir='ltr'>firme</span> 
     </span>
     <span class='ocr_line' id='line_1_15' title="bbox 127 912 1351 956; baseline 0.004 -14"><span class='ocrx_word' id='word_1_118' title='bbox 127 914 208 942; x_wconf 81' lang='lat' dir='ltr'>terre</span> <span class='ocrx_word' id='word_1_119' title='bbox 219 912 258 943; x_wconf 89' lang='lat' dir='ltr'>de</span> <span class='ocrx_word' id='word_1_120' title='bbox 274 912 434 954; x_wconf 81' lang='lat' dir='ltr'>Lethindy</span> <span class='ocrx_word' id='word_1_121' title='bbox 444 914 478 944; x_wconf 92' lang='lat' dir='ltr'>in</span> <span class='ocrx_word' id='word_1_122' title='bbox 491 913 649 944; x_wconf 85' lang='lat' dir='ltr'>Garviach</span> <span class='ocrx_word' id='word_1_123' title='bbox 666 914 704 945; x_wconf 90' lang='lat' dir='ltr'>de</span> <span class='ocrx_word' id='word_1_124' title='bbox 715 924 797 944; x_wconf 83' lang='lat' dir='ltr'>anno</span> <span class='ocrx_word' id='word_1_125' title='bbox 811 914 952 955; x_wconf 88' lang='lat' dir='ltr'>computi</span> <span class='ocrx_word' id='word_1_126' title='bbox 964 918 996 945; x_wconf 88' lang='lat' dir='ltr'>et</span> <span class='ocrx_word' id='word_1_127' title='bbox 1009 925 1091 946; x_wconf 83' lang='lat' dir='ltr'>anno</span> <span class='ocrx_word' id='word_1_128' title='bbox 1104 926 1173 956; x_wconf 81' lang='lat' dir='ltr'>pre·</span> <span class='ocrx_word' id='word_1_129' title='bbox 1186 927 1351 956; x_wconf 69' lang='lat' dir='ltr'>Respondebit</span> 
     </span>
     <span class='ocr_line' id='line_1_16' title="bbox 128 957 1378 1004; baseline 0.003 -12"><span class='ocrx_word' id='word_1_130' title='bbox 128 961 258 993; x_wconf 77' lang='lat' dir='ltr'>cedente</span> <span class='ocrx_word' id='word_1_131' title='bbox 273 961 333 993; x_wconf 89' lang='lat' dir='ltr'>hoc</span> <span class='ocrx_word' id='word_1_132' title='bbox 349 966 544 1003; x_wconf 87' lang='lat' dir='ltr'>computum,</span> <span class='ocrx_word' id='word_1_133' title='bbox 560 963 615 1003; x_wconf 76' lang='lat' dir='ltr'>xiij</span> <span class='ocrx_word' id='word_1_134' title='bbox 633 967 655 994; x_wconf 70' lang='lat' dir='ltr'>s.</span> <span class='ocrx_word' id='word_1_135' title='bbox 672 963 718 1003; x_wconf 82' lang='lat' dir='ltr'>iiij</span> <span class='ocrx_word' id='word_1_136' title='bbox 736 963 775 1001; x_wconf 60' lang='grc' dir='ltr'>(ἶ,</span> <span class='ocrx_word' id='word_1_137' title='bbox 790 974 846 1004; x_wconf 82' lang='lat' dir='ltr'>pro</span> <span class='ocrx_word' id='word_1_138' title='bbox 865 964 981 1004; x_wconf 86' lang='lat' dir='ltr'>quibus</span> <span class='ocrx_word' id='word_1_139' title='bbox 998 964 1173 996; x_wconf 83' lang='lat' dir='ltr'>calcaribus</span> <span class='ocrx_word' id='word_1_140' title='bbox 1186 957 1304 980; x_wconf 73' lang='lat' dir='ltr'>rotuiator</span> <span class='ocrx_word' id='word_1_141' title='bbox 1314 957 1378 985; x_wconf 49' lang='lat'>¹³⁰³</span> 
     </span>
    </p>
   </div>
   <div class='ocr_carea' id='block_1_7' title="bbox 127 987 1334 1054">
    <p class='ocr_par' dir='ltr' id='par_1_7' title="bbox 127 987 1334 1054">
     <span class='ocr_line' id='line_1_17' title="bbox 127 987 1334 1054; baseline 0.003 -12"><span class='ocrx_word' id='word_1_142' title='bbox 127 1011 279 1042; x_wconf 85' lang='lat' dir='ltr'>rotulator</span> <span class='ocrx_word' id='word_1_143' title='bbox 303 1012 513 1053; x_wconf 82' lang='lat' dir='ltr'>respondebit.</span> <span class='ocrx_word' id='word_1_144' title='bbox 561 1013 604 1044; x_wconf 90' lang='lat' dir='ltr'>Et</span> <span class='ocrx_word' id='word_1_145' title='bbox 628 1013 836 1053; x_wconf 81' lang='lat' dir='ltr'>computanti,</span> <span class='ocrx_word' id='word_1_146' title='bbox 858 1023 914 1054; x_wconf 86' lang='lat' dir='ltr'>pro</span> <span class='ocrx_word' id='word_1_147' title='bbox 938 1014 1029 1045; x_wconf 76' lang='lat' dir='ltr'>feodo</span> <span class='ocrx_word' id='word_1_148' title='bbox 1054 1025 1112 1045; x_wconf 90' lang='lat' dir='ltr'>suo</span> <span class='ocrx_word' id='word_1_149' title='bbox 1138 1015 1172 1045; x_wconf 89' lang='lat' dir='ltr'>in</span> <span class='ocrx_word' id='word_1_150' title='bbox 1186 987 1286 1039; x_wconf 43' lang='grc' dir='ltr'>33111)ἒέ</span> <span class='ocrx_word' id='word_1_151' title='bbox 1297 987 1334 1008; x_wconf 75' lang='lat' dir='ltr'>eal</span> 
     </span>
    </p>
   </div>
   <div class='ocr_carea' id='block_1_8' title="bbox 52 1061 1172 1103">
    <p class='ocr_par' dir='ltr' id='par_1_8' title="bbox 52 1061 1172 1103">
     <span class='ocr_line' id='line_1_18' title="bbox 52 1061 1172 1103; baseline 0.003 -11"><span class='ocrx_word' id='word_1_152' title='bbox 52 1073 58 1076; x_wconf 81' lang='lat'>·</span> <span class='ocrx_word' id='word_1_153' title='bbox 95 1094 99 1095; x_wconf 21' lang='lat'><em>⁷</em></span> <span class='ocrx_word' id='word_1_154' title='bbox 127 1061 228 1092; x_wconf 80' lang='lat' dir='ltr'>officio</span> <span class='ocrx_word' id='word_1_155' title='bbox 243 1062 467 1093; x_wconf 73' lang='lat' dir='ltr'>camerariatus</span> <span class='ocrx_word' id='word_1_156' title='bbox 491 1062 697 1102; x_wconf 73' lang='lat' dir='ltr'>suprascripti</span> <span class='ocrx_word' id='word_1_157' title='bbox 713 1062 751 1093; x_wconf 88' lang='lat' dir='ltr'>de</span> <span class='ocrx_word' id='word_1_158' title='bbox 772 1073 855 1093; x_wconf 82' lang='lat' dir='ltr'>anno</span> <span class='ocrx_word' id='word_1_159' title='bbox 877 1064 1027 1103; x_wconf 88' lang='lat' dir='ltr'>computi,</span> <span class='ocrx_word' id='word_1_160' title='bbox 1043 1074 1083 1094; x_wconf 76' lang='lat' dir='ltr'>ex</span> <span class='ocrx_word' id='word_1_161' title='bbox 1098 1074 1172 1095; x_wconf 89' lang='lat' dir='ltr'>con-</span> 
     </span>
    </p>
   </div>
   <div class='ocr_carea' id='block_1_9' title="bbox 0 596 54 2428">
    <p class='ocr_par' dir='ltr' id='par_1_9' title="bbox 0 496 59 2462">
     <span class='ocr_line' id='line_1_19' title="bbox 0 596 54 2428; textangle 90"><span class='ocrx_word' id='word_1_162' title='bbox 7 2227 45 2451; x_wconf 49' lang='grc' dir='ltr'>τνιιιι</span> <span class='ocrx_word' id='word_1_163' title='bbox 0 1791 49 2217; x_wconf 37' lang='lat' dir='ltr'>&amp;andnam-:saw</span> <span class='ocrx_word' id='word_1_164' title='bbox 3 1771 9 1782; x_wconf 53' lang='lat'><strong>⁶</strong></span> <span class='ocrx_word' id='word_1_165' title='bbox 0 945 54 1754; x_wconf 41' lang='lat' dir='ltr'>Qaemmwssrffissuwstssnfflffi</span> <span class='ocrx_word' id='word_1_166' title='bbox 29 615 40 618; x_wconf 81' lang='lat'><strong><em>=</em></strong></span> <span class='ocrx_word' id='word_1_167' title='bbox 12 596 29 600; x_wconf 91' lang='grc'>·-</span> 
     </span>
    </p>
   </div>
   <div class='ocr_carea' id='block_1_10' title="bbox 127 1110 1378 1401">
    <p class='ocr_par' dir='ltr' id='par_1_10' title="bbox 127 1110 1378 1401">
     <span class='ocr_line' id='line_1_20' title="bbox 129 1110 1173 1154; baseline 0.002 -12"><span class='ocrx_word' id='word_1_168' title='bbox 129 1110 319 1142; x_wconf 81' lang='lat' dir='ltr'>sideracione</span> <span class='ocrx_word' id='word_1_169' title='bbox 335 1111 525 1149; x_wconf 85' lang='lat' dir='ltr'>auditorum,</span> <span class='ocrx_word' id='word_1_170' title='bbox 541 1112 597 1152; x_wconf 81' lang='lat' dir='ltr'>xiij</span> <span class='ocrx_word' id='word_1_171' title='bbox 615 1111 646 1142; x_wconf 71' lang='lat' dir='ltr'>H.</span> <span class='ocrx_word' id='word_1_172' title='bbox 663 1112 695 1152; x_wconf 86' lang='lat' dir='ltr'>vj</span> <span class='ocrx_word' id='word_1_173' title='bbox 713 1116 735 1143; x_wconf 74' lang='lat' dir='ltr'>s.</span> <span class='ocrx_word' id='word_1_174' title='bbox 760 1112 815 1152; x_wconf 83' lang='lat' dir='ltr'>viij</span> <span class='ocrx_word' id='word_1_175' title='bbox 832 1112 861 1143; x_wconf 78' lang='lat' dir='ltr'>d.</span> <span class='ocrx_word' id='word_1_176' title='bbox 908 1112 1039 1143; x_wconf 84' lang='lat' dir='ltr'>Summa</span> <span class='ocrx_word' id='word_1_177' title='bbox 1055 1123 1173 1154; x_wconf 86' lang='lat' dir='ltr'>expen-</span> 
     </span>
     <span class='ocr_line' id='line_1_21' title="bbox 131 1160 1172 1202; baseline 0.002 -11"><span class='ocrx_word' id='word_1_178' title='bbox 131 1170 244 1198; x_wconf 86' lang='lat' dir='ltr'>sarum,</span> <span class='ocrx_word' id='word_1_179' title='bbox 259 1160 317 1202; x_wconf 78' lang='lat' dir='ltr'>vij⁰</span> <span class='ocrx_word' id='word_1_180' title='bbox 332 1172 375 1191; x_wconf 85' lang='lat' dir='ltr'>xx</span> <span class='ocrx_word' id='word_1_181' title='bbox 391 1160 422 1191; x_wconf 70' lang='grc' dir='ltr'>Η.</span> <span class='ocrx_word' id='word_1_182' title='bbox 440 1171 483 1191; x_wconf 86' lang='lat' dir='ltr'>xv</span> <span class='ocrx_word' id='word_1_183' title='bbox 493 1165 516 1192; x_wconf 73' lang='grc' dir='ltr'>ἔ.</span> <span class='ocrx_word' id='word_1_184' title='bbox 561 1161 604 1192; x_wconf 88' lang='lat' dir='ltr'>Et</span> <span class='ocrx_word' id='word_1_185' title='bbox 619 1161 665 1192; x_wconf 89' lang='lat' dir='ltr'>sic</span> <span class='ocrx_word' id='word_1_186' title='bbox 678 1164 799 1192; x_wconf 75' lang='lat' dir='ltr'>restant</span> <span class='ocrx_word' id='word_1_187' title='bbox 811 1161 837 1201; x_wconf 81' lang='lat' dir='ltr'>jc</span> <span class='ocrx_word' id='word_1_188' title='bbox 853 1161 898 1202; x_wconf 81' lang='lat' dir='ltr'>xij</span> <span class='ocrx_word' id='word_1_189' title='bbox 915 1161 947 1192; x_wconf 76' lang='lat' dir='ltr'>l]</span> <span class='ocrx_word' id='word_1_190' title='bbox 964 1162 1032 1202; x_wconf 84' lang='lat' dir='ltr'>xiiij</span> <span class='ocrx_word' id='word_1_191' title='bbox 1051 1166 1074 1193; x_wconf 71' lang='lat' dir='ltr'>s.</span> <span class='ocrx_word' id='word_1_192' title='bbox 1091 1162 1125 1202; x_wconf 86' lang='lat' dir='ltr'>iij</span> <span class='ocrx_word' id='word_1_193' title='bbox 1142 1162 1172 1194; x_wconf 78' lang='lat' dir='ltr'>d.</span> 
     </span>
     <span class='ocr_line' id='line_1_22' title="bbox 130 1209 1172 1252; baseline 0.001 -11"><span class='ocrx_word' id='word_1_194' title='bbox 130 1209 181 1252; x_wconf 83' lang='lat' dir='ltr'>De</span> <span class='ocrx_word' id='word_1_195' title='bbox 196 1210 321 1251; x_wconf 88' lang='lat' dir='ltr'>quibus,</span> <span class='ocrx_word' id='word_1_196' title='bbox 344 1210 478 1241; x_wconf 83' lang='lat' dir='ltr'>allocate</span> <span class='ocrx_word' id='word_1_197' title='bbox 503 1211 703 1250; x_wconf 84' lang='lat' dir='ltr'>computanti</span> <span class='ocrx_word' id='word_1_198' title='bbox 727 1221 784 1251; x_wconf 81' lang='lat' dir='ltr'>per</span> <span class='ocrx_word' id='word_1_199' title='bbox 805 1211 1030 1242; x_wconf 84' lang='lat' dir='ltr'>liberacionem</span> <span class='ocrx_word' id='word_1_200' title='bbox 1054 1212 1172 1242; x_wconf 83' lang='lat' dir='ltr'>factam</span> 
     </span>
     <span class='ocr_line' id='line_1_23' title="bbox 129 1255 1171 1300; baseline 0.001 -10"><span class='ocrx_word' id='word_1_201' title='bbox 129 1259 257 1290; x_wconf 89' lang='lat' dir='ltr'>domino</span> <span class='ocrx_word' id='word_1_202' title='bbox 281 1259 422 1291; x_wconf 87' lang='lat' dir='ltr'>Henrico</span> <span class='ocrx_word' id='word_1_203' title='bbox 452 1259 617 1300; x_wconf 84' lang='lat' dir='ltr'>Kingorne</span> <span class='ocrx_word' id='word_1_204' title='bbox 641 1260 681 1290; x_wconf 86' lang='lat' dir='ltr'>ad</span> <span class='ocrx_word' id='word_1_205' title='bbox 703 1255 880 1291; x_wconf 66' lang='lat' dir='ltr'>custodiam</span> <span class='ocrx_word' id='word_1_206' title='bbox 908 1261 1002 1291; x_wconf 81' lang='lat' dir='ltr'>castri</span> <span class='ocrx_word' id='word_1_207' title='bbox 1025 1261 1064 1292; x_wconf 88' lang='lat' dir='ltr'>de</span> <span class='ocrx_word' id='word_1_208' title='bbox 1089 1261 1171 1291; x_wconf 88' lang='lat' dir='ltr'>Kin-</span> 
     </span>
     <span class='ocr_line' id='line_1_24' title="bbox 131 1309 1171 1350; baseline 0.002 -11"><span class='ocrx_word' id='word_1_209' title='bbox 131 1309 247 1350; x_wconf 88' lang='lat' dir='ltr'>drumy</span> <span class='ocrx_word' id='word_1_210' title='bbox 262 1312 334 1350; x_wconf 89' lang='lat' dir='ltr'>post</span> <span class='ocrx_word' id='word_1_211' title='bbox 349 1309 515 1340; x_wconf 90' lang='lat' dir='ltr'>introitum</span> <span class='ocrx_word' id='word_1_212' title='bbox 532 1319 627 1340; x_wconf 89' lang='lat' dir='ltr'>suum</span> <span class='ocrx_word' id='word_1_213' title='bbox 642 1309 676 1339; x_wconf 89' lang='lat' dir='ltr'>in</span> <span class='ocrx_word' id='word_1_214' title='bbox 692 1309 811 1347; x_wconf 86' lang='lat' dir='ltr'>eodem,</span> <span class='ocrx_word' id='word_1_215' title='bbox 827 1310 866 1340; x_wconf 89' lang='lat' dir='ltr'>de</span> <span class='ocrx_word' id='word_1_216' title='bbox 881 1310 1032 1341; x_wconf 82' lang='lat' dir='ltr'>mandato</span> <span class='ocrx_word' id='word_1_217' title='bbox 1049 1310 1171 1341; x_wconf 90' lang='lat' dir='ltr'>domini</span> 
     </span>
     <span class='ocr_line' id='line_1_25' title="bbox 127 1345 1378 1401; baseline 0.002 -12"><span class='ocrx_word' id='word_1_218' title='bbox 127 1359 217 1399; x_wconf 89' lang='lat' dir='ltr'>regis,</span> <span class='ocrx_word' id='word_1_219' title='bbox 255 1359 385 1390; x_wconf 83' lang='lat' dir='ltr'>custode</span> <span class='ocrx_word' id='word_1_220' title='bbox 415 1359 533 1399; x_wconf 85' lang='lat' dir='ltr'>privati</span> <span class='ocrx_word' id='word_1_221' title='bbox 564 1359 660 1400; x_wconf 81' lang='lat' dir='ltr'>sigilli</span> <span class='ocrx_word' id='word_1_222' title='bbox 690 1360 828 1390; x_wconf 78' lang='lat' dir='ltr'>testante</span> <span class='ocrx_word' id='word_1_223' title='bbox 858 1360 1045 1391; x_wconf 86' lang='lat' dir='ltr'>mandatum</span> <span class='ocrx_word' id='word_1_224' title='bbox 1076 1371 1171 1401; x_wconf 81' lang='lat' dir='ltr'>super</span> <span class='ocrx_word' id='word_1_225' title='bbox 1184 1345 1378 1397; x_wconf 42' lang='lat' dir='ltr'>gsznffissandum</span> 
     </span>
    </p>
   </div>
   <div class='ocr_carea' id='block_1_11' title="bbox 103 1402 1281 1449">
    <p class='ocr_par' dir='ltr' id='par_1_11' title="bbox 103 1402 1281 1449">
     <span class='ocr_line' id='line_1_26' title="bbox 103 1402 1281 1449; baseline 0.001 -10"><span class='ocrx_word' id='word_1_226' title='bbox 103 1402 109 1416; x_wconf 67' lang='lat'>⁵</span> <span class='ocrx_word' id='word_1_227' title='bbox 125 1411 319 1449; x_wconf 85' lang='lat' dir='ltr'>computum,</span> <span class='ocrx_word' id='word_1_228' title='bbox 349 1419 371 1439; x_wconf 88' lang='lat' dir='ltr'><strong>x</strong></span> <span class='ocrx_word' id='word_1_229' title='bbox 397 1409 439 1446; x_wconf 55' lang='grc' dir='ltr'>ΠΖ,</span> <span class='ocrx_word' id='word_1_230' title='bbox 469 1419 564 1449; x_wconf 86' lang='lat' dir='ltr'>super</span> <span class='ocrx_word' id='word_1_231' title='bbox 594 1409 710 1449; x_wconf 85' lang='lat' dir='ltr'>quibus</span> <span class='ocrx_word' id='word_1_232' title='bbox 740 1409 990 1449; x_wconf 86' lang='lat' dir='ltr'>computandum</span> <span class='ocrx_word' id='word_1_233' title='bbox 1021 1413 1069 1440; x_wconf 84' lang='lat' dir='ltr'>est</span> <span class='ocrx_word' id='word_1_234' title='bbox 1097 1420 1170 1440; x_wconf 86' lang='lat' dir='ltr'>cum</span> <span class='ocrx_word' id='word_1_235' title='bbox 1184 1405 1281 1427; x_wconf 84' lang='lat' dir='ltr'>domino</span> 
     </span>
    </p>
   </div>
   <div class='ocr_carea' id='block_1_12' title="bbox 127 1434 1359 1498">
    <p class='ocr_par' dir='ltr' id='par_1_12' title="bbox 127 1434 1359 1498">
     <span class='ocr_line' id='line_1_27' title="bbox 127 1434 1359 1498; baseline -0.003 -9"><span class='ocrx_word' id='word_1_236' title='bbox 127 1457 210 1489; x_wconf 81' lang='lat' dir='ltr'>dioto</span> <span class='ocrx_word' id='word_1_237' title='bbox 240 1458 368 1489; x_wconf 88' lang='lat' dir='ltr'>domino</span> <span class='ocrx_word' id='word_1_238' title='bbox 398 1458 548 1490; x_wconf 84' lang='lat' dir='ltr'>Henrico.</span> <span class='ocrx_word' id='word_1_239' title='bbox 592 1458 635 1489; x_wconf 87' lang='lat' dir='ltr'>Et</span> <span class='ocrx_word' id='word_1_240' title='bbox 661 1458 773 1495; x_wconf 86' lang='lat' dir='ltr'>eidem,</span> <span class='ocrx_word' id='word_1_241' title='bbox 799 1461 928 1498; x_wconf 83' lang='lat' dir='ltr'>propter</span> <span class='ocrx_word' id='word_1_242' title='bbox 954 1458 1170 1490; x_wconf 85' lang='lat' dir='ltr'>decidenciam</span> <span class='ocrx_word' id='word_1_243' title='bbox 1183 1434 1289 1493; x_wconf 39' lang='lat' dir='ltr'>323¹&amp;oe</span> <span class='ocrx_word' id='word_1_244' title='bbox 1300 1434 1359 1456; x_wconf 83' lang='lat' dir='ltr'>Km-</span> 
     </span>
    </p>
   </div>
   <div class='ocr_carea' id='block_1_13' title="bbox 120 1506 1171 2180">
    <p class='ocr_par' dir='ltr' id='par_1_13' title="bbox 120 1506 1171 2180">
     <span class='ocr_line' id='line_1_28' title="bbox 124 1506 1170 1548; baseline 0.002 -11"><span class='ocrx_word' id='word_1_245' title='bbox 124 1506 285 1538; x_wconf 81' lang='lat' dir='ltr'>firmarum</span> <span class='ocrx_word' id='word_1_246' title='bbox 322 1507 361 1538; x_wconf 91' lang='grc'>(10</span> <span class='ocrx_word' id='word_1_247' title='bbox 399 1508 568 1539; x_wconf 86' lang='lat' dir='ltr'>Croomare</span> <span class='ocrx_word' id='word_1_248' title='bbox 604 1507 690 1538; x_wconf 83' lang='lat' dir='ltr'>ultra</span> <span class='ocrx_word' id='word_1_249' title='bbox 726 1517 884 1538; x_wconf 84' lang='lat' dir='ltr'>summam</span> <span class='ocrx_word' id='word_1_250' title='bbox 918 1507 1062 1548; x_wconf 88' lang='lat' dir='ltr'>superius</span> <span class='ocrx_word' id='word_1_251' title='bbox 1093 1507 1170 1539; x_wconf 87' lang='lat' dir='ltr'>allo-</span> 
     </span>
     <span class='ocr_line' id='line_1_29' title="bbox 123 1557 1171 1598; baseline 0 -11"><span class='ocrx_word' id='word_1_252' title='bbox 123 1559 226 1587; x_wconf 86' lang='lat' dir='ltr'>catam</span> <span class='ocrx_word' id='word_1_253' title='bbox 251 1557 290 1587; x_wconf 88' lang='grc'>(10</span> <span class='ocrx_word' id='word_1_254' title='bbox 314 1557 432 1594; x_wconf 86' lang='lat' dir='ltr'>eodem,</span> <span class='ocrx_word' id='word_1_255' title='bbox 448 1567 488 1588; x_wconf 86' lang='lat' dir='ltr'>ex</span> <span class='ocrx_word' id='word_1_256' title='bbox 512 1567 549 1588; x_wconf 93' lang='lat' dir='ltr'>eo</span> <span class='ocrx_word' id='word_1_257' title='bbox 573 1557 659 1598; x_wconf 86' lang='lat' dir='ltr'>quod</span> <span class='ocrx_word' id='word_1_258' title='bbox 682 1557 804 1587; x_wconf 86' lang='lat' dir='ltr'>rentale</span> <span class='ocrx_word' id='word_1_259' title='bbox 827 1557 934 1587; x_wconf 89' lang='lat' dir='ltr'>minus</span> <span class='ocrx_word' id='word_1_260' title='bbox 957 1557 1100 1588; x_wconf 87' lang='lat' dir='ltr'>continet</span> <span class='ocrx_word' id='word_1_261' title='bbox 1116 1568 1171 1598; x_wconf 84' lang='lat' dir='ltr'>per</span> 
     </span>
     <span class='ocr_line' id='line_1_30' title="bbox 123 1605 1170 1647; baseline 0.001 -10"><span class='ocrx_word' id='word_1_262' title='bbox 123 1606 332 1647; x_wconf 80' lang='lat' dir='ltr'>quadraginta</span> <span class='ocrx_word' id='word_1_263' title='bbox 347 1606 463 1638; x_wconf 85' lang='lat' dir='ltr'>solidos</span> <span class='ocrx_word' id='word_1_264' title='bbox 480 1617 576 1647; x_wconf 84' lang='lat' dir='ltr'>quam</span> <span class='ocrx_word' id='word_1_265' title='bbox 591 1606 735 1646; x_wconf 84' lang='lat' dir='ltr'>superius</span> <span class='ocrx_word' id='word_1_266' title='bbox 748 1606 909 1642; x_wconf 81' lang='lat' dir='ltr'>allocatur,</span> <span class='ocrx_word' id='word_1_267' title='bbox 922 1605 956 1636; x_wconf 85' lang='lat' dir='ltr'>xl</span> <span class='ocrx_word' id='word_1_268' title='bbox 969 1610 991 1637; x_wconf 73' lang='lat' dir='ltr'>s.</span> <span class='ocrx_word' id='word_1_269' title='bbox 1038 1607 1170 1638; x_wconf 87' lang='lat' dir='ltr'>Summa</span> 
     </span>
     <span class='ocr_line' id='line_1_31' title="bbox 124 1653 1169 1696; baseline 0.001 -10"><span class='ocrx_word' id='word_1_270' title='bbox 124 1654 222 1696; x_wconf 86' lang='lat' dir='ltr'>hujus</span> <span class='ocrx_word' id='word_1_271' title='bbox 237 1666 383 1696; x_wconf 85' lang='lat' dir='ltr'>expense,</span> <span class='ocrx_word' id='word_1_272' title='bbox 399 1656 443 1696; x_wconf 84' lang='lat' dir='ltr'>xij</span> <span class='ocrx_word' id='word_1_273' title='bbox 460 1655 491 1686; x_wconf 77' lang='lat' dir='ltr'>n&#39;.</span> <span class='ocrx_word' id='word_1_274' title='bbox 537 1656 580 1686; x_wconf 80' lang='lat' dir='ltr'>Et</span> <span class='ocrx_word' id='word_1_275' title='bbox 596 1656 640 1686; x_wconf 81' lang='lat' dir='ltr'>sie</span> <span class='ocrx_word' id='word_1_276' title='bbox 657 1659 778 1686; x_wconf 82' lang='lat' dir='ltr'>restant</span> <span class='ocrx_word' id='word_1_277' title='bbox 791 1653 817 1696; x_wconf 77' lang='lat' dir='ltr'>j⁰</span> <span class='ocrx_word' id='word_1_278' title='bbox 828 1655 859 1686; x_wconf 74' lang='lat' dir='ltr'>fi.</span> <span class='ocrx_word' id='word_1_279' title='bbox 876 1655 945 1695; x_wconf 86' lang='lat' dir='ltr'>xiiij</span> <span class='ocrx_word' id='word_1_280' title='bbox 959 1659 981 1686; x_wconf 70' lang='grc' dir='ltr'>ἑ.</span> <span class='ocrx_word' id='word_1_281' title='bbox 999 1655 1032 1695; x_wconf 79' lang='lat' dir='ltr'>iij</span> <span class='ocrx_word' id='word_1_282' title='bbox 1045 1655 1072 1687; x_wconf 79' lang='lat' dir='ltr'>d.</span> <span class='ocrx_word' id='word_1_283' title='bbox 1118 1657 1169 1687; x_wconf 82' lang='lat' dir='ltr'>De</span> 
     </span>
     <span class='ocr_line' id='line_1_32' title="bbox 123 1704 1168 1745; baseline 0 -9"><span class='ocrx_word' id='word_1_284' title='bbox 123 1705 247 1745; x_wconf 84' lang='lat' dir='ltr'>quibus,</span> <span class='ocrx_word' id='word_1_285' title='bbox 261 1705 403 1745; x_wconf 86' lang='lat' dir='ltr'>pendent</span> <span class='ocrx_word' id='word_1_286' title='bbox 413 1705 451 1736; x_wconf 92' lang='lat' dir='ltr'>de</span> <span class='ocrx_word' id='word_1_287' title='bbox 467 1705 567 1736; x_wconf 88' lang='lat' dir='ltr'>firmis</span> <span class='ocrx_word' id='word_1_288' title='bbox 579 1707 736 1735; x_wconf 85' lang='lat' dir='ltr'>terrarum</span> <span class='ocrx_word' id='word_1_289' title='bbox 746 1704 784 1735; x_wconf 91' lang='lat' dir='ltr'>de</span> <span class='ocrx_word' id='word_1_290' title='bbox 797 1704 989 1745; x_wconf 86' lang='lat' dir='ltr'>Aberyeldy,</span> <span class='ocrx_word' id='word_1_291' title='bbox 1002 1708 1168 1745; x_wconf 86' lang='lat' dir='ltr'>occupata-</span> 
     </span>
     <span class='ocr_line' id='line_1_33' title="bbox 120 1753 1168 1795; baseline 0 -10"><span class='ocrx_word' id='word_1_292' title='bbox 120 1763 263 1795; x_wconf 74' lang='lat' dir='ltr'>rumper</span> <span class='ocrx_word' id='word_1_293' title='bbox 277 1754 426 1785; x_wconf 86' lang='lat' dir='ltr'>comitem</span> <span class='ocrx_word' id='word_1_294' title='bbox 442 1754 481 1785; x_wconf 86' lang='lat' dir='ltr'>de</span> <span class='ocrx_word' id='word_1_295' title='bbox 503 1754 630 1785; x_wconf 86' lang='lat' dir='ltr'>Huntle</span> <span class='ocrx_word' id='word_1_296' title='bbox 653 1754 691 1784; x_wconf 89' lang='lat' dir='ltr'>de</span> <span class='ocrx_word' id='word_1_297' title='bbox 714 1754 798 1785; x_wconf 84' lang='lat' dir='ltr'>facto</span> <span class='ocrx_word' id='word_1_298' title='bbox 822 1753 860 1784; x_wconf 89' lang='lat' dir='ltr'>de</span> <span class='ocrx_word' id='word_1_299' title='bbox 881 1763 964 1784; x_wconf 88' lang='lat' dir='ltr'>anno</span> <span class='ocrx_word' id='word_1_300' title='bbox 981 1755 1131 1794; x_wconf 86' lang='lat' dir='ltr'>computi,</span> <span class='ocrx_word' id='word_1_301' title='bbox 1147 1765 1168 1785; x_wconf 83' lang='lat' dir='ltr'>x</span> 
     </span>
     <span class='ocr_line' id='line_1_34' title="bbox 121 1802 1167 1844; baseline -0.001 -10"><span class='ocrx_word' id='word_1_302' title='bbox 121 1802 152 1834; x_wconf 73' lang='lat' dir='ltr'>fi.</span> <span class='ocrx_word' id='word_1_303' title='bbox 219 1804 261 1834; x_wconf 91' lang='lat' dir='ltr'>Et</span> <span class='ocrx_word' id='word_1_304' title='bbox 297 1804 439 1844; x_wconf 86' lang='lat' dir='ltr'>pendent</span> <span class='ocrx_word' id='word_1_305' title='bbox 475 1803 622 1834; x_wconf 84' lang='lat' dir='ltr'>similiter</span> <span class='ocrx_word' id='word_1_306' title='bbox 660 1813 754 1843; x_wconf 88' lang='lat' dir='ltr'>super</span> <span class='ocrx_word' id='word_1_307' title='bbox 795 1803 817 1833; x_wconf 81' lang='lat' dir='ltr'><strong>J</strong></span> <span class='ocrx_word' id='word_1_308' title='bbox 819 1802 977 1833; x_wconf 82' lang='lat' dir='ltr'>ohannem</span> <span class='ocrx_word' id='word_1_309' title='bbox 1018 1803 1167 1834; x_wconf 90' lang='lat' dir='ltr'>comitem</span> 
     </span>
     <span class='ocr_line' id='line_1_35' title="bbox 124 1851 1166 1892; baseline 0 -9"><span class='ocrx_word' id='word_1_310' title='bbox 124 1852 250 1884; x_wconf 85' lang='lat' dir='ltr'>Atholie</span> <span class='ocrx_word' id='word_1_311' title='bbox 265 1852 305 1884; x_wconf 91' lang='lat' dir='ltr'>de</span> <span class='ocrx_word' id='word_1_312' title='bbox 320 1853 419 1884; x_wconf 87' lang='lat' dir='ltr'>firmis</span> <span class='ocrx_word' id='word_1_313' title='bbox 435 1856 591 1883; x_wconf 84' lang='lat' dir='ltr'>terrarum</span> <span class='ocrx_word' id='word_1_314' title='bbox 607 1853 645 1883; x_wconf 90' lang='lat' dir='ltr'>de</span> <span class='ocrx_word' id='word_1_315' title='bbox 661 1851 912 1892; x_wconf 84' lang='lat' dir='ltr'>Kynninmonth</span> <span class='ocrx_word' id='word_1_316' title='bbox 927 1855 960 1882; x_wconf 85' lang='lat' dir='ltr'>et</span> <span class='ocrx_word' id='word_1_317' title='bbox 975 1852 1166 1889; x_wconf 86' lang='lat' dir='ltr'>Bouchrum,</span> 
     </span>
     <span class='ocr_line' id='line_1_36' title="bbox 120 1901 1165 1943; baseline -0.002 -10"><span class='ocrx_word' id='word_1_318' title='bbox 120 1905 343 1943; x_wconf 77' lang='lat' dir='ltr'>occupatarum</span> <span class='ocrx_word' id='word_1_319' title='bbox 369 1913 426 1943; x_wconf 87' lang='lat' dir='ltr'>per</span> <span class='ocrx_word' id='word_1_320' title='bbox 449 1902 595 1939; x_wconf 86' lang='lat' dir='ltr'>eundem,</span> <span class='ocrx_word' id='word_1_321' title='bbox 620 1905 812 1933; x_wconf 84' lang='lat' dir='ltr'>asserentem</span> <span class='ocrx_word' id='word_1_322' title='bbox 839 1911 891 1932; x_wconf 86' lang='lat' dir='ltr'>eas</span> <span class='ocrx_word' id='word_1_323' title='bbox 919 1901 984 1932; x_wconf 77' lang='lat' dir='ltr'>fore</span> <span class='ocrx_word' id='word_1_324' title='bbox 1008 1901 1069 1932; x_wconf 87' lang='lat' dir='ltr'>sibi</span> <span class='ocrx_word' id='word_1_325' title='bbox 1092 1912 1165 1932; x_wconf 87' lang='lat' dir='ltr'>con-</span> 
     </span>
     <span class='ocr_line' id='line_1_37' title="bbox 121 1951 1165 1992; baseline -0.001 -10"><span class='ocrx_word' id='word_1_326' title='bbox 121 1960 222 1983; x_wconf 82' lang='lat' dir='ltr'>cessas</span> <span class='ocrx_word' id='word_1_327' title='bbox 238 1962 310 1983; x_wconf 81' lang='lat' dir='ltr'>eum</span> <span class='ocrx_word' id='word_1_328' title='bbox 322 1952 415 1983; x_wconf 87' lang='lat' dir='ltr'>terris</span> <span class='ocrx_word' id='word_1_329' title='bbox 432 1951 470 1983; x_wconf 90' lang='lat' dir='ltr'>de</span> <span class='ocrx_word' id='word_1_330' title='bbox 487 1951 642 1992; x_wconf 85' lang='lat' dir='ltr'>Balvany,</span> <span class='ocrx_word' id='word_1_331' title='bbox 655 1951 693 1982; x_wconf 89' lang='lat' dir='ltr'>de</span> <span class='ocrx_word' id='word_1_332' title='bbox 709 1951 794 1982; x_wconf 86' lang='lat' dir='ltr'>dicto</span> <span class='ocrx_word' id='word_1_333' title='bbox 810 1961 901 1988; x_wconf 84' lang='lat' dir='ltr'>anno,</span> <span class='ocrx_word' id='word_1_334' title='bbox 918 1961 939 1981; x_wconf 85' lang='lat' dir='ltr'>x</span> <span class='ocrx_word' id='word_1_335' title='bbox 954 1951 985 1981; x_wconf 75' lang='lat' dir='ltr'>fi.</span> <span class='ocrx_word' id='word_1_336' title='bbox 1031 1951 1073 1981; x_wconf 87' lang='lat' dir='ltr'>Et</span> <span class='ocrx_word' id='word_1_337' title='bbox 1088 1962 1165 1992; x_wconf 89' lang='lat' dir='ltr'>pen-</span> 
     </span>
     <span class='ocr_line' id='line_1_38' title="bbox 120 1999 1166 2042; baseline -0.001 -11"><span class='ocrx_word' id='word_1_338' title='bbox 120 1999 197 2032; x_wconf 87' lang='lat' dir='ltr'>dent</span> <span class='ocrx_word' id='word_1_339' title='bbox 212 2002 358 2033; x_wconf 81' lang='lat' dir='ltr'>similiter</span> <span class='ocrx_word' id='word_1_340' title='bbox 373 2012 469 2042; x_wconf 85' lang='lat' dir='ltr'>super</span> <span class='ocrx_word' id='word_1_341' title='bbox 484 2001 591 2032; x_wconf 84' lang='lat' dir='ltr'>David</span> <span class='ocrx_word' id='word_1_342' title='bbox 609 2001 817 2041; x_wconf 81' lang='lat' dir='ltr'>Scrymgeour</span> <span class='ocrx_word' id='word_1_343' title='bbox 833 2000 872 2031; x_wconf 89' lang='lat' dir='ltr'>de</span> <span class='ocrx_word' id='word_1_344' title='bbox 895 2000 993 2031; x_wconf 82' lang='lat' dir='ltr'>firmis</span> <span class='ocrx_word' id='word_1_345' title='bbox 1010 2004 1166 2031; x_wconf 85' lang='lat' dir='ltr'>terrarum</span> 
     </span>
     <span class='ocr_line' id='line_1_39' title="bbox 121 2048 1167 2091; baseline 0 -11"><span class='ocrx_word' id='word_1_346' title='bbox 121 2048 159 2080; x_wconf 86' lang='grc'>(10</span> <span class='ocrx_word' id='word_1_347' title='bbox 175 2049 359 2091; x_wconf 81' lang='lat' dir='ltr'>Soynahard</span> <span class='ocrx_word' id='word_1_348' title='bbox 376 2051 408 2082; x_wconf 90' lang='lat' dir='ltr'>in</span> <span class='ocrx_word' id='word_1_349' title='bbox 426 2050 577 2082; x_wconf 81' lang='lat' dir='ltr'>comitatu</span> <span class='ocrx_word' id='word_1_350' title='bbox 594 2050 633 2081; x_wconf 86' lang='lat' dir='ltr'>de</span> <span class='ocrx_word' id='word_1_351' title='bbox 648 2050 746 2086; x_wconf 81' lang='lat' dir='ltr'>Marr,</span> <span class='ocrx_word' id='word_1_352' title='bbox 763 2053 955 2081; x_wconf 84' lang='lat' dir='ltr'>asserentem</span> <span class='ocrx_word' id='word_1_353' title='bbox 971 2060 1004 2080; x_wconf 86' lang='lat' dir='ltr'>se</span> <span class='ocrx_word' id='word_1_354' title='bbox 1024 2050 1167 2081; x_wconf 82' lang='lat' dir='ltr'>infeoda-</span> 
     </span>
     <span class='ocr_line' id='line_1_40' title="bbox 120 2099 1166 2142; baseline 0.002 -13"><span class='ocrx_word' id='word_1_355' title='bbox 120 2101 190 2142; x_wconf 77' lang='lat' dir='ltr'>tnm</span> <span class='ocrx_word' id='word_1_356' title='bbox 206 2099 244 2131; x_wconf 87' lang='lat' dir='ltr'>de</span> <span class='ocrx_word' id='word_1_357' title='bbox 267 2100 395 2138; x_wconf 84' lang='lat' dir='ltr'>eisdem,</span> <span class='ocrx_word' id='word_1_358' title='bbox 411 2100 450 2132; x_wconf 89' lang='lat' dir='ltr'>de</span> <span class='ocrx_word' id='word_1_359' title='bbox 467 2100 551 2131; x_wconf 87' lang='lat' dir='ltr'>dicto</span> <span class='ocrx_word' id='word_1_360' title='bbox 568 2110 660 2136; x_wconf 87' lang='lat' dir='ltr'>anno,</span> <span class='ocrx_word' id='word_1_361' title='bbox 675 2099 731 2140; x_wconf 85' lang='lat' dir='ltr'>viij</span> <span class='ocrx_word' id='word_1_362' title='bbox 748 2099 781 2131; x_wconf 66' lang='lat' dir='ltr'>fi,</span> <span class='ocrx_word' id='word_1_363' title='bbox 827 2099 958 2130; x_wconf 81' lang='lat' dir='ltr'>Summa</span> <span class='ocrx_word' id='word_1_364' title='bbox 978 2099 1074 2139; x_wconf 87' lang='lat' dir='ltr'>hujus</span> <span class='ocrx_word' id='word_1_365' title='bbox 1090 2109 1166 2140; x_wconf 86' lang='lat' dir='ltr'>pen—</span> 
     </span>
     <span class='ocr_line' id='line_1_41' title="bbox 162 2149 1037 2180; baseline -0.001 -1"><span class='ocrx_word' id='word_1_366' title='bbox 162 2156 230 2180; x_wconf 66' lang='lat' dir='ltr'>von.</span> <span class='ocrx_word' id='word_1_367' title='bbox 247 2156 301 2180; x_wconf 83' lang='lat' dir='ltr'>vn.</span> <span class='ocrx_word' id='word_1_368' title='bbox 977 2149 996 2178; x_wconf 88' lang='lat'>2</span> <span class='ocrx_word' id='word_1_369' title='bbox 1015 2156 1037 2179; x_wconf 87' lang='lat' dir='ltr'>N</span> 
     </span>
    </p>
   </div>
  </div>
 </body>
</html>
