1551 2462
135 284 224 312 1463.
445 281 607 313 REGUM
631 281 877 314 SCOTORUM,
1124 287 1179 314 181

101 362 105 364 ‚
131 373 264 405 allocate
277 373 388 412 eidem,
399 374 437 406 de
453 374 545 406 feodo
561 384 618 406 suo
635 375 674 406 de
689 375 825 406 termino
841 375 938 416 hujus
951 376 1098 415 compoti,
1115 386 1135 406 v
1150 376 1182 406 11.

129 423 172 454 Et
192 423 341 464 pendent,
358 434 421 455 non
441 424 575 456 allocate
599 424 711 461 eidem,
726 435 783 465 pro
808 424 902 456 certis
924 424 1084 465 carriagiis
1108 435 1182 455 cum

129 472 273 503 curribus
290 476 321 503 et
336 473 427 513 equis
442 483 551 504 versus
567 473 756 511 Berwicum,
772 477 915 514 tempore
930 474 1182 513 recuperacionis

130 522 281 562 ejusdem,
297 522 390 554 factis
406 523 445 554 de
467 523 618 554 mandato
641 523 843 554 dominorum
866 522 1002 558 concilii,
1018 525 1055 553 ut
1071 523 1182 553 asserit

130 575 324 612 compotans,
355 576 393 603 ut
422 575 511 613 patet
540 572 575 603 in
606 572 744 613 quadam
775 572 887 604 cedula
913 583 1012 603 manu
1042 572 1182 603 custodis

130 621 248 661 privati
271 622 368 663 sigilli
391 623 577 663 subscripta,
596 633 638 653 xv
655 622 686 654 fi.
703 623 734 663 vj
761 627 784 653 5.
831 622 963 653 Summa
985 622 1082 663 hujus
1106 633 1182 663 pen-

131 671 250 709 dencie‚
271 671 436 712 j⁶lxxxxiij
461 672 494 703 fi.
518 672 598 712 xviij
623 676 646 703 s.
669 673 702 712 vJ'
726 672 755 703 d.
801 672 844 702 Et
875 672 920 703 510
943 671 982 703 de
1006 671 1183 712 pendencia

131 721 290 752 excedunt
305 725 422 755 restam
439 722 470 762 vJ'
488 722 519 756 11,
536 733 558 752 x
574 726 597 753 s.
613 722 648 762 iij
666 721 694 752 d.

174 771 321 811 Expense
351 782 529 812 granorum.
586 772 627 803 In
664 771 787 812 primis,
816 771 951 802 allocate
982 771 1179 812 compotanti
1197 776 1275 806 Ἑω-

130 830 187 861 per
209 820 434 854 liberacionem
456 821 574 852 factam
598 821 736 853 Patricio
767 821 886 862 Purdy,
909 821 1022 862 pistori
1053 821 1181 852 domine
1196 823 1350 851 mentum.

131 870 246 911 regine,
269 871 388 902 intrate
413 871 448 902 in
478 871 568 902 libris
593 871 751 902 dietarum
775 871 815 902 ad
845 871 937 908 infra,
961 871 992 911 vj
1018 870 1127 902 celdre
1139 870 1170 910 xj

132 920 215 951 bolle
232 920 392 951 frumenti.
439 920 481 951 Et
496 930 552 960 per
567 920 795 951 liberacionem
811 920 929 951 factam
945 919 1030 951 dicto
1043 919 1180 950 Patiicio
1195 948 1241 970 Re
1261 955 1300 970 on
1293 948 1359 970 lehn:

132 969 251 1010 Purdy,
262 970 331 1010 ipso
344 970 466 1001 fatente
477 973 641 1024 receptum
654 980 748 1010 super
760 973 943 1010 compotum
954 973 986 1000 et
995 980 1052 1010 pro
1065 970 1181 1010 quibus
1196 978 1244 1000 Pur
1231 955 1284 1006 iiy.

132 1019 344 1060 respondebit),
357 1020 370 1060 J'
388 1019 493 1050 celdra
508 1019 565 1060 xiij
583 1019 667 1050 bolle
683 1019 846 1055 frumenti,
863 1021 895 1050 et
911 1019 1054 1050 nondum
1078 1019 1182 1050 adhuc

132 1068 268 1099 intrate'
259 1078 293 1098 111
303 1068 393 1099 libris
404 1068 570 1099 dietarum.
614 1068 657 1098 Et
667 1078 723 1108 per
732 1067 958 1099 liberacionem
968 1068 1087 1099 factam
1097 1078 1183 1108 mag-

133 1118 211 1148 istro
234 1117 342 1148 David
366 1117 501 1154 Guthre,
521 1117 718 1148 thesaurario
729 1117 851 1147 domini
869 1119 959 1158 regis,
970 1117 1008 1148 (10
1033 1117 1183 1148 mandato

133 1166 260 1197 domine
271 1167 386 1207 regine,
397 1177 435 1197 ex
448 1170 570 1204 mutuo,
581 1170 720 1198 testante
730 1142 920 1198 5011050011οΟ
915 1167 958 1199 Κ
950 1177 1039 1207 moror
1041 1177 1080 1197 110
1091 1177 1185 1208 super
1198 1172 1260 1194 Oner
1248 1172 1336 1194 raudus
1347 1173 1384 1195 est

134 1219 328 1257 compotum,
358 1220 390 1247 et
420 1226 499 1257 quas
523 1216 627 1247 dictus
658 1217 873 1247 thesauiarius
896 1219 944 1247 est
974 1192 1359 1257 5011111111115,,ᾗΞ,ΠέᾗῗπῑῃζῗΘ

135 1265 242 1297 celdra
257 1266 313 1306 viij
338 1265 429 1297 bolle.
475 1266 517 1297 Et
533 1276 590 1306 per
612 1266 750 1297 similem
773 1266 1040 1297 deliberacionem
1064 1266 1184 1297 factam
1197 1296 1216 1318 Ο
1292 1296 1336 1318 ‹sl
1374 1297 1384 1318 t

135 1315 243 1346 David
259 1315 402 1346 Menzeis
414 1315 453 1346 de
463 1315 573 1346 eodem
583 1315 742 1352 mandato,
758 1315 843 1346 dicto
859 1307 1032 1346 senescallo
1045 1318 1184 1346 testante
1197 1302 1397 1348 Βῒῖνῖἓη111ιὲιικθεῖῑε.

135 1368 172 1395 ut
194 1364 291 1404 prius,
314 1364 370 1405 viij
396 1364 487 1395 bolle.
532 1365 575 1395 Et
598 1364 710 1401 eidem,
734 1375 791 1405 pei
817 1364 1042 1395 liberacionem
1066 1364 1184 1395 factam

135 1414 285 1454 vigilibus
308 1413 403 1444 castri
426 1413 465 1444 de
488 1413 632 1450 Dunbar,
648 1413 898 1454 percipientibus
929 1413 1097 1443 annuatim
1119 1416 1183 1444 tres

134 1463 255 1494 celdras
271 1466 407 1503 quatuor
417 1462 517 1493 bollas
528 1473 602 1493 cum
611 1463 714 1494 tribus
724 1462 846 1494 ferlotis
856 1462 1020 1500 frumenti,
1031 1462 1065 1503 iij
1080 1462 1184 1493 oeldre

135 1513 181 1554 iiij
206 1512 289 1544 bolle
312 1513 345 1553 iij
371 1512 492 1544 ferlote.
539 1513 671 1543 Summa
694 1522 907 1553 expensarum
932 1512 1095 1549 frumenti,
1126 1513 1182 1552 xiij

134 1561 238 1594 celdre
262 1562 305 1602 xij
330 1562 414 1593 bolle
436 1562 471 1603 iij
497 1562 617 1594 ferlote.
662 1562 705 1593 Et
728 1562 773 1593 sic
796 1565 918 1593 restant
947 1562 995 1602 iiij
1020 1561 1124 1596 celdre
1147 1563 1182 1604 iij

135 1611 220 1642 bolle
233 1611 245 1651 j
264 1610 378 1641 ferlota
393 1611 555 1642 frumenti.

178 1661 221 1692 Et
248 1661 382 1692 allocate
409 1660 521 1697 eidem,
549 1670 607 1701 per
631 1660 896 1692 deliberacionem
922 1660 1041 1692 factam
1065 1660 1184 1692 Thome
1200 1664 1349 1696 Ordeum,

137 1710 296 1747 Brouster,
319 1710 486 1741 brasiatori
509 1709 636 1741 domine
660 1710 774 1751 regine,
791 1710 831 1742 ad
854 1720 1010 1750 expensas
1034 1710 1186 1750 ejusdem,

137 1763 170 1790 et
183 1760 302 1790 intrate
317 1759 351 1790 in
365 1759 455 1790 libris
471 1759 634 1796 domicilii,
650 1763 687 1790 ut
703 1763 791 1800 patet
814 1759 848 1789 in
864 1759 993 1797 eisdem,
1008 1770 1029 1789 v
1045 1759 1149 1790 celdre
1165 1769 1186 1790 v

137 1809 221 1841 bolle
239 1810 333 1841 ordei.
379 1809 422 1841 Et
445 1809 557 1846 eidem,
581 1819 637 1850 per
658 1809 884 1840 liberacionem
901 1809 1019 1840 factam
1036 1809 1186 1850 vigilibus

138 1859 216 1890 dicti
232 1859 328 1890 castri
343 1859 382 1890 de
397 1859 541 1896 Dunbar,
554 1859 805 1900 percipientibus
821 1859 922 1890 eciam
938 1858 1106 1889 annuatim
1123 1862 1186 1889 tres

137 1908 258 1939 celdras
274 1911 410 1948 quatuor
426 1908 527 1939 bollas
543 1918 617 1939 cum
632 1909 736 1939 tribus
760 1908 883 1940 ferlotis
906 1908 1013 1944 brasii,
1029 1907 1062 1947 iij
1083 1907 1188 1938 celdre

140 1957 184 1998 iiij
209 1958 294 1991 bolle
316 1958 350 1999 iij
374 1958 496 1989 ferlote.
541 1958 584 1989 Et
607 1968 662 1999 per
684 1958 909 1990 liberacionem
932 1957 1051 1988 factam
1067 1957 1187 1988 Thome

139 2007 300 2044 Broustar,
322 2007 498 2044 brasiatori,
514 2007 554 2038 ad
577 2017 732 2062 expensas
756 2007 884 2038 domine
907 2017 960 2047 reg,
949 2006 1023 2043 ine,
1040 2005 1187 2036 carianda

139 2066 250 2087 versus
273 2056 432 2094 forestam,
455 2057 495 2087 ad
519 2057 732 2098 provisionem
755 2057 883 2088 domine
905 2056 1021 2096 regine,
1044 2055 1366 2108 110111101111Τῖθευῡὲῑζίεδίῑ

140 2106 246 2137 adhuc
268 2105 387 2136 intrata
409 2106 444 2136 in
466 2106 555 2138 libris
580 2107 745 2144 dietarum,
761 2107 773 2147 J'
799 2106 904 2137 celdra
927 2105 1023 2142 ordei,
1046 2115 1102 2145 plo
1126 2115 1189 2146 qua
1202 2116 1336 2138 Broistare.

142 2154 347 2195 respondebit
377 2154 463 2186 idem
493 2155 637 2186 Thomas
698 2156 831 2187 Summa
861 2165 999 2196 expense
1031 2154 1126 2191 ordei,
1156 2154 1190 2184 ix

142 2204 272 2236 celdre'
264 2214 297 2234 ix
314 2203 421 2234 bolle
413 2204 446 2244 1ij
466 2204 577 2236 ferlote
601 2205 696 2236 ordei.
742 2206 785 2236 Et
808 2205 853 2236 sic
875 2206 997 2235 restant
1015 2204 1069 2244 viij
1088 2203 1190 2235 celdre

145 2254 176 2295 vj
194 2253 279 2285 bolle
293 2254 305 2294 J'
326 2253 437 2285 ferlota
452 2254 547 2286 ordei.
