1551 2462
389 327 428 355 44
435 327 451 355 2
693 324 857 358 ROTULI
882 324 1118 357 SCAOCARH
1348 329 1362 357 1
1369 327 1438 358 467.

172 421 336 452 Respondebit
379 417 437 457 for
466 418 637 455 household,
660 418 759 449 AEIBJ?
786 418 827 449 63.
845 418 894 448 Qd.
945 417 989 448 To
1015 418 1072 456 do„
1087 418 1164 449 >5⁶28
1189 418 1254 449 10³.
1285 418 1351 459 Id.]
1396 419 1438 450 Et

172 451 271 479 Guthre,

169 482 295 506 rotulator.

229 518 272 542 Do.

227 554 272 578 Do.

167 612 283 644 Grana„

385 467 497 505 eidem,
513 477 570 508 pro
585 467 677 498 feodo
694 478 750 499 suo
772 468 806 498 in
822 467 907 498 dicto
924 467 1026 498 officio
1051 468 1276 499 camerariatus
1296 468 1335 499 de
1352 478 1436 499 anno

384 518 536 558 computi,
552 518 584 558 vj
602 518 633 548 fi.
651 518 706 558 xiij
724 522 747 549 s.
764 518 810 558 iiij
827 517 856 548 d.
904 517 962 558 [To
978 518 1051 548 said
1076 518 1285 558 Comptrollcr,
1301 518 1356 549 22⁰6
1370 519 1435 549 133.

382 568 434 605 4d.
483 568 570 605 Sum,
585 568 684 599 ss306²
698 569 741 599 Is.
759 567 823 608 δώ]
868 567 911 598 Ε1
927 567 972 598 510
989 577 1078 608 eque.
1170 575 1172 577 ·

427 617 624 658 Computum
658 627 829 658 granorum
859 617 898 648 de
926 616 1204 659 Strivelingschire
1234 616 1274 648 de
1311 616 1436 648 duobus

382 667 508 707 croppis
524 669 599 698 ante
615 666 674 698 hoc
690 670 884 707 computum.

427 716 519 747 Idem
535 720 645 747 onerat
660 726 692 747 56
709 717 743 747 111
758 716 869 757 primis
885 716 925 747 de
941 727 963 747 x
988 716 1104 748 celdris
1127 715 1281 747 frumenti
1295 715 1374 747 ville
1396 715 1435 747 de

383 765 575 803 Corntoune,
590 766 628 797 de
638 766 685 807 iiij
699 765 813 797 celdris
829 766 983 797 frumenti
999 766 1038 797 de
1049 765 1271 803 Inneraloune,
1283 765 1305 807 ij
1319 765 1435 797 celdris

381 815 534 846 frumenti
550 815 589 846 de
604 815 699 847 Rlare
715 816 812 857 Logy,
827 819 860 847 et
875 816 913 847 de
926 816 948 856 ij
966 816 1080 847 celdris
1096 815 1251 846 frumenti
1266 815 1305 846 de
1321 814 1432 852 Pullis,

380 864 420 895 de
444 865 539 896 dictis
565 864 690 896 duobus
717 865 842 906 croppis
869 868 944 896 ante
972 865 1032 897 1106
1059 868 1254 906 computum.
1301 865 1435 896 Summa

379 914 488 945 totalis
505 914 659 945 frumenti
675 914 714 945 de
730 914 854 945 duobus
870 915 972 952 annis,
989 915 1066 956 xviij
1085 915 1190 946 celdre
1206 914 1366 945 frumenti.

425 963 518 1001 Item,
534 964 620 995 idem
636 968 745 995 onerat
760 974 793 995 se
809 964 848 995 de
871 975 892 994 x
916 965 1031 996 celdris
1053 965 1141 996 ordei
1164 965 1253 995 firme
1272 964 1311 995 de
1334 963 1433 995 Corn-

380 1015 478 1044 toune
505 1013 544 1044 (16
570 1013 664 1044 dictis
690 1013 813 1044 duobus
844 1013 944 1045 annis.
989 1014 1033 1045 Et
1059 1014 1098 1045 de
1124 1014 1170 1055 iiij
1203 1013 1317 1045 celdris
1347 1013 1435 1045 ordei

380 1062 470 1094 firme
487 1062 525 1093 de
550 1062 771 1094 Inneraloune.
817 1063 860 1093 Et
882 1062 921 1094 de
945 1063 991 1104 iiij
1016 1063 1131 1094 celdris
1158 1063 1255 1094 brasii
1278 1063 1367 1094 firme
1394 1062 1434 1093 de

380 1112 475 1152 Logy.
522 1112 565 1143 Et
591 1112 630 1143 de
656 1112 678 1152 ij
704 1112 818 1143 celdris
842 1112 940 1144 brasii
963 1113 1054 1144 firme
1078 1113 1118 1144 de
1134 1113 1243 1144 Pullis.
1289 1113 1332 1143 Et
1355 1112 1394 1143 de
1409 1112 1433 1153 ij

380 1161 495 1192 celdris
520 1162 619 1193 brasii
645 1162 736 1193 firme
760 1162 799 1193 de
821 1162 997 1203 Blarelogy.
1043 1162 1087 1193 Et
1113 1162 1152 1193 de
1177 1162 1212 1203 11]
1237 1162 1352 1193 celdris
1375 1162 1432 1202 viij

380 1210 473 1242 bollis
490 1211 587 1242 brasii
613 1211 703 1242 firme
719 1211 758 1242 de
785 1211 916 1243 Skeoch.
963 1212 1007 1243 Et
1032 1212 1071 1243 de
1095 1212 1173 1253 xxiij
1199 1211 1313 1243 celdris
1336 1211 1434 1243 brasii

380 1260 470 1291 firme
487 1260 525 1292 de
542 1260 720 1292 Tulicultre
736 1260 774 1291 de
798 1260 892 1292 dictis
916 1262 1016 1293 annis.
1063 1262 1196 1293 Summa
1212 1261 1322 1292 totalis
1336 1261 1434 1292 brasii

379 1313 412 1341 et
427 1310 515 1341 ordei
531 1310 570 1341 de
586 1310 680 1341 dictis
697 1310 820 1342 duobus
836 1311 938 1348 annis,
955 1311 1048 1352 xlviij
1066 1311 1170 1345 celdre
1186 1311 1241 1352 viij
1259 1311 1351 1342 boUe.

423 1360 517 1397 Item,
534 1359 619 1391 idem
635 1362 746 1391 onerat
769 1370 802 1391 se
826 1360 865 1392 de
887 1360 934 1401 111]
959 1361 1073 1392 celdris
1097 1371 1271 1392 avenarum
1286 1361 1377 1392 firme
1393 1360 1432 1391 de

380 1409 563 1440 Corntoune
580 1409 619 1440 de
635 1409 729 1440 dictis
745 1409 870 1441 duobus
887 1410 986 1441 annis.
1032 1410 1075 1441 Et
1085 1410 1124 1442 de
1140 1411 1186 1451 iiij
1204 1410 1319 1441 celdris
1335 1420 1430 1441 aven-

378 1469 470 1489 arum
496 1459 586 1490 firme
611 1459 649 1490 (le
675 1459 872 1490 Inneraloun
901 1470 958 1501 per
988 1459 1073 1491 idem
1103 1463 1238 1501 tempus.
1299 1460 1432 1491 Summa

378 1519 552 1539 avenarum
570 1509 608 1540 de
626 1509 913 1550 Strivelingschire,
929 1509 985 1550 viij
1003 1509 1114 1541 celdre.

422 1557 571 1598 Expense
594 1557 744 1598 ejusdem.
791 1559 831 1589 In
855 1558 975 1598 primis,
999 1558 1133 1589 allocate
1158 1557 1358 1599 computanti
1373 1568 1430 1599 per

378 1606 602 1638 liberacionem
619 1607 737 1638 factam
753 1607 891 1638 Patricio
908 1608 1025 1648 Purdy,
1041 1608 1163 1649 pistori,
1179 1611 1211 1640 et
1226 1608 1378 1639 intratam
1395 1608 1430 1638 in

377 1657 468 1688 libris
484 1657 651 1694 (1161611110,
674 1660 712 1688 111
734 1660 824 1698 patet
846 1657 880 1688 in
904 1657 1032 1695 eisdem,
1053 1658 1092 1689 de
1108 1658 1210 1699 primo
1229 1668 1312 1689 anno
1332 1657 1429 1698 hujus

378 1707 529 1748 computi,
545 1717 566 1738 v
583 1707 685 1738 celdre
710 1707 753 1747 xij
770 1707 854 1738 holle
878 1707 1040 1739 frumenti.
1086 1708 1129 1738 Et
1151 1718 1208 1749 per
1230 1707 1429 1739 consimilem

377 1756 605 1788 liberaoionem
629 1757 746 1788 factam
770 1757 855 1788 dicto
879 1757 1017 1788 Patricio
1040 1757 1081 1788 ad
1103 1767 1259 1798 expensas
1275 1757 1430 1788 domicilii

378 1807 460 1847 regis
476 1810 509 1838 et
523 1807 676 1838 intratam
691 1806 725 1837 in
741 1806 831 1837 libris
848 1806 1014 1844 dietarum,
1029 1810 1125 1848 prout
1147 1810 1237 1848 patet
1258 1807 1293 1838 in
1308 1807 1428 1839 eisdem

378 1856 615 1897 particulariter
638 1855 830 1887 examinatis
852 1866 948 1897 super
971 1860 1166 1897 computum,
1189 1856 1228 1888 de
1244 1867 1327 1888 anno
1343 1866 1428 1888 com-

378 1905 458 1946 puti,
489 1916 508 1936 a
538 1905 677 1937 secundo
707 1905 899 1936 Novembris
930 1915 1031 1947 usque
1061 1908 1211 1937 octavum
1241 1905 1428 1937 Decembris

376 1955 520 1996 ejusdem
531 1955 616 1992 anni,
624 1955 669 1996 vij
681 1954 784 1986 celdre
796 1955 827 1996 xj
839 1954 922 1986 bolle
929 1955 942 1996 j
956 1955 1067 1986 ferlota
1076 1955 1111 1996 iij
1122 1965 1224 1997 pecce.
1256 1956 1299 1987 Et
1308 1955 1428 1988 colonis

378 2004 417 2035 de
445 2004 627 2036 Corntoune
653 2015 710 2045 pro
734 2004 907 2036 falcacione
930 2007 962 2036 et
985 2004 1166 2036 lucracione
1189 2005 1255 2036 feni
1274 2005 1363 2046 prati
1388 2005 1428 2037 de

377 2054 570 2091 Corntoune,
582 2054 830 2095 percipientibus
841 2055 1008 2086 annuatim
1018 2058 1155 2096 quatuor
1163 2055 1264 2086 bollae
1275 2055 1428 2086 frumenti

377 2108 410 2135 et
425 2104 560 2135 totidem
577 2104 681 2141 brasii,
697 2104 772 2135 11061
788 2104 866 2135 alias
889 2108 1121 2136 consueverant
1135 2105 1296 2145 percipere
1311 2104 1427 2146 viginti

377 2154 494 2185 solidos
507 2158 539 2185 61
551 2154 764 2194 piscacionem
780 2153 897 2185 batelle
912 2154 946 2185 in
961 2164 1046 2195 aqua
1058 2154 1097 2185 de
1109 2154 1217 2191 Forth,
1230 2154 1427 2185 considerata

377 2213 486 2234 eorum
510 2206 706 2244 paupertate,
729 2203 769 2243 (16
791 2203 884 2235 annis
909 2204 1058 2245 computi,
1079 2203 1135 2245 viij
1160 2203 1244 2235 holle
1264 2203 1426 2235 frumenti.

378 2253 422 2284 Et
451 2252 652 2284 defalcantur
681 2253 784 2285 eidem
828 2263 885 2294 pro
915 2253 1060 2285 custodia
1089 2253 1227 2295 granalis
1273 2254 1311 2285 de
1341 2253 1426 2285 dicto
