1551 2462
172 453 337 482 Respondebit

171 483 334 506 thesaurarius

172 513 273 535 Guthre.

175 743 340 772 Respondebit

176 773 276 801 Flegier,

175 804 289 831 magister

175 832 264 854 fabrice
275 831 304 854 de

176 862 299 890 Invernys.

178 1048 343 1078 Respondebit

179 1079 327 1108 Culquhone,

178 1110 302 1132 rotulator.

238 1211 282 1234 Do.

239 1263 283 1286 Do.

181 1421 346 1450 Respondebit

181 1452 323 1479 computans

181 1488 224 1510 pro
236 1485 287 1503 xvm
298 1487 374 1510 spune

181 1512 251 1536 chak.

182 1696 350 1725 Respondebit

182 1727 256 1749 frater
266 1726 374 1748 Andreas

182 1758 300 1780 Lesouris.

186 1988 350 2017 Respondebit

185 2018 334 2047 Culquhone,

185 2049 310 2071 rotulator.

387 267 449 295 358
698 264 863 296 ROTULI
888 263 1124 295 SCACCARII
1327 272 1334 275 “
1347 264 1438 293 1465-

386 357 604 398 spectanoium
620 358 642 389 J
645 358 761 389 ohanni
778 358 922 395 Dunbar,
938 357 1044 395 militi,
1060 357 1145 388 infra
1167 356 1291 388 dictum
1307 356 1438 387 comita-

386 411 466 444 tum,
489 410 521 438 et
552 417 625 438 cum
650 408 767 448 quibus
793 418 826 438 se
853 407 998 438 oneravit
1024 410 1056 438 et
1080 407 1157 438 fecit
1180 410 1377 447 computum,
1401 409 1439 436 ut

386 461 475 497 patet
491 467 548 497 per
570 457 679 488 literas
706 457 827 488 domini
851 457 931 498 regis
955 457 1014 488 sub
1038 457 1161 498 signeto
1178 460 1321 488 ostensas
1344 465 1439 496 super

387 510 575 547 computum
611 511 643 538 et
673 507 733 538 sub
763 507 904 547 periculo
936 506 1162 547 computantis,
1192 506 1258 546 xvij
1287 505 1318 536 fi.
1381 504 1439 545 [To

390 557 566 590 Treasurer.
579 567 614 587 as
629 557 665 587 iu
675 557 724 587 luis
736 560 862 587 account
874 557 912 597 of
921 557 1016 595 1464,
1028 557 1111 587 2932.
1153 556 1196 587 To
1211 556 1266 593 dm,
1282 555 1358 596 BL]
1397 554 1441 585 Et

389 605 502 643 eidem,
525 616 582 646 per
611 606 836 637 liberacionem
868 606 987 637 factam
1019 606 1104 637 dicto
1135 605 1264 637 domino
1299 604 1439 636 Patricio

389 655 514 696 Flegier
523 656 563 686 ad
576 656 695 686 dictam
708 656 861 687 fabricam
873 656 911 686 de
924 656 1094 695 Invernys,
1105 655 1143 686 de
1156 655 1306 686 mandato
1317 653 1440 685 domini

390 705 470 745 regis
487 708 519 736 et
542 705 743 736 dominorum
767 705 806 736 de
830 705 970 742 consilio,
986 705 1115 736 domino
1139 705 1302 745 Kennedy
1319 705 1440 735 fatente

390 754 579 785 mandatum
598 765 693 795 super
716 757 911 795 computum,
927 755 995 795 ipso
1019 754 1118 785 eciam
1135 764 1192 795 per
1215 755 1307 785 binas
1329 754 1440 784 literas

391 814 464 834 suas
487 804 526 834 de
549 808 675 845 recepto
700 808 845 835 ostensas
870 814 966 845 super
990 808 1185 845 computum,
1207 802 1289 845 j⁰xiij
1318 804 1360 841 n,
1382 813 1440 844 pro

392 853 508 893 quibus
525 853 736 894 respondebit.
776 854 818 884 Et
834 853 945 890 eidem,
958 853 997 884 de
1012 853 1112 884 firmis
1128 856 1285 884 terrarum.
1301 853 1340 884 de
1356 852 1441 884 Hul-

393 902 560 934 hirhirstin
574 903 702 933 baronia
715 903 754 934 de
770 903 860 943 Pety,
872 903 1144 934 Westircorborch
1157 903 1191 934 in
1205 903 1399 940 Stratherne,
1409 906 1442 933 et

392 951 562 983 Morclune
572 952 700 989 ibidem,
711 956 743 983 et
755 951 886 983 Cullard
903 953 937 982 in
950 952 1129 995 baroniarde
1145 953 1286 990 Leffaris,
1301 953 1442 984 remissis

395 1002 551 1032 Duncano
567 1002 767 1043 M‘Kyntoys
786 1012 842 1042 per
865 1002 1010 1033 dominos
1026 1002 1065 1033 de
1081 1002 1223 1039 consilio,
1239 1003 1316 1044 ipsis
1341 1003 1443 1033 faten-

394 1051 480 1083 tibus
506 1051 725 1082 remissionem
752 1061 848 1092 super
878 1055 1074 1092 computum,
1098 1052 1137 1082 de
1166 1052 1268 1083 tribus
1299 1052 1444 1083 terminis

393 1101 490 1142 hujus
513 1102 665 1142 computi,
681 1101 769 1142 xxvij
793 1101 824 1133 H.
841 1112 862 1131 x
879 1105 902 1132 s.
950 1102 1009 1142 [To
1035 1101 1246 1143 Comptroller]
1271 1102 1311 1133 ad
1327 1112 1445 1143 expen-

394 1161 444 1182 sas
471 1151 626 1182 domicilii
649 1151 769 1182 domini
791 1151 872 1192 regis
896 1154 928 1182 et
951 1151 1085 1182 intratas
1112 1151 1146 1182 in
1171 1151 1261 1183 libris
1291 1151 1444 1192 ejusdem,
1470 1184 1473 1185 ⁷

396 1202 506 1242 [⁵819]
523 1202 586 1239 145.
604 1201 675 1232 IOcZ.
725 1201 768 1231 To
784 1201 852 1241 do.]‚
869 1201 902 1231 in
925 1201 1070 1242 pecuniis
1094 1212 1149 1242 per
1171 1212 1246 1232 eum
1268 1205 1301 1233 et
1323 1202 1362 1233 de
1385 1212 1443 1232 suo

395 1250 546 1281 mandato
576 1249 721 1290 receptis,
753 1250 865 1291 [ss473
894 1251 936 1281 53.
985 1249 1027 1281 To
1057 1251 1112 1287 do„
1143 1251 1241 1282 ssleo
1271 1250 1350 1291 143]
1402 1251 1445 1281 Et

395 1300 507 1337 eidem,
524 1310 579 1340 pro
595 1299 779 1340 quindecim
798 1299 942 1331 millibus
957 1299 1142 1331 tabularum
1169 1300 1326 1331 dictarum
1342 1310 1445 1341 spune
1484 1296 1489 1299 ¹

396 1350 487 1386 ohak,
532 1349 691 1386 videlicet,
736 1349 901 1380 dolacione
946 1349 1119 1380 earundem
1164 1349 1196 1380 in
1244 1350 1362 1381 foresta
1405 1350 1444 1382 de

395 1400 565 1440 Dernway,
603 1399 642 1430 de
681 1399 830 1430 mandato
873 1400 1074 1430 dominorum
1112 1399 1152 1430 de
1197 1400 1338 1437 consilio,
1375 1400 1445 1431 the-

395 1449 536 1480 saurario
574 1452 713 1479 testante
743 1449 932 1480 mandatum
970 1459 1065 1489 super
1094 1453 1282 1490 computum
1319 1453 1352 1481 et
1388 1460 1445 1491 pro

397 1499 513 1539 quibus
558 1498 676 1529 tabulis
715 1498 819 1529 dictus
857 1502 1045 1539 computans
1083 1500 1295 1540 respondebit,
1332 1510 1375 1530 xv
1412 1499 1444 1530 fi.

397 1549 440 1579 Et
484 1548 596 1586 eidem,
641 1558 697 1588 per
741 1548 965 1579 liberacionem
1010 1548 1128 1579 factam
1181 1549 1271 1579 fratri
1317 1549 1446 1580 Andree

397 1599 552 1635 Lesouris,
583 1598 788 1638 carpentario,
819 1607 876 1638 pro
907 1597 1118 1629 inundacione
1149 1597 1196 1637 iiij
1225 1602 1445 1629 carucatarum

397 1652 520 1680 tecture
551 1649 585 1678 in
616 1648 726 1679 eadem
753 1648 879 1684 foresta,
894 1646 963 1688 ipso
994 1650 1050 1687 per
1079 1657 1152 1678 suas
1183 1647 1291 1678 literas
1322 1648 1444 1679 fatente

397 1702 560 1739 receptum
590 1708 685 1739 super
715 1701 911 1737 computum,
938 1699 970 1727 et
999 1706 1056 1737 pro
1086 1696 1204 1737 quibus
1235 1697 1318 1728 idem
1349 1697 1448 1729 frater

397 1748 544 1779 Andreas
568 1747 780 1788 respondebit,
803 1747 836 1787 iij
855 1746 886 1777 n.
903 1746 946 1786 xij
972 1750 994 1777 s.
1043 1747 1082 1777 Et
1098 1746 1210 1783 eidem,
1225 1756 1283 1787 pro
1299 1748 1447 1788 expensis

399 1797 492 1828 factis
509 1797 592 1828 circa
607 1799 801 1827 structuram
824 1795 919 1826 unius
936 1795 1112 1826 molendini
1128 1796 1205 1826 dicti
1228 1796 1284 1827 the
1308 1797 1446 1828 Schiref-

399 1846 509 1887 mylne
532 1846 616 1876 infra
638 1845 769 1877 terciam
794 1845 833 1876 de
856 1845 1002 1886 Duffoys,
1024 1848 1062 1875 ut
1084 1845 1196 1876 asserit
1211 1850 1400 1886 computans
1412 1847 1447 1878 in

399 1906 456 1927 suo
473 1898 679 1932 sacramento,
695 1894 771 1935 xxvj
789 1898 811 1925 s.
828 1894 884 1934 viij
902 1894 931 1925 d.
977 1894 1020 1924 Et
1034 1894 1146 1932 eidem,
1161 1905 1217 1935 per
1232 1894 1448 1928 decidenciam

400 1946 562 1976 firmarum
580 1945 694 1975 foreste
711 1944 750 1974 de
766 1944 928 1984 Dernway
951 1953 990 1974 ex
1013 1954 1049 1975 eo
1073 1944 1158 1984 quod
1181 1944 1303 1975 domini
1319 1945 1358 1976 de
1373 1955 1447 1977 con-

401 1995 472 2026 silio
489 1994 634 2025 fecerunt
650 1993 797 2024 claudere
813 1992 932 2024 dictam
954 1993 1112 2030 forestam,
1129 1993 1167 2024 de
1183 1993 1307 2025 duobus
1323 1995 1448 2027 ultimis

401 2095 443 2124 Et
455 2094 566 2130 eidem,
578 2103 635 2133 pro
648 2096 777 2123 centum
789 2092 905 2132 viginti
917 2103 980 2123 una
993 2093 1103 2123 martis
1115 2102 1187 2123 cum
1200 2093 1307 2123 corriis
1320 2093 1448 2125 intratis

401 2153 457 2183 per
469 2144 708 2182 computantem
720 2142 754 2172 in
766 2141 856 2172 libris
866 2141 1028 2178 domicilii,
1040 2146 1263 2182 computorum
1275 2143 1448 2175 rotulatore
1490 2147 1493 2149 ’

402 2192 522 2223 fatente
546 2194 709 2232 receptum
734 2201 829 2232 super
853 2194 1048 2232 computum,
1066 2191 1105 2222 ad
1122 2201 1278 2232 expensas
1294 2192 1449 2224 domicilii
