1551 2462
149 275 239 304 1465.
459 271 621 304 REGUM
646 270 892 303 SOOTORUM.
1137 273 1198 301 343

145 365 236 398 tercii
273 365 312 396 de
357 365 524 406 arreragiis
562 365 585 396 J
586 364 722 396 ohannis
760 362 975 400 Strathachin,
1020 366 1057 393 ut
1109 365 1199 403 patet

145 415 180 446 in
229 414 348 452 eodem,
379 418 411 446 et
447 417 521 455 post
551 414 611 445 hoc
648 414 683 446 in
720 416 871 454 computo
902 412 979 444 anni
1009 412 1198 453 sexagesimi

145 464 251 506 quarti
277 464 312 495 in
337 464 504 505 arreragiis
529 464 606 501 suis,
622 474 662 495 ex
688 474 725 495 eo
741 463 827 504 quod
850 462 959 494 David
976 462 1199 502 Skrimgeoure

145 513 318 554 deputatur
328 517 472 554 receptor
488 513 647 545 dictarum
662 514 826 544 firmarum
839 515 870 544 et
886 522 960 543 cum
976 511 1093 552 quibus
1108 521 1198 542 oner-
1212 511 1352 563 ssssgffindus
1364 513 1400 534 est

145 563 251 594 abitur
265 563 299 594 in
315 566 465 604 computo
482 573 548 600 suo,
565 574 586 594 x
601 563 634 595 fi.
679 563 722 594 Et
738 562 851 600 eidem,
868 562 907 593 de
923 562 1023 592 firmis
1039 561 1197 592 dictarum
1211 570 1373 604 skrimgepur‚

144 615 300 644 terrarum
315 612 354 644 de
369 613 517 654 Erntuly,
531 623 605 644 eum
616 611 732 653 quibus
749 614 939 652 computans
956 611 1148 642 onerabatur
1163 610 1197 641 in
1212 600 1396 652 {Qfffiffffigffiedss

145 665 293 703 computo
308 672 366 693 suo
381 665 525 703 tempore
540 662 647 704 regine
663 662 715 703 pie
731 662 885 693 memorie
901 671 984 692 anno
1001 660 1198 701 sexagesimo
1242 691 1246 695 ,

145 713 291 751 secundo,
301 724 340 745 ex
351 724 387 745 eo
399 714 485 755 quod
499 714 667 755 episcopus
680 713 922 745 Dunkeldensis
932 712 1076 753 percepit
1091 712 1198 743 firmas

145 763 316 795 earundem
331 774 389 805 pro
403 764 497 795 terris
513 764 579 795 suis
595 763 819 795 ecclesiasticis
834 763 873 794 de
889 763 1067 794 Abireorne
1083 762 1122 793 de
1134 772 1198 792 uno

144 812 281 844 termino
311 813 390 845 dicti
420 813 497 844 anni
527 813 717 855 sexagesimi
747 812 888 850 secundi,
920 812 1051 844 custode
1080 811 1199 852 privati

144 862 241 903 sigilli
270 865 409 893 testante
439 865 603 903 receptum
634 872 731 903 super
753 865 950 902 computum,
976 861 1008 902 vj
1037 861 1069 892 fi.
1094 860 1149 901 xiij
1175 864 1198 891 s.

143 911 191 952 iiij
208 911 247 949 d„
263 922 325 953 que
341 922 467 944 summa
482 923 548 943 non
570 912 707 943 allocata
722 911 786 942 fuit
809 911 880 948 sibi,
895 914 932 942 ut
954 914 1044 952 patet
1064 910 1099 941 in
1115 920 1199 941 anno

143 960 292 1002 predicto.
330 961 373 992 Et
388 961 520 1002 Albany
529 961 669 998 heraldo,
685 971 743 1002 pro
758 960 851 991 feodo
865 971 921 991 suo
935 960 974 991 de
986 970 1051 991 uno
1063 960 1200 991 termino

144 1013 286 1050 tempore
302 1010 386 1042 dicte
402 1010 531 1042 domine
546 1010 664 1051 regine,
680 1010 720 1041 de
735 1009 887 1041 mandato
903 1009 1056 1049 ejusdem,
1068 1008 1200 1040 custode

142 1059 261 1100 privati
284 1059 383 1100 sigilli
405 1062 544 1091 testante
567 1059 758 1091 mandatum
785 1069 882 1100 super
903 1062 1100 1099 computum,
1123 1068 1144 1088 v
1166 1057 1198 1089 fi.

142 1109 183 1140 Et
200 1108 410 1149 computanti‚
424 1119 481 1150 pro
495 1109 587 1141 feodo
607 1120 664 1140 suo
680 1109 719 1140 de
735 1119 819 1140 anno
834 1109 986 1149 computi,
1001 1109 1033 1148 vj
1051 1107 1082 1139 fi.
1100 1108 1156 1148 xiij
1175 1112 1198 1139 s.

142 1157 189 1198 iiij
206 1157 235 1189 d.
282 1160 415 1189 summa
437 1168 659 1200 expensarum,
684 1157 768 1199 iiij⁰x
791 1158 823 1190 fi.
848 1158 883 1199 iij
912 1162 936 1190 ἓ.
960 1158 994 1199 iij
1021 1157 1050 1189 d.
1096 1158 1138 1188 Et
1154 1157 1200 1188 sic

141 1210 265 1238 restant
290 1206 362 1248 ij⁰1ij
388 1207 420 1240 Η.
449 1218 469 1238 v
494 1213 517 1239 s.
545 1219 566 1239 v
591 1208 620 1240 d.
637 1209 712 1249 obj
736 1208 818 1239 libra
833 1208 960 1249 piperis.
1006 1208 1057 1239 De
1074 1207 1200 1248 quibus,

141 1256 275 1288 allocate
306 1258 509 1298 computanti
532 1268 589 1299 per
610 1258 808 1289 solucionem
832 1258 952 1289 factam
974 1257 1106 1298 Albany
1129 1257 1199 1288 her-

141 1305 229 1337 raldo
258 1316 316 1347 pro
348 1306 440 1337 feodo
471 1317 529 1338 suo
559 1307 599 1338 de
629 1317 694 1338 uno
724 1307 863 1338 termino
895 1310 1039 1347 tempore
1071 1306 1200 1337 domine

141 1355 248 1396 regine
261 1355 314 1396 pie
329 1356 490 1393 memorie,
507 1356 545 1387 de
558 1367 622 1397 quo
633 1356 748 1388 habuit
760 1359 948 1397 preceptum
959 1356 997 1386 ad
1009 1355 1200 1386 solvendum

142 1408 174 1436 et
189 1405 251 1436 sibi
273 1405 370 1436 solvit
393 1416 451 1437 nec
474 1409 542 1438 erat
569 1406 736 1447 hucusque
763 1405 944 1443 allocatum,
961 1416 1001 1437 ex
1018 1406 1198 1437 considera-

143 1453 233 1485 cione
258 1454 440 1486 auditorum
463 1455 503 1487 ad
527 1465 667 1496 presens,
695 1466 716 1486 v
740 1455 772 1487 fi.
818 1455 861 1486 Et
884 1455 997 1492 eidem,
1014 1465 1070 1496 per
1085 1454 1197 1486 remis-

142 1503 264 1535 sionem
280 1504 398 1536 factam
420 1515 478 1546 per
502 1505 669 1536 dominum
696 1515 802 1546 regem
827 1504 973 1536 Johanni
999 1504 1136 1536 Stewart
1159 1505 1199 1536 de

143 1552 241 1584 firmis
256 1556 413 1585 terrarum
428 1554 467 1586 de
490 1555 646 1586 Rannach
671 1557 704 1586 et
719 1555 856 1586 aliarum
878 1557 1036 1586 terrarum
1053 1564 1110 1595 per
1125 1564 1200 1585 eum

142 1607 375 1644 occupatarum,
391 1614 465 1635 cum
492 1604 609 1646 quibus
636 1608 827 1645 computans
857 1603 917 1634 hoc
948 1614 1032 1634 anno
1062 1607 1094 1635 et
1127 1603 1200 1634 aliis

143 1652 235 1683 annis
251 1653 494 1693 precedentibus
517 1656 668 1685 oneratus
693 1653 812 1690 existit,
839 1655 877 1684 ut
903 1656 993 1694 patet
1017 1663 1075 1693 per
1090 1653 1200 1684 literas

144 1701 264 1733 domini
288 1703 371 1744 regis
397 1704 458 1735 sub
483 1703 607 1744 signeto
634 1706 777 1735 ostensas
804 1713 899 1745 super
924 1706 1114 1743 computum
1143 1713 1201 1743 per

145 1747 350 1793 signaturam,
375 1752 401 1793 j⁰
425 1753 456 1784 n.
503 1752 549 1784 Et
573 1753 685 1790 eidem,
700 1763 758 1794 per
784 1752 979 1783 solucionem
1005 1752 1125 1783 factam
1141 1762 1199 1792 pro

146 1802 239 1833 certis
254 1802 339 1833 vasis
356 1802 500 1834 stanneis
522 1803 657 1844 perditis
674 1803 709 1834 in
724 1803 818 1833 domo
842 1799 992 1833 scaeearii
1014 1801 1098 1832 tenti
1113 1801 1200 1842 apud

145 1850 251 1889 Perth,
266 1852 306 1883 de
332 1852 484 1884 mandato
511 1852 695 1884 auditorum
723 1856 756 1884 et
778 1852 1036 1883 consideracione
1052 1851 1197 1891 ejusdem

144 1901 299 1939 scaccarii,
322 1912 366 1934 xx
393 1906 416 1933 s.
462 1902 595 1934 Summa
617 1902 732 1933 harum
756 1911 977 1943 expensarum,
1001 1900 1061 1941 j⁰vj
1080 1900 1111 1932 ri.
1158 1901 1201 1932 Et

145 1950 189 1982 sic
204 1954 327 1983 restant
338 1951 433 1993 j⁰xlvj
450 1951 482 1983 n.
500 1962 521 1983 v
537 1956 559 1983 s.
577 1962 598 1982 v
613 1951 643 1984 d.
660 1952 707 1983 ob.
722 1952 735 1992 j
752 1952 834 1983 libra
850 1951 981 1992 piperis.
1195 1961 1199 1962 ⁷

187 2047 383 2090 Computum
399 2050 422 2082 J
423 2050 513 2082 acobi
530 2050 662 2082 Schawe
678 2050 717 2081 de
734 2049 939 2091 Sauchquhy,
955 2048 1122 2080 camerarii
1138 2051 1200 2080 ter·
1217 2052 1390 2094 Strivelyn,

145 2108 252 2130 rarum
278 2100 401 2131 domini
427 2101 509 2141 regis
536 2100 620 2131 infra
651 2099 909 2131 Strivelinschire
940 2098 1204 2138 subscriptarum,

147 2147 354 2190 [Edinburqla
370 2151 391 2181 9
417 2150 498 2191 July
521 2149 631 2190 1465]
648 2159 666 2180 a
690 2149 804 2180 diebus
829 2152 941 2179 octavo
966 2148 1085 2179 mensis
1108 2148 1130 2179 J
1134 2148 1202 2179 unii

154 2199 230 2230 anni
260 2202 316 2232 etc.
348 2200 537 2241 sexagesimi
570 2199 677 2240 quarti
714 2209 770 2240 per
806 2199 994 2239 magistrum
1027 2198 1203 2229 Robertum
