1551 2462
109 251 200 280 1463.
229 248 231 251 ’
419 246 580 279 REGUM
604 246 852 278 SOOTORUM.
1099 250 1158 278 169

109 341 216 372 firmas
229 343 387 371 terrarum
402 340 441 371 de
459 340 586 372 Cowore
602 340 641 370 (16
657 339 750 371 dictis
766 339 919 370 terminis.
959 340 1002 371 Et
1017 340 1056 371 de
1071 340 1115 380 vij
1127 340 1159 371 11.

109 401 131 422 x
149 401 171 422 s.
190 390 228 421 de
244 390 344 421 firmis
361 393 443 422 terre
467 390 505 422 (16
521 389 739 431 Culcranyohb
755 389 793 420 de
810 389 904 420 dietis
919 389 1074 421 terminis.
1118 390 1162 421 Et}

108 440 147 472 de
170 439 215 480 vij
239 439 271 470 11.
296 450 317 470 x
341 444 364 471 5.
388 440 427 471 de
450 440 550 471 firmis
581 443 664 471 terre
687 439 726 471 de
753 439 918 480 Galvabeg
948 449 1004 480 per
1034 443 1161 480 tempus

108 489 254 530 compoti.
300 489 344 520 Et
359 489 399 520 de
414 489 458 530 vij
476 488 507 521 11.
524 500 546 520 x
562 493 584 520 5.
602 489 641 521 de
657 489 756 520 firmis
772 492 854 520 terre
865 489 904 520 (16
920 489 1110 520 Galvamore
1123 488 1162 519 (16

108 539 202 570 dictis
218 539 321 570 tribus
347 539 499 570 herminis.
544 539 588 570 Et
604 538 643 570 de
666 539 710 579 vij
727 538 758 569 11.
776 549 797 569 x
813 543 836 569 5.
852 538 891 570 de
907 538 1007 570 firmis
1022 541 1106 569 terre
1122 538 1162 569 de

108 588 241 619 Dowale
258 598 314 629 per
329 588 415 619 idem
430 591 564 629 tempus.
611 588 654 619 Et
669 588 708 619 (16
723 588 756 628 vj
773 587 804 618 11.
816 598 860 618 xv
876 591 898 620 Ξ
916 587 955 619 (16
968 588 1067 618 firmis
1080 591 1162 618 terre

110 637 150 669 de
165 637 329 668 Bordland
345 637 426 668 dele
441 636 575 668 Bauach
590 647 647 678 per
661 636 748 668 idem
763 640 899 677 tempus.
945 637 988 667 Et
1003 636 1042 667 de
1059 636 1114 677 viij
1129 636 1161 666 11.

109 697 131 718 v
146 691 168 718 5.
186 686 225 718 de
240 686 340 717 firmis
356 689 438 717 terre
455 686 493 718 de
506 685 748 724 Quhiltbassaoh
764 696 822 727 per
836 686 922 718 idem
938 689 1074 727 tempus.
1120 686 1164 716 Et

110 736 149 767 (16
164 736 198 776 iij
215 735 247 767 11.
264 735 302 767 (16
315 736 415 767 firmis
431 739 514 767 terre
536 736 576 767 de
599 735 794 777 Culquhatio
813 746 869 777 per
885 736 1009 767 dictum
1025 739 1161 776 tempus.

111 786 155 817 Et
169 785 208 817 de
223 785 267 826 vij
280 785 312 816 11.
330 796 352 816 x
367 789 389 817 5.
415 786 454 817 de
477 785 578 817 firmis
594 788 677 816 terre
701 785 740 816 de
764 785 928 826 Blawrory
952 789 984 816 et
1007 785 1046 816 (16
1069 785 1166 816 dietis

111 835 264 866 terminis.
308 835 351 865 En
367 834 406 866 de
421 835 466 876 xij
490 835 521 865 11.
539 834 578 866 (16
603 835 705 867 firmis
728 839 886 867 terrarum
901 835 940 866 (16
956 834 1165 866 Westirloch-

111 885 184 916 lane
207 888 239 916 et
261 884 496 916 Esnirloehlane
519 894 575 926 por
605 884 694 916 idem
724 888 860 925 tempus.
906 884 949 916 Et
979 885 1018 915 de
1049 885 1104 925 xij
1132 883 1164 915 11.

113 933 152 965 (16
182 933 275 964 berris
305 933 344 965 de
370 933 511 965 Trewale
537 944 594 974 per
620 934 707 965 idem
737 936 872 974 tempus.
928 934 971 965 Et
1001 934 1040 965 de
1071 934 1115 975 vij
1133 933 1165 964 11.

114 994 137 1014 x
152 987 174 1015 5.
191 983 230 1015 de
253 983 352 1014 firmis
376 987 460 1015 terre
476 983 516 1015 de
532 983 741 1015 Glenlicheru
758 994 815 1024 per
835 983 923 1015 idem
944 986 1079 1024 tempus.
1125 983 1168 1014 Et

116 1033 155 1064 (16
179 1033 257 1073 xviij
274 1032 306 1063 11
333 1036 491 1064 terrarum
517 1032 556 1064 (16
583 1033 741 1070 Glentarf,
768 1033 940 1070 Leonacht,
969 1033 1169 1074 Drumterly,

116 1085 149 1113 et
179 1081 358 1122 Glasohory
386 1092 443 1123 per
474 1082 559 1113 idem
589 1085 724 1123 tempus.
786 1083 829 1113 Et
859 1082 898 1114 (16
930 1083 974 1123 xij
1007 1082 1039 1114 fi.
1072 1093 1116 1114 xv
1144 1086 1166 1113 5.

117 1134 273 1163 terrarum
323 1131 362 1162 (16
414 1131 628 1175 Clauohquhy
674 1142 731 1173 per
777 1131 863 1163 idem
915 1136 1050 1173 tempus.
1126 1132 1170 1162 Et

118 1181 157 1212 de
187 1181 221 1221 iij
249 1180 281 1211 11.
297 1190 319 1211 v
335 1185 357 1212 5.
374 1184 533 1212 terrarum
556 1181 595 1212 de
623 1181 708 1222 Cory
729 1192 785 1222 per
805 1181 929 1212 dict-,um
944 1184 1080 1222 tempus.
1126 1182 1170 1212 Et

119 1230 158 1261 de
174 1230 218 1271 vij
235 1230 266 1261 11.
284 1241 305 1261 x
321 1234 343 1262 5.
368 1230 407 1262 de
423 1230 516 1261 terris
531 1230 578 1262 ’(16
601 1230 736 1262 Fordow
758 1241 815 1272 per
837 1231 923 1262 idem
947 1235 1081 1272 tempus.
1129 1232 1171 1262 Et

119 1279 159 1311 (16
183 1279 261 1320 xviij
287 1279 319 1310 11.
343 1289 400 1320 per
421 1279 561 1321 integras
584 1280 693 1311 firmas
715 1283 873 1314 terrarum
897 1281 935 1312 de
957 1281 1052 1312 Ester
1074 1281 1171 1312 Abir-

119 1329 259 1366 lernoch,
273 1328 393 1360 Westir
407 1329 611 1366 Abirlethno,
621 1339 694 1360 cum
707 1329 812 1360 media
824 1333 914 1370 parte
926 1330 1100 1361 earundem
1115 1340 1172 1371 per

118 1379 203 1410 idem
226 1381 361 1419 tempus,
383 1378 534 1409 videlicet]
557 1388 631 1409 cum
653 1378 684 1410 16
706 1379 841 1420 Logane.
887 1379 930 1410 Et
953 1379 992 1410 de
1011 1380 1055 1420 xij
1073 1379 1104 1410 11.
1130 1379 1170 1410 (16

55 1434 57 1436 ·
120 1428 192 1459 aliis
201 1427 325 1458 duabus
339 1427 486 1468 partibus
502 1427 645 1468 ejusdem
667 1438 725 1469 per
740 1428 864 1460 dictum
885 1431 1021 1470 tempus.
1068 1429 1111 1460 Et
1134 1429 1173 1459 de

121 1477 166 1518 vij
182 1477 214 1508 11.
230 1487 254 1508 x
268 1481 291 1508 5.
309 1477 348 1508 (16
363 1477 456 1508 terris
473 1477 512 1508 (16
537 1476 834 1509 Drummanernooh
849 1488 906 1519 per
928 1478 1015 1510 idem
1037 1481 1173 1519 tempus.

122 1527 164 1558 Et
180 1526 219 1558 (16
234 1527 269 1557 ix
283 1526 316 1558 fi.
333 1529 492 1558 terrarum
508 1527 547 1558 de
563 1527 684 1558 Farnas
700 1537 774 1558 eum
789 1527 1006 1559 Dallansketh
1022 1538 1079 1569 per
1089 1528 1175 1559 idem

122 1580 257 1618 tempus.
313 1576 356 1608 Et
378 1576 418 1607 (16
444 1576 478 1607 ix
501 1576 533 1607 11.
558 1580 716 1608 terrarum
739 1577 778 1608 de
802 1576 979 1618 Dalganros
1006 1587 1063 1618 per
1089 1577 1176 1609 idem

123 1630 258 1667 tempus.
304 1626 347 1657 Et
371 1626 410 1657 de
425 1626 577 1668 111]11.(16
593 1626 686 1658 terris
710 1626 749 1658 de
773 1626 964 1658 Culdonlitfl
987 1637 1061 1658 oum
1083 1630 1176 1668 prato

125 1726 289 1767 Craganch
313 1736 370 1767 per
392 1725 476 1757 idem
509 1729 644 1767 tempus.
689 1726 732 1757 Et
755 1726 794 1757 de
817 1726 862 1767 xij
890 1726 922 1758 11.
952 1729 1107 1758 terrarum
1138 1727 1177 1759 (16

127 1775 344 1817 Drumquhyn
359 1777 393 1806 et
408 1774 562 1816 Myltoun
578 1785 651 1806 611111
667 1775 852 1806 molendino
868 1775 1011 1816 ejusdem
1023 1787 1080 1817 per
1091 1776 1178 1807 idem

126 1827 261 1865 tempus.
306 1824 350 1857 Et
387 1824 426 1856 de
456 1825 513 1865 viij
542 1824 575 1856 11.
606 1827 763 1856 terrarum
794 1825 833 1856 de
870 1825 980 1856 Lekko
1011 1825 1051 1856 de
1083 1825 1178 1856 dietis

127 1874 281 1906 terminis.
326 1874 369 1905 Et
384 1873 423 1905 de
439 1874 483 1914 xij
504 1874 536 1905 fi.
561 1874 601 1906 de
623 1874 724 1906 firmis
747 1877 905 1906 terrarum
927 1874 967 1905 de
991 1874 1179 1906 Casteltoun

128 1926 160 1954 et
174 1923 204 1954 16
220 1923 322 1955 Kerse
339 1933 395 1964 per
410 1923 496 1955 idem
512 1927 648 1965 tempus.
694 1924 737 1955 Et
753 1924 792 1956 de
808 1924 842 1965 fij
859 1923 891 1955 11.
908 1924 947 1955 (16
963 1924 992 1955 16
1016 1924 1117 1956 Kerse
1140 1924 1181 1956 de

129 1972 346 2014 Drumquhyn
370 1983 443 2004 cum
470 1973 654 2005 molendino
681 1977 713 2005 et
736 1977 828 2015 prato
851 1973 994 2014 ejusdem
1017 1984 1073 2014 per
1095 1973 1182 2005 idem

129 2026 264 2064 tempus.
309 2023 353 2054 Et
375 2022 414 2054 de
436 2023 472 2053 xl
492 2026 515 2054 5.
541 2023 581 2054 de
603 2023 703 2055 firmis
726 2026 884 2054 terrarum
907 2023 946 2054 de
968 2023 999 2054 16
1021 2023 1120 2064 Tayle
1143 2023 1182 2055 de

129 2072 240 2104 Lekko
256 2082 313 2113 per
327 2072 414 2104 idem
429 2075 566 2114 tempus.
611 2072 654 2104 En
670 2072 709 2104 (16
725 2072 769 2113 xij
786 2072 819 2105 11,
838 2073 877 2103 (16
900 2073 1000 2104 firmis
1024 2076 1182 2104 terrarum

131 2174 285 2203 terrarum
301 2171 340 2203 de
357 2171 528 2213 Carroglen
545 2171 586 2204 de
602 2171 696 2204 dictis
719 2171 874 2204 terminis.
919 2172 962 2203 Et
984 2172 1023 2204 de
1046 2172 1080 2204 ix
1095 2172 1126 2204 11.
1143 2172 1183 2204 (16
