1551 2462
0 652 15 784 ''YF‘J'''=¹*
0 591 5 619 '⁴

16 1302 17 1306 „
13 1268 19 1270 Ι
0 1027 22 1248 ,q-„q-,ffi-wwu
0 952 21 1020 ‘55¹2'
0 854 18 944 »πῖ-ην.)

5 2412 34 2453 ,τῷ
2 2367 30 2406 ’,ευ-
0 2296 34 2360 «0
0 1822 44 2288 ssfm-„awfizfflfflrss
0 1803 35 1817 ,f

168 320 259 350 1467.
476 317 637 350 REGUM
661 317 909 368 SOOTORUM
1152 322 1211 349 467

164 410 203 441 de
217 410 367 447 Ormond,
377 420 434 451 pro
447 410 538 442 firma
550 410 649 442 crofte
660 421 715 442 sue
729 411 767 442 de
780 410 891 442 eodem
904 411 1049 448 termino,
1062 411 1083 451 ij
1099 415 1121 442 s.
1135 412 1166 452 vj
1181 411 1209 442 d.

164 460 207 491 Et
222 470 309 491 maro
324 460 363 491 de
374 460 488 492 Avach
515 464 547 491 et
570 460 753 499 Eddirdule,
769 471 825 501 pro
849 461 941 492 feodo
964 472 1021 492 suo
1045 461 1084 492 de
1101 461 1211 492 eodem

164 510 308 547 termino,
324 521 346 540 x
361 514 384 542 ἔ.
430 511 473 542 Et
488 510 600 548 eidem,
612 510 651 542 de
667 511 767 542 firmis
783 511 992 542 dimidietatis
1003 514 1158 542 terrarum
1174 511 1213 542 de

165 559 318 590 Bonnoch
330 563 362 590 et
377 560 576 601 Banquhare,
589 560 745 592 concessis
757 570 814 601 per
829 560 995 591 dominum
1007 571 1112 602 regem
1130 561 1212 592 clare
1237 596 1242 599 μ

163 610 313 640 memorie
328 609 350 641 J
353 613 444 641 onete
462 610 596 641 Stewart
611 610 652 641 ad
667 610 769 641 vitam
782 636 789 648 ,
805 614 842 641 ut
857 614 947 651 patet
962 611 996 641 in
1012 611 1126 642 rotulis
1143 621 1213 652 pre-

163 659 358 697 cedentibus,
375 659 413 690 de
425 659 511 690 dicto
527 669 611 690 anno
627 663 660 690 et
675 660 734 690 sub
751 660 861 691 eodem
877 659 1029 701 periculo,
1043 661 1085 701 vij
1102 660 1134 692 11‘.
1151 671 1173 691 x
1189 665 1211 691 s.

100 742 103 744 ,
161 707 206 738 Et
220 718 307 740 maro
323 708 362 740 de
378 709 459 749 Pety
475 712 507 740 et
522 708 717 750 Brauchlyn,
732 719 789 749 pro
804 709 897 740 feodo
913 720 970 740 suo
986 709 1024 740 de
1045 710 1130 740 dicto
1151 713 1214 741 ter-

162 757 260 795 mino,
289 769 334 789 xx
366 762 388 789 ἔ.
449 759 493 789 Et
522 768 611 789 maro
642 759 681 789 de
712 758 853 796 Leffizris,
881 769 937 799 pro
968 759 1060 790 feodo
1085 769 1143 790 suo
1174 759 1214 790 de

163 807 273 838 eodem
300 808 445 845 termino,
470 808 527 849 xiij
545 812 568 839 s.
585 808 632 848 iiij
649 808 678 838 d.
725 808 767 838 Et
783 808 896 845 eidem,
912 818 969 849 per
996 808 1213 840 decidenciam

162 856 326 888 firmarum
356 857 485 889 baronie
512 858 551 889 de
577 857 691 888 Avach
717 858 752 888 in
777 858 996 896 Ardmanoch,
1013 868 1052 889 ex
1068 869 1104 889 eo
1128 858 1213 900 quod

162 910 350 947 computans
377 911 526 938 oneratur
550 907 585 938 in
611 907 715 938 rotulo
739 907 827 938 ultra
853 917 949 947 quam
975 908 1157 938 continetur
1181 908 1214 938 in

161 955 276 986 rentali
303 966 376 988 cum
407 957 516 988 decem
543 956 643 992 libris,
673 959 710 987 ut
737 959 827 997 patet
848 956 884 987 in
913 956 1030 987 rentali
1054 960 1086 988 et
1109 957 1214 988 rotulo

161 1005 397 1045 particulariter
409 1006 599 1037 examinatis
609 1015 704 1046 super
717 1008 912 1046 computum,
924 1005 963 1036 de
973 1006 1059 1037 dicto
1068 1007 1215 1043 termino,

162 1064 184 1085 x
210 1054 243 1086 Ῐί.
287 1055 330 1085 Et
360 1055 472 1092 eidem,
498 1065 554 1096 per
584 1055 802 1086 decidenciam
832 1055 996 1086 firmarum
1017 1055 1152 1087 dominii
1175 1056 1214 1087 de

163 1104 246 1144 Pety
262 1107 294 1135 et
317 1104 479 1145 Brauchly
503 1104 541 1136 de
564 1104 649 1135 dicto
666 1105 812 1142 termino,
827 1108 864 1135 ut
886 1108 976 1146 patet
998 1105 1033 1135 in
1055 1105 1159 1137 rotulo
1182 1109 1215 1136 et

161 1153 278 1184 rentaii
293 1154 483 1185 examinatis
499 1164 595 1195 super
617 1158 812 1195 computum,
828 1165 872 1185 xx
888 1159 911 1186 Ξ.
957 1155 1000 1185 Et
1023 1155 1135 1193 eidem,
1157 1166 1215 1196 per

161 1202 377 1234 decidenciam
388 1204 550 1234 firmarum
561 1207 717 1235 terrarum
733 1204 771 1234 de
903 1228 910 1241 ,
920 1214 960 1235 ex
975 1214 1012 1235 eo
1022 1204 1107 1245 quod
1117 1205 1214 1236 rotuli

161 1252 235 1292 plus
260 1253 426 1284 continent
453 1263 550 1294 quam
576 1252 699 1284 rentaie
721 1252 837 1294 viginti
861 1253 979 1284 solidos
1001 1254 1035 1284 in
1058 1264 1151 1291 anno,
1174 1255 1214 1285 de

161 1302 272 1333 eodem
303 1303 448 1340 termino,
464 1313 485 1333 x
508 1307 530 1334 s.
576 1303 618 1333 Et
648 1302 761 1339 eidem,
792 1303 830 1333 de
861 1303 960 1334 firmis
989 1306 1144 1334 terrarum
1174 1304 1213 1335 de

161 1351 292 1383 Leffaris
318 1352 402 1383 infra
426 1352 684 1383 vicecomitatum
710 1351 748 1382 de
770 1351 875 1392 Elgin,
898 1362 973 1383 cum
988 1352 1105 1393 quibus
1128 1363 1213 1384 com-

161 1404 278 1441 putans
294 1401 439 1442 superius
455 1404 612 1438 oneratur,
628 1410 685 1441 pro
708 1401 807 1432 tercia
823 1401 931 1432 debita
954 1412 1068 1442 sponse
1091 1402 1213 1433 domini

160 1450 183 1481 J
185 1450 319 1482 ohannis
336 1450 453 1492 Ogilvy
469 1451 508 1481 de
523 1460 648 1481 summa
664 1450 861 1481 oneracionis
877 1451 1029 1491 predicta,
1045 1451 1084 1483 de
1100 1452 1211 1483 eodem

160 1500 304 1538 termino,
327 1500 362 1531 ix
384 1500 415 1531 fi.
433 1510 477 1530 xx
499 1500 528 1531 d.
574 1500 617 1530 Et
639 1499 752 1537 eidem,
767 1509 824 1540 per
845 1499 1070 1531 liberacionem
1093 1501 1212 1532 factam

161 1549 290 1581 domino
313 1550 451 1581 Patricio
475 1549 607 1590 Flegier,
622 1549 774 1590 magistro
797 1549 915 1580 fabrice
937 1550 977 1581 de
994 1550 1156 1588 Invernes,
1172 1551 1211 1582 de

161 1599 313 1631 mandato
329 1599 452 1630 domini
466 1599 549 1641 regis
564 1599 740 1630 literatorio
764 1599 824 1630 sub
846 1599 969 1640 signeto
992 1600 1032 1631 de
1055 1604 1212 1641 precepto,
1226 1627 1389 1650 Resoondebit

161 1649 202 1681 ad
218 1649 338 1680 dictam
354 1649 516 1686 fabricam,
532 1649 601 1689 ipso
624 1648 747 1688 fatente
763 1659 819 1689 per
834 1648 944 1680 literas
960 1660 1033 1681 suas
1049 1654 1210 1691 receptum
1227 1643 1416 1691 Flegiierkmagis-

161 1709 256 1740 super
271 1702 466 1740 computum,
482 1698 517 1729 xl
533 1698 574 1735 hi,
585 1708 642 1739 pro
653 1698 770 1739 quibus
783 1699 995 1739 respondebit.
1027 1701 1085 1741 [To
1103 1701 1212 1741 Comp-
1225 1687 1361 1739 ἷξξξῗξζζξθ
1373 1687 1402 1709 de

161 1749 273 1786 troller,
289 1749 352 1780 133.
369 1748 435 1789 φὶ]
475 1748 606 1779 Summa
622 1758 843 1789 expensarum,
862 1747 946 1790 iij⁰lv
961 1749 993 1780 fi.
1010 1750 1066 1780 xix
1082 1754 1105 1781 s.
1121 1750 1155 1791 iij
1182 1750 1211 1782 d.

162 1798 204 1829 Et
226 1798 272 1829 sic
294 1801 416 1829 restant
433 1797 537 1839 vj⁰liiij
554 1797 586 1829 li.
603 1798 672 1838 xiiij
689 1802 712 1828 ἔ.
729 1798 763 1838 iij
782 1797 811 1829 d.
857 1798 906 1829 De
930 1799 1055 1839 quibus,
1078 1799 1212 1831 allocate
1227 1808 1391 1838 Respondebit

161 1848 421 1889 computantibus
432 1848 471 1879 dc
483 1847 654 1888 gressumis
667 1847 811 1888 thanagii
822 1847 860 1878 de
873 1848 1001 1886 Kintor,
1012 1859 1085 1879 cum
1095 1850 1211 1890 quibus
1225 1838 1326 1891 ssffiffe’
1340 1840 1379 1861 ¹⁰²

162 1900 526 1938 computans-oneratur
549 1897 583 1927 in
609 1896 712 1937 primo
740 1899 890 1937 computo
915 1907 981 1934 suo,
1009 1908 1048 1928 ex
1074 1908 1110 1929 eo
1127 1899 1214 1939 quod

144 1946 284 1978 *dictum
314 1947 503 1987 thanagium
534 1956 719 1977 concessum
750 1949 818 1977 erat
848 1946 883 1976 in
906 1947 1109 1978 excambium
1139 1958 1213 1979 cum

160 1996 259 2027 tercia
282 1995 415 2036 piscarie
438 1995 477 2026 de
494 1995 598 2035 Speya
621 1998 653 2025 et
669 1994 740 2025 aliis
763 1995 856 2026 terris
872 1995 1042 2027 comitatus
1058 1996 1214 2035 Moravie,

161 2049 256 2086 prout
271 2048 362 2086 patet
376 2045 410 2076 in
426 2044 540 2075 rotulis
556 2043 809 2084 precedentibus,
826 2054 870 2074 xx
885 2043 917 2075 n.
962 2045 1006 2076 Et
1029 2045 1141 2082 eidem,
1157 2056 1214 2086 per

161 2093 387 2126 liberacionem
403 2095 521 2125 factam
538 2094 559 2125 J
562 2093 681 2124 ohanni
705 2093 895 2134 Culquhone
911 2094 950 2125 de
974 2095 1092 2132 eodem,
1108 2096 1214 2133 militi,

162 2144 238 2175 olim
255 2148 477 2185 computorum
492 2142 667 2180 rotulatori,
683 2142 723 2173 ad
739 2153 893 2183 expensas
917 2143 1070 2175 domicilii
1093 2145 1215 2176 domini

161 2193 243 2235 regis
258 2197 401 2234 tempore
423 2192 501 2223 dicti
525 2192 620 2222 officii
636 2192 694 2228 sui,
710 2192 779 2232 ipso
795 2192 916 2223 fatente
932 2197 1096 2234 receptum
1119 2204 1215 2235 super

164 2246 361 2284 computum,
389 2242 442 2282 xxj
469 2241 500 2272 fi.
519 2241 574 2281 xiij
600 2245 622 2272 s.
647 2240 692 2281 iiij
718 2240 756 2278 d„
780 2251 836 2282 pro
861 2242 978 2282 quibus
1001 2243 1213 2284 respondebit.
1229 2229 1392 2289 ἓξῗξξζὲζξή
