1551 2462
333 264 396 294 384
648 262 816 295 ROTULI
841 262 1077 294 SCAOOARII
1300 265 1392 293 1466.

334 356 426 394 tanti,
442 367 499 398 pro
524 356 619 388 feodo
645 367 702 388 suo
727 359 761 388 et
786 356 932 388 custodia
953 356 1088 387 manerii
1115 356 1154 388 de
1175 355 1335 388 Falkland
1351 355 1391 386 de

333 417 417 438 anno
434 407 577 448 computi
593 410 626 438 et
653 407 757 438 tribus
782 407 929 438 terminis
953 406 1200 447 precedentibus
1228 406 1287 438 hoc
1304 416 1390 437 com-

332 460 457 497 putum,
475 467 515 488 ex
539 457 797 488 consideracione
821 456 1022 487 dominorum
1047 456 1085 487 de
1102 456 1234 487 consilio
1251 459 1283 487 et
1300 455 1391 487 audi-

332 511 440 538 torum
467 506 508 537 ad
529 517 669 550 presens,
692 507 795 547 xxxiij
813 506 845 537 fi.
869 507 900 547 vj
917 511 941 538 s.
961 506 1018 547 viij
1036 506 1065 537 d.
1113 506 1246 537 Summa
1270 515 1389 547 expen-

333 566 450 594 sarum,
467 555 557 597 vj⁰xv
573 556 605 587 fi.
622 556 667 597 xij
684 567 706 587 s.
720 556 764 597 vij
782 556 810 587 d.
857 556 900 587 Et
915 555 961 587 sic
976 559 1099 587 restant
1115 555 1208 596 xlviij
1227 560 1249 587 s.
1266 566 1288 585 v
1304 555 1334 587 d.

343 603 345 605 ¹
378 606 625 637 Memorandum
656 606 742 647 quod
765 609 955 646 computans
985 605 1110 636 nullam
1133 605 1230 637 habet
1254 605 1388 636 0110000-

335 656 443 687 ionem
459 656 498 686 de
513 656 614 687 firmis
630 655 670 687 de
686 655 857 693 Bernturk,
873 655 949 687 licet
966 659 1085 686 asserat
1101 666 1134 686 se
1157 655 1281 686 nullam
1299 655 1389 686 exin-

334 705 374 736 de
389 705 449 736 hoc
466 715 549 736 anno
565 708 622 736 aut
639 705 731 736 annis
754 705 999 746 precedentibus
1023 705 1181 743 habuisse,
1202 705 1258 736 sed.
1281 705 1389 736 firmas

334 756 477 793 ejusdem
500 756 534 786 in
557 755 705 786 manibus
729 755 751 786 J
754 755 844 786 acobi
867 754 1086 796 Lummysden
1109 754 1303 793 remanisse;
1330 764 1388 785 nec

333 806 372 836 de
389 816 468 837 cana
483 806 523 836 de
540 805 646 846 Cupro
669 805 778 836 debita
801 805 948 845 episcopo
973 804 1209 842 Sanctiandree,
1233 805 1308 845 quia
1331 814 1389 835 rex

333 855 448 886 habuit
468 855 740 895 temporalitatem
756 854 835 885 dicti
856 854 1058 895 episcopatus
1079 854 1139 885 hoc
1158 865 1242 885 anno
1261 854 1388 886 racione

331 905 482 936 vacancie
497 905 590 935 sedis.

375 955 524 995 Expense
540 964 718 995 granorum.
758 954 806 985 *In
821 953 924 995 primo
941 953 1103 991 frumenti,
1120 954 1206 995 quod
1222 964 1255 985 se
1277 957 1388 985 exten-

332 1004 380 1035 dit
408 1015 482 1035 cum
509 1015 574 1035 una
599 1004 705 1035 celdra
728 1014 784 1035 sex
804 1004 898 1035 bollis
926 1003 1028 1035 tribus
1055 1003 1183 1035 furlotis
1208 1007 1240 1035 et
1263 1004 1388 1035 duabus

332 1054 438 1095 peccis
464 1054 621 1085 frumenti
642 1054 793 1085 restantis
815 1054 849 1084 in
867 1056 1016 1094 computo
1033 1053 1109 1084 anni
1125 1053 1323 1094 precedentis
1349 1053 1388 1084 de

331 1104 441 1136 inlake
458 1104 519 1135 sibi
535 1115 599 1135 non
615 1104 760 1141 allocato,
775 1103 866 1144 xxxij
882 1103 987 1134 celdre
1003 1103 1060 1143 xiij
1078 1103 1162 1134 00110
1178 1103 1211 1144 iij
1231 1103 1349 1134 ferlote.

375 1154 469 1191 Item,
490 1154 577 1185 idem
601 1156 712 1185 onerat
737 1164 770 1185 se
797 1153 837 1184 de
853 1163 874 1184 v
897 1153 1012 1184 celdris
1039 1153 1194 1184 frumenti
1222 1153 1262 1184 de
1286 1153 1387 1184 firmis

332 1204 535 1245 episcopatus
567 1204 795 1235 Sanctiandree
830 1203 869 1235 de
896 1213 980 1234 anno
1012 1201 1155 1244 computi
1192 1202 1327 1243 receptis
1368 1213 1387 1234 a

331 1254 484 1294 magistro
500 1253 686 1284 Alexandro
702 1254 797 1295 Yong
813 1253 853 1284 de
867 1252 963 1283 dictis
979 1252 1087 1284 firmis.
1135 1252 1268 1283 Summa
1277 1253 1387 1284 totalis

331 1304 497 1341 frumenti,
513 1303 626 1344 xxxvij
645 1303 749 1334 celdre
773 1303 828 1343 xiij
854 1302 938 1334 bolle
961 1303 995 1343 iij
1020 1302 1141 1334 ferlote.
1187 1303 1238 1333 De
1261 1303 1387 1343 quibus,

331 1353 466 1384 allocate
505 1353 706 1393 oomputanti
741 1363 797 1393 per
842 1352 1039 1383 solucionem
1084 1352 1204 1383 factam
1248 1352 1386 1383 Patricio

332 1403 450 1443 Purdy,
465 1403 578 1443 pistori
594 1403 717 1434 domini
732 1403 823 1444 regis,
839 1402 878 1433 ad
895 1412 1050 1443 expensas
1067 1402 1222 1433 domicilii
1243 1403 1386 1443 ejusdem

332 1455 365 1483 et
391 1452 528 1483 intratas
558 1452 592 1482 in
623 1452 713 1484 libris
737 1452 892 1484 domicilii
914 1462 933 1483 a
955 1452 1107 1483 vicesimo
1131 1455 1244 1492 quarto
1268 1453 1387 1484 mensis

331 1501 520 1533 Decembris
552 1502 629 1532 anni
659 1502 848 1543 sexagesimi
879 1501 986 1542 quinti
1016 1511 1118 1542 usque
1148 1501 1183 1532 in
1213 1502 1387 1542 septimum

332 1551 417 1581 diem
447 1551 567 1582 mensis
597 1551 691 1582 Junii
721 1551 796 1582 anni
828 1551 1018 1591 sexagesimi
1049 1551 1141 1587 sexti,
1171 1553 1209 1581 ut
1237 1554 1327 1591 patet
1351 1551 1387 1581 in

332 1600 452 1631 eisdem
467 1600 567 1637 libris,
583 1600 672 1641 xxxij
691 1600 795 1631 celdre
810 1601 867 1640 viij
893 1600 977 1631 bolle
1000 1600 1161 1631 frumenti.
1208 1600 1251 1631 Et
1274 1600 1387 1638 eidem,

331 1660 388 1691 per
412 1649 638 1681 liberacionem
669 1650 787 1680 factam
817 1649 1002 1680 Alexandro
1033 1649 1148 1686 Smale,
1179 1651 1386 1690 carpentario,

332 1699 491 1730 laboranti
504 1699 586 1730 circa
597 1699 750 1730 fabricam
761 1699 859 1740 prole
870 1699 1100 1730 numschankis
1116 1709 1154 1730 ex
1172 1700 1386 1731 conduccione

333 1749 455 1781 domini
478 1749 649 1790 Kennedy,
666 1752 762 1790 prout
785 1751 874 1790 patet
896 1749 931 1779 in
954 1749 1126 1780 indentura
1148 1759 1243 1790 super
1265 1749 1386 1780 dictam

332 1799 486 1830 fabricam
503 1798 657 1836 confecta,
672 1799 694 1839 ij
711 1798 795 1830 00110
811 1799 974 1830 frumenti.
1021 1799 1063 1829 Et
1083 1799 1196 1836 eidem,
1212 1809 1269 1840 per
1291 1799 1386 1830 liber-

333 1848 476 1879 acionem
492 1848 611 1879 factam
626 1847 666 1878 ad
683 1858 838 1888 expensas
854 1847 976 1878 domini
999 1847 1089 1879 ducis
1112 1847 1252 1879 Albanie
1275 1852 1333 1880 etc.
1354 1851 1386 1880 et

333 1899 468 1929 intratas
491 1897 526 1928 in
547 1897 638 1928 libris
670 1897 824 1928 domicilii
851 1897 1003 1937 ejusdem,
1026 1897 1177 1939 magistro
1201 1898 1385 1929 Alexandro

334 1948 435 1989 Yong,
454 1948 523 1988 ejus
539 1947 720 1984 senescallo,
735 1957 835 1978 manu
851 1957 910 1978 sua
924 1947 1051 1988 propria
1066 1951 1205 1979 testante
1220 1951 1386 1989 receptum

336 2008 432 2038 super
444 1997 702 2038 computum,xiij
715 1997 799 2028 bolle
809 1997 842 2038 iij
855 1997 976 2028 ferlote.
1023 1997 1155 2029 Summa
1165 2008 1386 2038 expensarum,

335 2047 438 2087 xxxiij
456 2047 560 2078 celdre
577 2047 620 2088 vij
638 2047 721 2078 bolle
738 2047 774 2088 iij
791 2046 904 2078 ferlote
921 2047 1082 2078 frumenti.
1129 2047 1173 2078 Et
1196 2048 1242 2079 sic
1264 2051 1386 2079 restant

335 2097 382 2137 iiij
396 2096 501 2127 celdre
511 2096 543 2137 vj
556 2096 640 2128 bolle
653 2096 816 2134 frumenti,
828 2096 918 2127 nulla
934 2096 1126 2128 allocacione
1143 2097 1208 2128 fata
1224 2097 1263 2128 de
1275 2097 1385 2129 inlaik.

119 2146 320 2187 Thanagium

119 2190 161 2274 3}
164 2190 320 2264 1{Q'llcalff-
378 2196 575 2237 Computum
613 2195 762 2227 Unifredi
800 2195 980 2237 Crrlquhon,
1015 2196 1127 2227 ballivi
1165 2195 1307 2237 thanagii
1345 2196 1385 2227 de
