1551 2462
117 8 125 14 »
132 7 147 17 μ
162 0 174 9 -“
180 0 193 9 ““’
234 0 257 11 “’-

0 0 106 79 Εἶθ’,

2 106 18 120 ‚¹-

0 2163 10 2462 ἱ
41 2174 48 2190 z

140 339 229 367 1467.
449 335 611 367 REGUM
636 332 882 366 SOOTORUM.
1126 337 1186 365 465

136 429 242 459 firmas
259 428 387 460 baronie
404 428 442 460 de
463 428 595 460 Leffaris
619 428 657 459 de
673 427 810 459 termino
827 427 937 459 Sancti
953 426 1089 458 Martini
1104 426 1189 458 infra

135 477 196 509 hoe
210 481 405 519 computum,
421 481 453 509 et
468 478 569 509 nichil
584 478 637 509 hic
653 478 692 509 de
707 477 844 508 termino
860 476 1096 513 Pentheoostes,
1112 476 1188 517 quia

135 530 323 568 computans
348 530 538 558 exoneratus
562 527 626 558 fuit
656 537 674 558 a
698 526 861 558 levacione
886 525 970 557 dicte
995 526 1085 556 firme
1113 528 1188 557 ante

135 575 256 607 dictum
282 576 463 607 terminum.
509 577 551 607 Et
574 576 612 607 de
638 587 682 607 xv
703 576 735 607 Ii.
753 576 792 606 de
814 575 914 606 firmis
931 575 969 606 de
985 574 1140 606 Bonnooh
1156 578 1188 606 et
1219 577 1221 580 ’

133 625 326 666 Banquhare
353 625 392 657 de
419 626 528 657 eodem
556 626 702 662 termino,
729 635 791 666 que
818 627 894 656 sunt
925 625 963 656 de
993 624 1187 665 proprietate

134 675 256 706 domini
270 675 360 716 regis.
406 675 449 706 Et
465 675 504 706 de
517 675 550 706 xl
566 675 597 706 fi.
621 675 656 716 iij
674 679 697 706 ἔ.
721 674 767 715 iiij
785 674 814 705 d.
831 674 870 705 de
886 674 986 705 firmis
1003 674 1132 705 baronie
1148 673 1188 704 de

134 724 231 765 Petty
247 727 279 756 et
295 724 456 765 Brachlyn
473 725 512 755 de
528 724 639 756 eodem
654 724 799 755 termino.
845 724 887 754 Et
900 724 939 755 de
955 724 1031 764 xxvj
1045 723 1077 754 Β.
1092 723 1148 764 xiij
1163 727 1185 754 ἔ.

132 774 178 815 iiij
196 774 225 805 d.
242 785 298 815 per
313 775 453 815 integras
476 774 583 805 firmas
607 774 742 805 dominii
765 774 804 805 de
829 774 1015 805 Stratherne
1039 773 1077 805 de
1101 773 1187 804 dicto

133 824 276 855 termino.
323 824 365 855 Et
381 824 419 855 de
435 824 549 855 lxxxix
565 824 596 855 fi.
614 824 683 864 xiiij
703 827 726 855 ἓ.
742 824 774 864 vj
792 823 820 854 d.
837 833 894 864 per
916 824 1056 864 integras
1079 823 1187 854 firmas

134 874 337 905 baroniarum
354 874 393 905 de
409 874 521 905 Avach
546 878 578 905 et
599 874 775 905 Eddirdule
798 884 860 914 que
883 874 1035 904 dicuntur
1051 874 1186 904 Ardma-

133 923 215 955 nach
233 924 272 955 de
288 923 373 955 dicto
397 924 544 961 termino,
572 926 604 955 et
629 923 731 954 nichil
754 923 807 954 hic
832 923 869 954 de
895 923 1031 955 termino
1047 924 1186 955 Penthe-

135 976 236 1004 costes
253 983 292 1004 ex
309 983 404 1004 causa
423 974 646 1014 suprascripta.
693 973 826 1004 Summa
848 973 957 1004 totalis
981 973 1186 1010 oneracionis,

135 1021 275 1064 iijclxviij
292 1023 324 1053 li
348 1023 395 1064 iiij
419 1023 448 1054 d.
496 1023 628 1054 Summa
650 1022 758 1054 totalis
783 1022 978 1054 oneracionis
1005 1033 1080 1053 eum
1104 1032 1186 1053 arre-

133 1073 238 1113 ragiis,
252 1073 314 1113 jmx
329 1072 361 1103 fi.
379 1072 435 1113 xiij
453 1076 475 1103 ἓ.
493 1072 523 1113 vj
542 1072 570 1103 d.

180 1123 328 1162 Expense
352 1122 502 1162 ejusdem.
549 1122 589 1152 In
613 1121 733 1162 primis,
749 1121 883 1152 allocate
908 1120 1107 1162 computanti
1130 1131 1187 1162 per

136 1171 331 1203 solucionem
367 1171 484 1202 factam
516 1171 667 1212 magistro
694 1170 801 1202 David
830 1170 954 1202 Guthre
990 1170 1029 1201 de
1066 1170 1186 1208 eodem,

82 1250 86 1254 .
135 1224 358 1261 computorum
374 1220 550 1257 rotulatori,
567 1221 606 1251 ad
622 1230 779 1261 expensas
795 1219 950 1251 domicilii
967 1219 1088 1250 domini
1103 1219 1186 1260 regis

134 1270 170 1300 in
185 1270 318 1301 diversis
335 1270 463 1301 intratis
474 1274 507 1301 et
522 1270 675 1311 pecuniis,
687 1271 755 1311 ipso
772 1270 894 1301 fatente
909 1273 1074 1310 receptum
1091 1280 1186 1310 super

135 1322 331 1359 computum,
353 1318 380 1359 j⁰
410 1319 525 1360 lxxxiij
551 1319 582 1350 H.
612 1320 644 1360 xj
672 1324 694 1351 s.
740 1320 783 1350 Et
809 1319 923 1357 eidem,
950 1328 1006 1360 pro
1038 1320 1186 1360 expensis

138 1368 260 1399 domini
283 1369 425 1409 episcopi
446 1369 686 1400 Aberdonensis
710 1373 742 1401 et
765 1373 987 1410 computorum
1003 1370 1186 1401 rotulatoris

133 1418 168 1449 in
183 1418 358 1449 assedando
373 1421 473 1450 terras
488 1419 528 1450 de
544 1419 682 1450 Breohin
706 1421 737 1450 et
754 1418 966 1450 Fethirkerne
983 1419 1017 1449 in
1033 1419 1137 1450 eundo
1153 1422 1186 1450 et

133 1467 303 1504 redeundo,
329 1468 414 1499 dicto
440 1468 614 1499 rotulatore
641 1471 780 1500 testante
805 1477 960 1509 expensas
983 1478 1079 1509 super
1100 1479 1184 1499 com-

133 1520 258 1559 putum,
280 1517 314 1547 ix
337 1517 369 1549 fi.
414 1518 457 1549 Et
480 1518 592 1555 eidem,
608 1518 647 1549 de
669 1528 776 1549 annuo
802 1518 930 1549 redditu
958 1518 1065 1549 debito
1088 1519 1185 1559 priori

137 1561 176 1598 de
192 1567 341 1598 Rostinot
357 1567 396 1598 de
412 1568 504 1599 terris
520 1567 559 1599 de
582 1566 791 1604 Balnabrech,
813 1567 1003 1608 percipienti
1018 1568 1186 1599 annuatim

137 1616 346 1657 quadraginta
364 1627 421 1647 sex
444 1616 561 1648 solidos
578 1620 610 1648 et
625 1619 695 1648 octo
719 1617 873 1654 denarios
890 1617 928 1648 de
945 1627 1028 1648 anno
1045 1617 1188 1658 computi

136 1669 169 1697 et
183 1666 243 1697 sub
266 1666 407 1706 periculo
431 1666 655 1707 computantis,
678 1666 745 1707 xlvj
771 1670 793 1697 ἔ.
810 1666 866 1706 viij
884 1666 912 1697 d.
958 1666 1001 1697 Et
1023 1667 1132 1698 abbati
1148 1667 1187 1698 de

138 1715 251 1756 Cupro,
264 1716 454 1756 percipienti
466 1716 634 1747 annuatim
650 1726 705 1747 sex
722 1715 838 1747 solidos
855 1719 887 1746 et
903 1719 972 1747 octo
988 1716 1134 1747 denarios
1147 1717 1186 1748 de

140 1775 246 1796 annuo
269 1765 396 1796 redditu
419 1765 543 1796 fabrilis
567 1765 606 1797 de
633 1765 772 1796 Brechin
795 1766 857 1797 sibi
880 1766 987 1797 debito
1011 1766 1049 1797 de
1066 1767 1186 1798 eisdem

137 1815 280 1846 terminis
296 1818 328 1846 et
344 1815 403 1846 sub
416 1815 526 1846 eodem
541 1815 693 1856 periculo,
702 1815 734 1855 vj
752 1819 775 1846 ἓ.
792 1815 848 1855 viij
865 1815 895 1845 d.
941 1815 983 1845 Et
1003 1815 1185 1847 Alexandro

138 1865 176 1896 de
199 1864 346 1901 Setoune,
369 1865 559 1906 percipienti
582 1865 751 1896 annuatim
774 1864 986 1905 quadraginta
1001 1865 1118 1896 solidos
1146 1865 1186 1896 de

137 1914 229 1945 terris
245 1914 285 1946 de
300 1914 443 1955 Kincrag
465 1925 522 1955 pro
538 1925 646 1946 annuo
661 1914 789 1945 redditu
805 1914 866 1945 sibi
882 1914 989 1945 debito
1002 1914 1041 1945 de
1057 1915 1186 1953 eisdem,

137 1964 196 1995 sub
222 1964 332 1995 eodem
358 1964 508 2004 periculo,
533 1963 568 1994 xl
594 1968 616 1994 s.
680 1964 723 1994 Et
752 1963 849 2004 priori
880 1963 919 1994 de
944 1963 1102 2001 Rostinot,
1128 1974 1185 2005 pro

138 2014 284 2045 secundis
307 2013 438 2044 decimis
455 2014 516 2044 sibi
532 2013 648 2045 debitis
665 2013 703 2044 de
719 2013 804 2044 dicto
828 2012 968 2043 dominio
984 2013 1023 2044 de
1046 2013 1186 2045 Brechin

139 2066 243 2104 preter
257 2064 287 2095 le
304 2063 420 2101 Halch,
437 2064 490 2104 xvj
503 2063 535 2095 fi.
552 2064 586 2094 ix
603 2068 624 2094 ἔ.
639 2063 651 2104 j
666 2063 694 2094 d.
740 2063 783 2093 Et
799 2062 911 2100 eidem,
927 2072 984 2103 per
993 2063 1186 2103 superfluam

138 2113 356 2144 oneraeionem
379 2116 450 2144 octo
473 2114 644 2144 solidorum
671 2113 765 2144 unius
787 2112 920 2154 pomerii
945 2115 977 2143 et
999 2112 1094 2144 unius
1115 2123 1186 2144 acre

141 2162 371 2194 constabularie
398 2163 437 2194 de
461 2163 608 2200 Brechin,
633 2173 672 2194 ex
710 2173 746 2194 eo
770 2162 856 2203 quod
893 2162 983 2193 heres
1014 2163 1187 2194 earundem

140 2212 338 2253 recuperavit
360 2212 511 2243 saisinam
527 2213 560 2243 in
585 2223 668 2243 anno
691 2212 886 2253 sexagesimo
902 2212 1024 2252 quinto,
1040 2216 1077 2243 ut
1099 2215 1189 2253 patet

146 2261 180 2292 in
207 2264 355 2302 computo
381 2271 438 2292 suo
465 2261 593 2299 ibidem,
609 2261 648 2293 de
665 2271 748 2292 anno
765 2262 905 2302 computi
929 2265 960 2292 et
984 2271 1067 2292 anno
1083 2272 1190 2302 prece-

182 2317 252 2342 VOL.
268 2318 322 2342 vn.
1001 2312 1019 2342 2
1037 2319 1058 2341 G
