1551 2462
145 380 309 410 Respondebit

143 410 282 440 Kyngorne,
295 418 346 434 sen-

143 440 250 464 eseallus.

145 628 309 657 Respondebit

143 657 279 711 gxiii-‚gamm
290 658 345 680 Bal-

144 905 309 935 Respondebit
329 914 332 915 ⁷

144 936 281 965 Kyngorne.

155 1782 256 1817 Restant
267 1783 315 1817 iij0·

155 1819 230 1841 xxqu
243 1820 298 1835 oves
310 1820 334 1835 ιιι

156 1842 287 1865 Urcharde.

157 1940 321 1969 Respondebit

159 1970 293 1999 Mnrgarera
305 1972 357 1994 Bal<

160 1999 220 2022 four.

360 244 398 273 66
670 243 835 276 ROTULI
859 243 1094 275 SOACOARH
1317 247 1408 276 1461.

358 334 423 366 rico
447 335 485 367 de
509 336 693 378 Kyngorne,
716 336 890 368 senescallo
913 336 1040 367 domine
1064 336 1179 378 regine,
1195 337 1264 378 ipso
1287 338 1410 369 fatente

359 388 522 425 receptum
538 396 632 427 super
648 390 839 427 compotum,
852 386 928 426 xxvj
946 386 979 417 l-i.
991 386 1057 426 xvij
1075 390 1097 417 s.
1112 386 1155 427 vij
1173 386 1211 424 (1,,
1223 397 1280 427 pro
1293 387 1410 428 quibus

359 435 569 475 respondebit.
608 436 651 467 Et
662 446 718 476 per
727 436 952 467 liberacionem
965 435 1081 466 factam
1094 436 1273 477 Margarete
1285 436 1325 468 de
1337 436 1412 468 Bal-

360 483 448 515 foure
464 484 504 515 ad
520 485 649 516 cofferas
665 485 792 516 domine
808 485 925 526 regine,
941 488 978 516 ut
993 489 1082 526 patet
1098 495 1155 526 per
1169 495 1268 517 unam
1283 486 1411 518 literam

359 533 535 573 quittancie
559 534 687 565 domine
711 534 818 575 regine
841 534 901 565 sub
917 544 974 565 suo
998 534 1123 575 signeto
1139 538 1301 566 ostensam
1316 545 1412 576 super

359 587 551 623 compotum,
582 584 640 615 lxx
676 583 718 621 fi„
748 593 805 623 pro
843 583 959 624 quibus
990 583 1202 624 respondebit.
1251 585 1294 615 Et
1324 584 1410 615 dicto

359 631 487 664 domino
500 633 640 664 Henrico
651 632 832 670 senescallo,
845 637 970 664 ostense
982 643 1077 674 super
1089 636 1281 674 compotum,
1291 645 1358 665 xxx
1370 634 1412 671 11,

358 693 416 723 pro
433 683 549 724 quibus
571 684 782 724 respondebit.
828 683 871 714 Et
893 693 950 724 pro
973 684 1219 724 superexpensis
1235 684 1301 715 suis
1318 684 1411 715 factis

357 732 392 764 in
409 736 554 773 compoto
570 744 627 764 suo
643 733 789 774 superius
805 733 932 774 scripto,
949 737 986 764 ut
1001 736 1091 774 patet
1107 733 1141 763 in
1162 733 1243 774 pede
1258 734 1412 774 ejusdem,

358 783 461 813 xxxix
472 782 504 813 fi.
517 783 539 823 ij
553 787 576 814 s.
587 784 618 824 xj
637 783 665 814 d.
683 783 730 814 ob.
763 783 806 814 Et
821 793 878 824 per
892 783 1090 814 solucionem
1105 783 1221 814 factam
1237 783 1412 824 prescripto

358 832 487 863 domino
504 833 644 863 Henrico
659 833 699 863 de
716 833 900 873 Kyngorne,
912 833 980 873 ipso
996 833 1098 863 eciam
1113 832 1233 863 latente
1248 837 1412 874 receptum

357 891 455 922 super
469 886 661 922 compotum,
674 882 712 913 de
725 882 824 913 firmis
839 886 996 913 terrarum
1014 881 1142 913 domine
1159 882 1265 923 regine
1282 882 1321 913 de
1337 883 1412 913 Lin-

358 931 473 972 lithqw
496 931 534 962 de
558 931 643 963 dicto
667 932 815 969 termino,
838 942 905 962 xxx
927 931 968 968 fi„
984 942 1041 972 pro
1057 931 1176 972 quibus
1199 932 1411 972 respondebit.

359 981 402 1011 Et
416 981 537 1012 Jacobo
553 981 706 1018 Wilsone,
722 981 867 1012 ortolano
879 981 975 1012 castri
990 980 1029 1011 de
1049 980 1232 1022 Striveling,
1247 992 1304 1022 pro
1321 981 1413 1013 feodo

359 1040 416 1061 suo
433 1030 472 1066 de
488 1030 572 1061 dicto
590 1031 734 1068 termino,
747 1042 768 1061 x
784 1035 807 1062 s.
852 1031 895 1061 Et
911 1041 967 1062 sex
978 1031 1171 1071 pauperibus
1189 1031 1413 1062 commoranti-

360 1080 419 1111 bus
442 1090 539 1121 prope
562 1084 686 1121 portam
711 1080 808 1111 castri
832 1080 870 1110 de
894 1080 1068 1121 Striveling
1090 1090 1109 1110 a
1125 1077 1277 1111 vicesimo
1300 1083 1414 1121 quarto

361 1129 477 1160 Marcii
502 1140 602 1171 usque
630 1130 770 1171 primum
796 1129 947 1171 Augusti,
963 1129 1214 1171 percipientibus
1241 1130 1275 1160 in
1301 1130 1352 1161 die
1375 1131 1414 1161 de

361 1179 512 1211 mandato
529 1180 656 1211 domine
672 1180 779 1221 regine
795 1191 849 1212 sex
874 1179 1029 1216 denarios,
1045 1180 1079 1219 iij
1096 1179 1128 1211 fi.
1146 1180 1192 1220 iiij
1209 1184 1232 1211 εἶ.
1249 1180 1281 1220 vj
1298 1180 1327 1211 d.
1373 1181 1416 1211 Et,

362 1240 418 1270 pro
434 1230 543 1261 decem
554 1234 586 1261 et
596 1240 710 1261 novem
723 1230 871 1261 oneribus
884 1230 1057 1260 carbonum
1070 1230 1153 1261 datis
1164 1230 1257 1261 dictis
1269 1230 1416 1271 pauperi-

363 1280 431 1317 bus,
462 1280 613 1311 videlicet
643 1279 787 1320 qualibet
816 1279 992 1311 ebdomada
1023 1290 1124 1310 unum
1149 1290 1238 1317 onus,
1264 1280 1302 1311 de
1330 1280 1416 1311 dicto

363 1330 515 1360 mandato
531 1333 564 1360 et
578 1339 634 1370 per
650 1330 734 1360 idem
759 1333 895 1370 tempus,
911 1330 945 1360 ix
961 1333 985 1361 ἔ.
1002 1330 1032 1370 vj
1051 1329 1080 1360 d.
1126 1329 1168 1360 Et
1194 1329 1362 1360 Elizabeth
1377 1329 1417 1360 de

366 1379 482 1415 Gelria,
494 1389 552 1419 pro
571 1379 659 1410 feodo
676 1389 733 1410 suo
750 1379 788 1410 de
804 1379 942 1409 termino
958 1378 1053 1419 hujus
1070 1378 1218 1419 compoti,
1234 1388 1255 1409 v
1271 1378 1302 1409 n.
1319 1378 1375 1419 viij
1393 1383 1417 1416 s,

365 1431 408 1462 Et
432 1431 538 1462 Cari-ic
562 1431 720 1472 signifero,
735 1441 792 1471 pro
818 1431 909 1461 feodo
934 1440 991 1461 suo
1015 1430 1054 1461 de
1078 1430 1163 1461 dicto
1186 1430 1332 1468 termino,
1347 1441 1369 1461 v
1384 1431 1416 1462 fi.

366 1485 409 1515 Et
433 1485 546 1522 eidem,
562 1485 600 1515 de
625 1484 724 1515 firmis
749 1484 885 1514 duarum
911 1493 1055 1514 acrarum
1080 1487 1171 1514 terre*
1187 1484 1418 1524 assignatarum

367 1535 549 1566 molendino
565 1535 604 1566 de
621 1545 703 1566 novo
726 1538 907 1566 constructo
930 1544 1028 1575 prope
1044 1534 1156 1565 villam
1181 1534 1219 1565 de
1241 1534 1418 1575 Linlithqw

368 1587 407 1618 de
434 1587 519 1618 dicto
545 1587 692 1623 termino,
708 1586 729 1627 ij
758 1590 781 1618 ἓ.
827 1586 869 1616 Et
894 1586 1059 1617 Fratribus
1085 1586 1265 1617 Carmelitis
1281 1585 1320 1616 de
1343 1585 1418 1616 Lin-

367 1639 491 1680 lithqw,
507 1649 546 1669 ex
562 1638 729 1670 elimosina
744 1638 860 1679 regine,
870 1638 925 1678 viij
944 1642 967 1668 ἔ.
1013 1638 1056 1668 Et
1069 1637 1141 1668 date
1157 1637 1277 1668 Thome
1289 1637 1420 1668 Hunter

369 1700 426 1731 pro
444 1690 587 1721 emendis
603 1690 716 1721 ovibus
733 1690 771 1720 ad
789 1700 882 1720 usum
905 1689 1012 1730 regine
1037 1689 1076 1720 de
1101 1689 1251 1720 mandato
1267 1688 1419 1730 ejusdem,

369 1740 499 1771 custode
514 1740 631 1780 privati
648 1739 744 1780 sigilli
759 1743 897 1770 testante
913 1739 1110 1776 mandatum,
1122 1739 1145 1779 lj
1162 1738 1203 1775 11,
1214 1749 1286 1769 cum
1303 1738 1420 1779 quibus

371 1800 509 1821 unacum
525 1789 596 1820 aliis
613 1788 755 1830 pecuniis
767 1789 900 1829 receptis
911 1799 929 1820 a
945 1789 1078 1820 diversis
1089 1788 1160 1819 aliis
1175 1788 1254 1819 emit
1269 1788 1420 1818 tricentas

370 1839 486 1880 viginti
502 1843 534 1870 et
550 1843 613 1870 tres
640 1849 723 1875 oves,
739 1849 800 1879 que
817 1842 939 1869 restant
964 1839 998 1869 in
1018 1838 1181 1870 Urcharde
1208 1848 1304 1879 prope
1321 1838 1420 1869 Fauc-

370 1889 473 1921 lande.
520 1889 561 1919 Et
577 1888 688 1925 eidem,
705 1888 743 1918 de
759 1888 929 1928 gressumis
945 1888 1021 1918 ville
1040 1888 1076 1918 de
1094 1888 1190 1929 Logy,
1206 1898 1285 1929 quas
1301 1888 1422 1928 recepit

372 1939 552 1980 Margareta
576 1939 613 1970 de
637 1938 777 1975 Balfour,
792 1938 862 1978 ipsa
884 1941 1048 1978 receptum
1071 1938 1192 1969 fatente
1217 1947 1312 1978 super
1335 1947 1420 1968 com-

372 1992 492 2028 potum,
509 1999 529 2018 x
544 1988 586 2025 Π,
602 1998 659 2029 pro
675 1987 790 2028 quibus
817 1987 1028 2028 respondebit.
1074 1987 1116 2018 Et
1140 1987 1178 2018 de
1194 1987 1366 2028 gressumis
1381 1987 1421 2018 de

373 2037 534 2074 Rednach,
547 2047 586 2068 ex
599 2047 634 2068 eo
651 2037 736 2078 quod
752 2036 900 2068 dominus
915 2037 1096 2068 Alexander
1107 2037 1222 2077 Naper,
1235 2046 1336 2077 quum
1352 2040 1421 2068 erat

372 2088 406 2118 in
429 2087 531 2118 officio
554 2091 770 2127 compotorum
795 2086 986 2122 rotulatoris,
1002 2086 1168 2117 assedabat
1191 2086 1292 2117 dictas
1312 2090 1421 2124 terras,

371 2141 403 2168 et
427 2137 545 2177 recepit
569 2137 711 2177 quinque
734 2139 851 2167 martas
875 2145 948 2166 cum
969 2135 1078 2166 corriis
1101 2145 1157 2176 pro
1184 2146 1356 2177 gressuma,
1372 2137 1421 2166 in·

371 2191 469 2218 tratas
492 2187 526 2217 in
549 2186 640 2218 libris
664 2186 821 2217 dictarum
844 2189 985 2226 tempore
1009 2184 1112 2221 officii,
1135 2195 1156 2216 v
1179 2185 1212 2218 11'.
1257 2185 1300 2216 Et
1322 2185 1420 2217 soluti

1543 1053 1551 1117 ..φι-
1544 1008 1551 1043 ..-
