1551 2462
406 188 467 217 602
709 183 873 216 ROTULI
898 182 1133 215 seAceARH
1363 185 1451 216 1469.
1501 171 1508 221 ᾗ

403 282 530 320 recepto
567 281 599 309 et
638 278 745 309 fratris
784 277 943 308 Johannis
982 276 1118 313 Broune,
1149 275 1264 316 prioris
1295 274 1451 308 dictorum

403 329 561 366 Fratrum,
588 328 627 359 de
651 331 777 369 recepto
804 331 946 358 ostensas
972 336 1066 367 super
1091 328 1278 366 computum
1303 325 1342 356 de
1368 335 1450 357 anno
1486 357 1493 362 ,

404 378 554 419 computi,
581 389 602 408 x
626 378 668 414 112,
694 382 726 408 et
753 377 798 408 sio
820 380 941 407 restant
966 376 1086 407 eisdem
1108 375 1272 406 Fratribus
1288 375 1450 408 allocande
1495 395 1511 414 -,

403 428 614 469 quadraginta
629 427 717 458 libre.
763 427 804 457 Et
828 425 1036 466 computanti‚
1054 435 1110 466 pro
1133 424 1224 456 feodo
1241 435 1297 455 suo
1314 424 1352 455 de
1369 434 1450 456 anno
1495 445 1501 447 -

404 477 546 518 computi
561 477 596 508 in
612 477 697 508 dicto
714 476 824 513 officio,
840 476 872 516 vj
889 475 920 505 n.
938 475 994 515 xiij
1013 479 1034 506 s.
1052 475 1098 516 iiij
1116 475 1144 505 d.
1192 475 1324 506 Summa
1335 484 1449 515 expen-
1502 500 1510 512 ,

403 537 518 564 sarum,
545 525 695 567 ij⁰1xxxiij
723 525 756 556 fi.
782 525 860 566 xviij
889 529 911 556 s.
935 525 991 565 viij
1009 525 1037 555 d.
1083 525 1126 555 Et
1152 525 1197 555 sio
1213 523 1452 565 superexposuit
1508 532 1512 534 ·

188 586 388 616 Superexposuit.
404 580 592 618 computans
608 576 674 617 xvij
691 575 722 606 fi.
741 575 806 616 xvij
824 579 846 606 ἔ.
864 575 886 615 ij
903 574 931 605 d.

189 674 390 706 Camerarius
448 676 644 716 Oomputum
681 674 752 706 Ade
783 674 886 711 Mure,
917 673 1081 704 camerarii
1119 673 1253 704 dominii
1290 672 1452 710 Galwidie‚

403 725 612 767 [Edinburqh,
641 726 663 756 5
693 724 772 765 July
802 723 901 764 1469]
933 733 988 764 per
1012 723 1119 754 firmas
1146 727 1178 754 et
1208 722 1352 754 redditus
1376 722 1452 754 dicti
1476 757 1487 763 Ι,

403 775 536 806 dominii
553 778 618 805 tam
634 774 747 805 subtus
764 784 861 814 quam
878 783 974 813 supra
991 772 1068 804 Cree
1085 773 1185 813 [from
1197 773 1241 803 13
1256 772 1452 813 Jul914621,
1495 794 1509 818 Δ.

190 717 355 750 Galwidie.

402 825 479 856 lieet
494 826 683 865 computans
700 823 805 854 solum
817 822 992 854 intromisit
1007 822 1042 852 in
1058 822 1143 853 dicto
1154 822 1256 853 officio
1273 822 1311 853 de
1330 821 1451 853 duobus

403 875 527 906 ultimis
551 873 697 905 terminis
721 873 819 913 hujus
846 871 997 912 computi,
1024 874 1057 902 et
1081 871 1126 902 sie
1154 871 1193 902 de
1216 874 1339 912 septem
1361 871 1451 902 annis
1471 912 1478 915 μ
1503 876 1505 878 ’

403 924 535 965 integris
551 923 636 954 infra
651 923 712 954 hoo
728 925 923 963 computum.

1479 0 1535 67 ‚e

447 974 540 1005 Idem
555 976 665 1004 onerat
681 983 714 1004 se
737 972 771 1003 in
787 972 898 1013 primis
915 971 953 1002 de
965 971 994 1011 jc
1016 970 1119 1001 lxxxx
1140 970 1172 1001 ti.
1189 970 1244 1011 viij
1269 974 1292 1001 ἔ.
1309 970 1341 1011 xj
1359 970 1387 1001 d.
1404 970 1450 1002 ob.

403 1034 461 1065 per
477 1022 632 1063 arreragia
647 1022 756 1052 ultimi
771 1021 913 1062 computi
936 1021 1054 1053 redditi
1068 1031 1125 1062 per
1141 1020 1289 1051 abbatem
1306 1020 1345 1051 de
1361 1020 1450 1051 Dun-
1501 1015 1512 1044 ἒ

403 1073 526 1104 dranan
550 1071 628 1103 dicti
658 1071 735 1102 anni
761 1070 950 1111 sexagesimi
977 1070 1117 1107 secundi,
1144 1073 1181 1100 ut
1201 1072 1292 1110 patet
1315 1069 1349 1100 in
1373 1069 1451 1110 pede
1480 1071 1516 1111 ἧς·

402 1122 552 1164 ejusdem.
615 1121 747 1152 Summa
773 1120 920 1161 arreragii
951 1123 1047 1161 patet,
1069 1122 1179 1160 preter
1204 1118 1396 1160 pendencias
1420 1121 1451 1150 et
1490 1124 1508 1165 J:

401 1183 500 1214 grana
515 1171 593 1203 dicti
609 1170 692 1202 anni.

447 1222 540 1259 Item,
562 1220 648 1251 idem
671 1222 781 1251 onerat
803 1229 836 1250 se
858 1219 898 1250 de
919 1219 965 1260 lvj
997 1219 1028 1250 fi.
1046 1219 1084 1251 de
1111 1218 1211 1250 firmis
1235 1221 1391 1249 terrarum
1413 1218 1450 1250 de
1487 1204 1514 1239 ῥ’·

402 1272 572 1303 Almernes
597 1270 637 1301 de
658 1269 752 1301 dictis
783 1272 905 1310 septem
933 1269 1034 1306 annis,
1060 1268 1190 1309 dempta
1222 1268 1319 1309 tercia
1345 1267 1451 1302 debita
1493 1260 1523 1306 ᾗ,

402 1321 531 1353 domine
555 1320 594 1351 de
620 1319 772 1356 Dalketh,
796 1329 858 1359 que
885 1329 918 1350 se
943 1318 1089 1350 extendit
1113 1318 1281 1349 annuatim
1312 1317 1351 1348 ad
1381 1320 1450 1348 octo
1499 1324 1526 1354 κ,

402 1371 507 1402 libras.
553 1370 596 1401 Et
622 1369 661 1400 de
684 1369 784 1409 xxviij
808 1368 840 1399 fi„
865 1369 904 1400 de
928 1369 1027 1400 firmis
1051 1372 1133 1399 terre
1157 1368 1195 1399 de
1219 1367 1387 1399 Moucheis
1412 1366 1450 1398 de

402 1421 523 1453 eisdem
544 1419 643 1451 annis.
690 1419 731 1449 Et
767 1418 805 1449 de
839 1418 906 1458 xlvj
944 1417 975 1448 fi„
1017 1417 1074 1458 xiij
1092 1422 1113 1448 Ξ.
1145 1417 1191 1457 iiij
1228 1417 1257 1448 d.
1288 1417 1327 1448 de
1353 1416 1450 1448 firmis
1492 1421 1517 1454 ':.

402 1474 484 1502 terre
496 1470 536 1500 de
546 1468 649 1501 Butill
659 1468 697 1499 de
711 1468 830 1499 eisdem
840 1467 994 1504 terminis,
1007 1477 1068 1508 que
1081 1477 1114 1498 se
1128 1467 1273 1498 extendit
1285 1466 1450 1497 annuatim
1494 1502 1515 1519 r

1506 1536 1523 1544 w

401 1520 443 1551 ad
459 1520 568 1550 decem
584 1527 714 1548 marcas.
760 1517 802 1547 Et
827 1517 866 1547 de
881 1516 938 1547 lxv
953 1516 984 1547 11
1002 1517 1033 1557 vj
1051 1521 1074 1547 Ξ.
1100 1516 1155 1556 viij
1173 1515 1201 1546 d.
1219 1516 1258 1547 de
1274 1516 1373 1547 firmis
1390 1519 1450 1546 ter-

402 1579 510 1601 rarum
533 1568 572 1599 de
595 1566 774 1608 Balgredan
790 1566 828 1597 de
845 1566 939 1597 dietis
961 1566 1116 1602 terminis,
1132 1575 1194 1606 que
1217 1576 1250 1596 se
1274 1565 1450 1596 extendunt
1492 1558 1521 1611 ξι
1542 1577 1543 1582 ’

401 1618 570 1650 annuatim
586 1617 625 1648 ad
651 1616 761 1647 decem
784 1619 816 1646 et
843 1619 980 1656 quatuor
1007 1625 1136 1646 mareas.
1182 1615 1224 1646 Et
1248 1615 1287 1647 de
1312 1615 1390 1656 xviij
1417 1614 1448 1646 11.
1494 1619 1502 1634 ⁸

401 1669 459 1710 xiij
477 1673 499 1700 Ξ.
523 1667 568 1708 iiij
587 1667 616 1698 d.
633 1666 672 1697 de
688 1665 787 1697 firmis
810 1668 967 1696 terrarum
990 1665 1029 1696 de
1052 1664 1272 1696 Halcoelathis
1296 1664 1334 1696 de
1357 1664 1449 1696 dictis
1490 1662 1510 1702 „ff

401 1718 556 1755 terminis,
573 1716 820 1749 extendeneium
842 1715 1010 1746 annuatim
1027 1714 1067 1745 ad
1082 1717 1220 1755 quatuor
1234 1724 1363 1745 marcas.
1408 1714 1450 1745 Et
1495 1715 1508 1757 ’ᾖ

402 1769 441 1800 de
466 1767 567 1808 xxviij
584 1766 616 1797 Ϊί.
634 1766 673 1797 de
700 1765 800 1796 firmis
825 1764 863 1796 de
879 1764 1073 1795 Mekilkuok
1089 1764 1128 1794 de
1151 1764 1283 1804 prefatis
1305 1763 1449 1795 terminis

1488 1788 1499 1804 θ

400 1817 595 1850 extendente
605 1815 769 1846 annuatim
782 1814 821 1845 ad
834 1817 971 1855 quatuor
985 1813 1091 1844 libras.
1135 1813 1178 1844 Et
1191 1813 1230 1844 de
1246 1813 1347 1854 xxviij
1363 1813 1395 1845 Π.
1411 1812 1449 1844 de
1493 1832 1496 1834 -

401 1866 502 1898 firmis
524 1869 606 1896 terre
630 1864 669 1895 de
692 1863 859 1894 Litilknok
883 1863 921 1894 de
944 1862 1064 1894 eisdem
1094 1862 1241 1894 terminis
1264 1866 1297 1893 et
1312 1865 1448 1894 extenta.
1501 1880 1505 1883 -

400 1917 443 1948 Et
458 1916 498 1947 de
515 1915 568 1956 xvj
585 1914 618 1946 n.
642 1914 673 1954 vj
699 1917 721 1944 s.
739 1913 794 1953 viij
819 1912 848 1943 d.
866 1912 904 1943 de
921 1912 1020 1942 firmis
1038 1914 1118 1942 terre
1142 1911 1180 1942 de
1204 1910 1395 1943 Guffoeland
1410 1909 1448 1941 de
1507 1925 1510 1927 Δ

400 1966 520 1998 eisdem
536 1963 690 2000 terminis,
707 1973 769 2003 que
785 1973 817 1993 se
834 1961 980 1993 extendit
999 1961 1166 1992 annuatim
1190 1961 1230 1992 ad
1246 1964 1311 1992 tres
1327 1969 1446 1992 marcas
1495 1985 1499 1988 .
1542 1973 1550 1984 ἡ

400 2026 475 2047 cum
490 2014 630 2046 dimidia.
676 2013 719 2043 Et
742 2012 780 2043 de
796 2012 851 2052 viij
868 2011 899 2042 h'„
917 2011 951 2051 iij
976 2015 999 2042 ἐ.
1024 2011 1070 2051 iiij
1088 2011 1116 2042 d.
1141 2011 1179 2041 de
1195 2011 1294 2041 firmis
1311 2013 1394 2041 terre
1409 2009 1446 2041 de

400 2064 562 2105 Monyark
587 2063 626 2094 de
650 2062 784 2103 prefatis
811 2061 964 2098 terminis,
989 2060 1190 2092 extendentis
1216 2059 1382 2092 annuatim
1408 2059 1446 2091 :ul

400 2113 516 2156 viginti
532 2117 596 2145 tres
611 2112 729 2144 solidos
744 2114 777 2144 et
787 2115 924 2153 quatuor
941 2111 1093 2143 denarios.
1132 2111 1174 2142 Et
1190 2111 1229 2142 de
1241 2110 1275 2151 iij
1292 2109 1323 2141 n.
1338 2121 1358 2141 x
1374 2113 1396 2141 Ξ.
1409 2109 1446 2140 de
