1551 2462
67 329 233 359 Respondebit

66 359 149 412 ἔξω
161 360 252 389 Merga-

67 891 232 920 Respondebit

68 921 91 943 K
95 922 117 943 in
119 928 199 951 gorne.

67 1265 233 1295 Respondebit

65 1295 202 1348 {gg-garetii
217 1295 270 1318 Bal-

69 1454 234 1483 Respondebit

69 1484 152 1506 eadem

68 1513 210 1543 Mergareta.

127 1763 171 1787 Do.

124 2070 171 2093 Do.

285 233 345 261 198
597 231 762 263 ROTULI
787 230 1024 263 SCACOARII
1247 232 1306 261 146

284 324 441 365 predictas
458 323 589 355 cofferas
613 327 727 365 quarta
749 324 819 356 vice
841 327 874 355 et
892 324 951 355 sub
974 323 1086 355 eodem
1108 322 1260 364 periculo,
1277 322 1290 353 1
1305 322 1339 354 fi.

283 385 340 415 pro
357 374 473 415 quibus
490 374 598 406 eciam.
607 374 818 415 respondebit.
864 374 907 404 Et
930 374 1044 411 eidem,
1066 383 1124 414 per
1143 373 1340 404 solucionem

284 425 405 455 factam
422 424 530 455 David
546 424 675 455 Bosvile
688 424 726 455 de
743 423 906 455 Balmulto
922 424 956 454 in
969 423 1062 454 feodo
1078 433 1135 454 suo
1152 423 1191 454 de
1201 423 1339 454 termino

284 474 511 505 Pentechostes
536 474 682 515 proximo
710 477 783 505 ante
813 474 873 504 hoc
901 476 1094 514 compotum,
1123 473 1162 503 de
1188 472 1340 503 mandato

284 524 412 555 domine
432 525 548 565 regine,
572 524 701 555 custode
724 524 843 565 privati
866 523 964 565 sigilli
987 525 1127 554 testante
1149 523 1340 554 mandatum

283 584 379 614 super
403 577 589 614 compotum
612 576 645 604 et
670 574 729 605 sub
757 573 898 614 periculo
924 573 1148 613 compotantis‚
1173 583 1194 603 x
1219 572 1252 604 11¹.
1297 572 1341 603 Et

284 623 396 660 eidem,
426 633 483 664 per
513 623 708 654 solucionem
744 623 863 654 factam
894 633 951 663 per
977 622 1120 654 *eundem
1149 632 1206 663 pro
1245 622 1340 653 certis

283 672 431 713 expensis
448 672 541 703 factis
565 673 651 713 apud
674 672 838 703 Faucland
860 682 918 712 per
941 672 1108 703 dominum
1132 672 1283 702 comitem
1300 671 1339 702 de

283 722 373 754 Marr
388 725 421 753 et
444 722 608 753 dominam
631 723 847 763 Mergaretam
870 732 1016 758 sororem,
1033 732 1051 752 a
1068 721 1338 762 vicesimoquinto

283 772 367 804 Julii
396 772 553 803 inclusive
585 782 686 812 usqu-e
717 772 907 802 vicesimum
937 771 1114 802 secundum
1152 771 1340 802 Decembris

285 821 386 852 eciam
410 821 576 859 inclusive,
600 822 638 852 de
661 821 813 852 mandato
843 821 1012 852 senescalli
1035 821 1211 862 Kingorne,
1234 824 1268 851 et
1290 820 1339 851 in-

283 871 375 902 tratis
387 871 421 902 in
434 871 524 902 libris
541 872 707 902 dictarum‘
715 875 782 902 tam
796 871 836 902 ad
852 871 937 901 infra
953 881 1051 912 quam
1067 871 1107 902 ad
1123 874 1222 907 extra,
1235 874 1267 901 et
1282 880 1340 910 pro

283 921 400 961 quibus
417 921 521 952 dictus
538 921 731 952 senescallus
746 921 961 961 respondebit,
978 920 1034 951 xlv
1049 920 1082 951 n'.
1099 931 1121 951 X
1138 920 1167 952 d.
1207 920 1340 951 Summa

663 970 780 983 .........

283 1070 407 1100 cionem
424 1070 542 1100 factam
559 1069 740 1111 Margarete
764 1070 803 1101 de
819 1070 971 1101 Balfoure
987 1080 1044 1110 per
1064 1079 1179 1100 manus
1195 1068 1338 1100 custodis

283 1119 402 1159 privati
418 1119 516 1160 sigilli
532 1130 571 1151 ex
587 1123 676 1161 parte
692 1120 838 1161 magistri
861 1120 969 1150 David
993 1119 1127 1156 Guthre‚
1150 1118 1341 1150 thesaurarii

282 1169 374 1209 regis,
391 1168 430 1199 de
446 1169 546 1200 firmis
563 1169 601 1200 de
618 1169 647 1200 le
663 1169 768 1210 Myris
792 1169 831 1200 de
852 1169 1089 1209 Uchtirmukty
1110 1179 1189 1209 quas
1206 1171 1341 1210 occupat

283 1218 450 1249 Johannes
490 1218 733 1260 Skrymgeoure,
785 1219 932 1260 claviger,
967 1219 1005 1250 de
1054 1219 1192 1250 termino
1231 1217 1342 1249 Sancti

286 1267 420 1298 Martini
450 1268 536 1298 infra
566 1268 626 1299 hoc
654 1272 849 1309 compotum,
880 1269 914 1309 iij
946 1268 977 1299 Π.
1010 1269 1041 1309 vj
1073 1272 1096 1299 s.
1123 1268 1180 1308 viij
1212 1267 1250 1305 d„
1281 1277 1338 1308 pro

285 1317 402 1357 quibus
432 1317 648 1358 respondebit.
693 1318 736 1348 Et
766 1328 823 1359 per
852 1317 1049 1349 solucionem
1080 1318 1199 1349 factam
1229 1317 1341 1349 eedem

283 1366 463 1407 Mergarete
494 1376 551 1407 per
577 1377 691 1397 manus
723 1367 864 1398 custodis
894 1367 1012 1408 privati
1043 1367 1139 1408 sigilli
1168 1367 1208 1398 cle
1238 1360 1339 1397 firmis

285 1418 366 1446 terre
393 1415 433 1446 de
459 1415 696 1446 Thomastoune
719 1426 798 1456 quas
822 1416 919 1447 habet
943 1416 1132 1447 Lancelotus
1159 1416 1339 1447 Abernethi
1362 1456 1365 1458 -

284 1465 319 1495 in
349 1464 441 1495 feodo
477 1475 542 1501 suo,
568 1464 606 1495 de
642 1465 728 1495 dicto
758 1465 896 1496 termino
928 1465 1037 1496 Sancti
1067 1465 1212 1502 Martini,
1243 1476 1265 1496 v
1295 1465 1337 1502 fi„

285 1517 318 1544 et
354 1524 412 1554 pro
452 1514 569 1554 quibus
608 1514 710 1545 eciam
751 1514 955 1555 respondebit
992 1515 1102 1546 eadem
1148 1515 1338 1556 Mergareta.

283 1563 325 1594 Et
348 1573 405 1604 per
430 1563 627 1594 solucionem
651 1563 769 1594 factam
795 1564 906 1595 eedem
929 1564 1117 1605 Mergarete,
1141 1575 1197 1605 per
1224 1574 1338 1595 manus

283 1612 424 1643 custodis
463 1612 586 1653 privati
616 1613 714 1653 sigilli
745 1623 784 1644 ex
816 1617 906 1654 parte
937 1613 1017 1644 dicti
1047 1613 1193 1654 magistri
1222 1613 1340 1651 David,

283 1662 322 1693 de
360 1662 460 1693 firmis
499 1665 583 1693 terre
617 1663 655 1694 de
693 1663 838 1704 Collessy
876 1673 956 1704 quas
994 1663 1092 1694 habet
1129 1663 1245 1704 Lyoun
1281 1673 1338 1694 rex

283 1721 445 1742 armorum
460 1712 495 1742 in
524 1712 616 1743 feodo
643 1722 709 1750 suo,
726 1713 764 1744 de
791 1713 876 1744 dicto
903 1713 1041 1744 termino
1069 1713 1178 1744 Sancti
1202 1713 1338 1744 Martini

282 1761 365 1792 infra
381 1761 440 1792 hoc
457 1766 651 1802 compotum,
667 1772 722 1802 pro
739 1763 855 1803 quibus
879 1763 980 1794 eciam
1003 1763 1208 1804 respondebit
1225 1763 1337 1794 eadem

282 1811 471 1852 Mergareta,
487 1812 520 1851 vj
537 1811 569 1843 Ii.
593 1811 649 1852 xiij
668 1815 690 1843 s.
707 1812 754 1852 iiij
779 1812 808 1843 d.
853 1813 896 1843 Et
918 1822 975 1853 per
998 1812 1194 1844 solucionem
1217 1813 1336 1844 factam

283 1860 367 1892 dicte
386 1860 565 1902 Mergarete
581 1871 638 1902 per
652 1871 766 1892 manus
783 1861 860 1893 dicti
883 1862 1024 1894 custodis
1040 1862 1157 1904 privati
1174 1862 1279 1904 sigilli,
1295 1873 1336 1894 ex

282 1914 371 1951 parte
399 1910 477 1942 dicti
506 1911 651 1953 magistri
680 1912 788 1943 David
818 1912 857 1943 de
887 1912 988 1943 firmis
1019 1912 1058 1943 de
1088 1912 1264 1943 Balkerous
1302 1916 1335 1943 et

283 1960 462 1991 Camroune
478 1970 558 2001 quas
574 1961 672 1992 habet
694 1961 853 1992 Robertus
869 1961 1008 1999 Huntar,
1025 1961 1196 1993 hostiarius
1212 1961 1334 1993 domini

281 2009 372 2049 regis,
388 2008 422 2039 in
439 2009 530 2040 feodo
547 2019 604 2040 suo
620 2013 652 2040 et
668 2009 707 2040 de
723 2010 858 2041 termino
883 2010 992 2041 Sancti
1016 2010 1151 2042 Martini
1174 2011 1258 2041 infra
1273 2010 1334 2042 hoc

281 2062 474 2098 compotum,
499 2069 556 2099 pro
584 2059 701 2100 quibus
726 2060 826 2091 eciam
851 2060 962 2091 eadem
992 2060 1205 2100 respondebit,
1235 2060 1267 2100 vj
1299 2059 1331 2092 fi.

280 2107 323 2138 Et
340 2117 394 2148 per
410 2108 605 2139 solucionem
621 2109 739 2140 factam
762 2109 847 2140 dicto
871 2109 1012 2140 Henrico
1035 2109 1209 2150 Kingorne,
1226 2119 1331 2141 senes-

280 2156 362 2188 callo
378 2157 506 2189 domine
522 2158 638 2200 regine,
654 2158 694 2190 de
709 2158 808 2190 firmis
825 2158 863 2191 de
879 2158 909 2190 le
925 2159 1030 2200 Myris
1046 2159 1085 2190 de
1096 2159 1331 2200 Uchtirmukty
1350 2154 1357 2159 Χ
