1551 2462
18 1557 22 1560 -
12 1484 33 1542 ’,9ωῇ
15 1438 31 1457 „3¹

7 1556 38 1671 «gb-*5:152
24 1539 30 1544 -

23 1944 47 1972 ξ’*
11 1839 50 1937 ἱὶκῃζῖζιί

103 293 194 326 1467.
412 289 573 323 REGUM
597 289 844 322 SCOTORUM.
1089 292 1150 321 463

101 386 295 426 computum,
308 384 342 415 xl
356 383 399 421 Ti„
410 394 467 425 pro
483 383 600 425 quibus
613 383 713 414 eciam
728 382 940 424 respondebit.
980 383 1023 414 Et
1039 383 1151 419 eidem,
1166 389 1330 441 lgssstffissdebst

101 445 158 476 per
187 434 381 465 solucionem
404 434 522 464 factam
549 433 634 464 dicto
664 436 889 473 computorum
919 433 1087 464 rotulatori
1117 433 1151 463 in
1165 449 1291 471 rotulator.

102 482 247 514 ducentis
263 485 296 513 et
311 482 521 523 quadraginta
536 482 732 520 mutonibus,
747 481 874 512 intratis
895 481 928 512 in
945 481 1035 512 libris
1052 482 1151 513 dieta-

102 543 182 569 rum,
197 532 282 563 dicto
298 534 520 572 computorum
540 531 716 562 rotulatore
739 531 861 562 fatente
876 535 1041 572 receptum
1057 542 1153 572 super

103 584 296 623 computum,
311 581 369 611 lxx
391 580 423 612 n.
469 581 511 612 Et
534 581 646 618 eidem,
661 591 718 621 pro
742 581 890 621 expensis
914 581 980 611 suis
997 581 1090 612 factis
1114 581 1153 611 de

104 631 252 663 mandato
268 630 390 662 domini
405 630 487 671 regis
504 633 535 661 et
552 630 752 661 dominorum
763 629 801 661 de
817 630 962 667 concilio,
978 630 1152 671 equitando

104 691 214 712 versus
243 681 392 711 comitem
423 680 462 711 de
499 680 626 711 Huntle
664 683 697 710 et
727 679 914 710 adducendo
945 680 1082 710 eundem
1113 679 1155 710 ad

104 730 333 762 monasterium
373 729 412 761 de
457 729 573 770 Cupro,
618 728 884 760 communicando
916 739 989 760 cum
1033 729 1153 760 eisdem

105 779 250 817 dominis,
294 782 514 820 computorum
560 779 734 810 rotulatore
778 782 917 810 testante
963 780 1154 810 mandatum

105 839 200 870 super
215 832 410 869 computum,
433 839 473 860 ex
496 829 751 860 consideracione
775 828 967 866 auditorum,
982 829 1016 870 iij
1034 829 1065 860 fi.
1112 830 1154 860 Et

105 889 162 920 pro
191 879 338 919 expensis
361 879 578 919 computantis
605 882 638 909 et
669 878 792 909 domini
822 878 957 909 Henrioi
987 879 1153 920 Kingorne

106 928 322 960 assedaneium
340 931 440 959 terras
456 928 626 959 comitatus
639 928 678 959 de
690 927 790 964 Marr,
805 938 843 958 ex
855 928 965 959 eadem
977 929 1156 960 considera-

83 978 205 1015 Vcione,
227 988 272 1008 xx
287 982 310 1009 s.
357 978 489 1009 Summa
512 975 735 1019 expensarum,
766 975 858 1018 iiijcvj
891 977 922 1008 fi.
955 988 975 1008 v
991 982 1013 1009 s.
1046 979 1102 1019 viij
1127 978 1156 1009 d.

106 1027 149 1059 Et
171 1027 216 1059 sic
238 1030 360 1058 restant
373 1026 501 1068 j⁰lxxvij
519 1027 550 1058 fi·
575 1027 597 1068 ij
615 1031 638 1058 Ξ.
656 1027 711 1067 viij
733 1026 761 1057 d.
808 1027 858 1058 De
881 1027 1007 1067 quibus,
1023 1027 1157 1058 alloeate

108 1077 308 1118 computanti
323 1077 361 1108 de
377 1076 495 1108 relevio
512 1080 670 1108 terrarum
687 1076 726 1107 de
741 1076 887 1107 Wardris
904 1080 936 1107 et
950 1077 1083 1108 aliarum
1093 1080 1157 1108 ter—

107 1137 216 1158 rarum
231 1127 452 1167 spectancium
468 1126 631 1167 quondam
645 1125 812 1157 Willelmo
828 1125 932 1167 Lesly,
945 1126 1050 1163 militi,
1066 1137 1106 1157 ex
1121 1137 1158 1158 eo

108 1176 194 1217 quod
224 1175 373 1207 dominus
396 1185 453 1206 rex
476 1175 633 1206 concessit
655 1174 812 1206 relevium
843 1175 1017 1206 earundem
1040 1175 1159 1207 Thome

108 1225 218 1257 comiti
248 1225 287 1256 de
314 1225 404 1256 Aran
428 1228 460 1256 et
483 1224 622 1256 Roberto
645 1224 774 1255 domino
797 1224 878 1255 Boid
901 1235 996 1257 causa
1020 1225 1102 1256 dotis
1125 1226 1160 1256 iu

108 1277 232 1315 partem
254 1274 344 1305 mille
367 1284 554 1311 marcarum,
577 1277 614 1304 ut
636 1276 726 1314 patet
748 1274 928 1314 expressius
951 1275 985 1305 in
1009 1277 1159 1316 computo

111 1324 310 1355 vicecomitis
334 1324 374 1355 de
397 1323 551 1356 Strivelin
567 1323 627 1355 hoc
642 1333 736 1360 anno,
752 1334 818 1354 xxv
833 1323 865 1355 1-1'.
911 1324 953 1355 Et
969 1324 1081 1361 eidem,
1104 1333 1161 1365 per

112 1373 328 1405 deeidenciam
354 1374 518 1405 firmarum
549 1374 588 1405 de
619 1373 795 1414 Glenquhy
825 1373 859 1404 in
891 1373 1083 1405 Strathdone
1112 1367 1160 1405 'de

110 1423 247 1455 termino
270 1423 468 1455 Penticostes
490 1423 616 1460 ultimo,
638 1426 735 1464 prout
757 1426 848 1464 patet
870 1423 904 1454 in
927 1423 1051 1461 rentali,
1075 1424 1118 1464 xij
1136 1427 1159 1455 ἓ.

111 1472 142 1513 vj
160 1472 189 1504 d.
234 1472 277 1503 Et
292 1472 404 1510 eidem,
419 1482 476 1513 per
498 1472 694 1504 solucionem
716 1472 833 1503 factam
852 1473 1036 1513 Farquharo
1052 1473 1161 1510 Lamb,

112 1521 235 1554 custodi
251 1532 402 1563 equorum
419 1522 649 1554 indomitorum
672 1521 794 1552 domini
809 1522 891 1563 regis
907 1523 940 1553 in
960 1522 1162 1559 Strathoune,

113 1571 152 1603 de
167 1571 316 1603 mandato
333 1571 454 1602 domini
476 1571 557 1612 regis
580 1571 754 1603 literatorio
770 1572 830 1602 sub
848 1572 980 1613 signeto,
996 1581 1053 1613 pro
1070 1572 1162 1603 feodo

113 1630 174 1652 suo⁴
182 1620 220 1652 de
232 1620 377 1652 terminis
393 1621 563 1652 transactis
579 1624 651 1661 post
667 1621 790 1651 obitum
806 1621 887 1662 regis
904 1621 987 1652 clare
1003 1622 1163 1658 memorie,

114 1673 238 1701 ostenso
251 1680 345 1711 super
360 1673 556 1711 computum,
568 1673 601 1701 et
612 1670 672 1701 sub
687 1670 828 1713 periculo
845 1672 1069 1712 computantis,
1081 1671 1111 1712 vj
1130 1671 1162 1702 fi.

114 1719 171 1760 xiij
188 1723 211 1751 ἔ.
227 1719 274 1760 iiij
291 1719 320 1750 d.
366 1720 409 1750 Et
431 1720 640 1761 computanti,
655 1730 712 1761 pro
728 1720 820 1751 feodo
843 1729 900 1751 suo
917 1721 956 1759 de
979 1731 1062 1752 anno
1078 1732 1162 1752 com-

114 1769 186 1810 puti
208 1779 248 1800 ex
277 1769 532 1802 consideracione
555 1769 745 1807 auditorum,
769 1780 790 1800 x
808 1769 841 1801 fi.
887 1770 1019 1801 Summa
1048 1771 1163 1801 harum

116 1827 334 1859 expensarum,
348 1818 404 1859 xlij
419 1818 451 1850 fi.
468 1829 489 1849 v
504 1823 526 1850 s.
541 1829 562 1849 x
574 1819 602 1850 d.
644 1819 686 1849 Et
699 1819 743 1850 sic
755 1822 885 1856 restant,
897 1830 1036 1850 unacum
1049 1821 1165 1861 viginti

115 1867 204 1899 libris
219 1870 301 1899 terre
323 1868 362 1899 de
387 1867 574 1909 Soynahard
597 1867 681 1899 infra
705 1868 892 1899 comitatum
916 1869 955 1900 de
979 1869 1067 1900 Marr
1091 1880 1165 1900 eum

117 1917 232 1958 quibus
261 1920 450 1958 computans
482 1917 589 1948 omisit
613 1927 646 1948 se
677 1927 807 1948 onerare
838 1928 877 1948 ex
900 1917 1102 1958 necligencia,
1125 1919 1164 1949 de

117 1976 200 1997 anno
222 1967 373 2007 computi,
393 1965 478 2007 j⁰xlij
503 1966 535 1997 fi.
560 1967 614 2007 xvj
639 1970 662 1998 s.
686 1977 708 1997 x
723 1966 753 1999 d.
798 1967 849 1998 De
880 1967 1009 2008 quibus,
1031 1967 1166 1999 allocate

118 2016 316 2057 computanti
345 2016 385 2047 de
417 2016 522 2047 warda
551 2018 707 2047 terrarum
737 2016 777 2047 de
806 2015 951 2047 Wardris
975 2019 1007 2047 et
1029 2016 1165 2048 aliarum

118 2068 272 2096 terrarum
288 2076 362 2097 cum
371 2065 488 2106 quibus
505 2068 693 2106 computans
710 2065 855 2105 superius
871 2069 1028 2104 oneratur,
1038 2076 1164 2098 conces-

119 2123 226 2146 sarum
254 2125 311 2156 per
333 2115 443 2146 literas
466 2115 662 2155 subscriptas
685 2114 781 2145 dictis
804 2115 914 2146 comiti
941 2115 979 2146 de
1002 2116 1110 2147 Arane
1133 2120 1165 2147 et

120 2163 247 2196 domino
270 2164 361 2201 Boid,
376 2168 414 2195 ut
435 2167 526 2205 patet
548 2175 605 2205 per
631 2164 758 2195 easdem
780 2163 889 2196 literas
906 2168 1048 2197 ostensas
1071 2176 1167 2207 super

121 2217 315 2255 computum,
337 2214 393 2255 viij
408 2213 439 2245 ri.
456 2214 487 2254 vj
506 2218 528 2245 s.
545 2214 601 2254 viij
618 2214 648 2245 d.
696 2214 738 2245 Et
761 2214 864 2246 eidem
888 2217 1095 2256 computanti,
1111 2227 1167 2258 pro

1228 584 1275 607 Do.
