1551 2462
164 2100 343 2142 Striveling.

384 313 446 341 520
695 311 860 343 ROTULI
883 311 1120 344 SOACCARH
1343 314 1378 344 14
1385 315 1437 344 68.

719 668 885 701 ccxmv
908 669 1079 711 [ceux]

499 767 715 799 COMPUTA
738 746 1042 800 BALLIVORUM*
1059 769 1123 799 AD
1146 768 1306 800 EXTRA.

829 870 891 894 ΑΛ).
910 863 971 894 146
976 863 1002 894 8.

423 954 623 986 Scaccarium
636 954 830 986 serenissimi
845 955 1000 997 principis
1015 958 1048 988 et
1058 955 1181 987 domini
1196 955 1299 987 nostri
1307 954 1431 987 domini

360 1004 493 1036 -Jacobi
523 1004 616 1036 tercii
645 1004 756 1036 divina
785 1004 916 1037 favente
945 1005 1121 1037 clemencia
1150 1005 1319 1037 Scotorum
1347 1005 1431 1046 regis
1480 1003 1503 1040 J

377 1054 596 1092 illustrissimi,
611 1057 740 1086 tentum
751 1057 784 1086 et
798 1054 986 1086 inchoatum
1001 1054 1087 1096 apud
1102 1054 1292 1097 Edinburgh
1307 1055 1432 1087 decimo

377 1104 429 1136 die
441 1104 561 1135 mensis
573 1104 596 1135 J
597 1104 667 1135 unii
682 1114 766 1135 anno
783 1104 916 1135 Domini
931 1104 1103 1136 millesimo
1115 1104 1430 1146 quadringentesimo
1495 1115 1501 1146 j

377 1153 576 1195 sexagesimo
592 1157 714 1191 octavo,
729 1163 835 1185 coram
852 1153 989 1185 dominis
1013 1153 1212 1185 auditoribus
1228 1154 1429 1195 subscriptis,
1495 1184 1500 1187 .

377 1203 529 1235 videlicet
559 1203 733 1235 reverendo
763 1203 797 1234 in
828 1203 958 1235 Christo
990 1206 1082 1245 patre
1111 1203 1243 1235 Andrea
1281 1203 1430 1245 episcopo
1495 1203 1499 1208 ’

378 1253 579 1294 Glasguensi,
595 1253 773 1284 venerabili
787 1253 823 1284 in
846 1253 974 1285 Christo
989 1257 1080 1294 patre
1095 1253 1292 1284 Arohibaldo
1315 1253 1430 1285 abbate

378 1303 495 1334 Sancte
519 1303 630 1334 Crucis
653 1303 693 1334 de
715 1302 916 1344 Effluburgh,
938 1303 1100 1335 nobilibus
1123 1305 1156 1334 et
1185 1302 1430 1344 prepotentibus

377 1353 516 1384 dominis
553 1352 686 1384 Andrea
723 1352 853 1384 domino
883 1353 1061 1390 Avandale‚
1091 1352 1281 1384 cancellario
1312 1352 1430 1389 Scocie,
1490 1360 1498 1397 j

377 1402 491 1434 Colino
507 1402 622 1434 comite
638 1402 677 1434 de
692 1402 800 1443 Ergile
821 1403 951 1434 domino
967 1401 1109 1440 Cambel,
1125 1402 1279 1443 magistro
1294 1401 1430 1442 hospicii
1495 1402 1503 1436 “,

376 1452 467 1493 regis,
498 1452 638 1483 Roberto
669 1452 798 1483 domino
828 1453 919 1490 Boid,
949 1462 1066 1494 magno
1104 1452 1278 1483 camerario
1312 1451 1430 1489 Scocie,

376 1502 616 1533 venerabilibus
646 1505 679 1533 et
716 1502 956 1543 circumspectis
994 1502 1080 1539 viris,
1110 1502 1271 1543 magistris
1308 1501 1430 1533 Jacobo
1487 1496 1490 1500 ’

376 1551 546 1591 Lindesay,
561 1551 724 1591 preposito
740 1551 779 1582 de
802 1551 1029 1589 Lincloudane,
1045 1551 1175 1582 custode
1191 1551 1309 1592 privati
1323 1551 1431 1592 sigilli,

376 1600 574 1632 Arohibaldo
605 1601 643 1631 de
675 1600 849 1638 Quhitlaw,
871 1601 992 1631 decano
1022 1600 1060 1631 de
1083 1601 1228 1638 Dunbar,
1251 1601 1430 1638 secretario,
1491 1631 1494 1634 4

375 1649 617 1681 honorabilibus
640 1650 718 1681 viris
740 1650 848 1681 Adam
871 1649 994 1681 Wallas
1017 1650 1056 1681 de
1081 1649 1190 1691 CragO,
1206 1654 1428 1691 computorum

375 1699 559 1736 rotulatore,
586 1699 715 1730 domino
739 1699 925 1731 Alexandro
952 1699 1063 1740 Napar
1093 1699 1132 1730 de
1160 1699 1428 1737 Merchamstone,

375 1748 488 1786 milite,
511 1749 620 1780 David
643 1748 768 1780 Guthre
791 1748 830 1780 de
853 1749 973 1786 eodem,
995 1749 1159 1790 magistris
1180 1749 1366 1780 Alexandro
1389 1749 1429 1782 de

376 1798 533 1835 Moravia,
557 1798 708 1830 canonico
735 1798 941 1836 Moraviensi,
971 1799 1123 1840 Fergusio
1149 1798 1336 1836 MaedoweL
1359 1808 1430 1840 pre·-
1492 1811 1495 1816 ·

376 1848 481 1889 posito
519 1848 558 1879 de
589 1847 764 1889 Bothanys,
802 1848 916 1879 clerico
954 1848 1132 1879 rotulorum
1163 1851 1195 1879 et
1232 1848 1366 1889 registri,
1396 1850 1430 1879 et
1484 1870 1497 1891 3

376 1897 506 1928 domino
530 1897 667 1928 Ricardo
689 1897 830 1935 Roberti,
854 1897 1006 1929 canonico
1029 1897 1259 1934 Aberdonensi,
1275 1897 1429 1928 auditori·
1489 1915 1492 1918 >

375 1947 436 1979 bus
458 1957 516 1988 per
542 1957 727 1989 supremum
754 1947 921 1979 dominum
943 1950 1088 1979 nostrum
1115 1957 1223 1989 regem
1248 1946 1429 1988 specialiter

377 1996 550 2039 deputatis.

422 2096 619 2137 Computum
648 2095 670 2127 J
672 2095 763 2127 acobi
800 2095 914 2127 Sohaw
952 2096 991 2127 de
1029 2095 1224 2137 Sauchquhi,
1262 2094 1424 2127 camerarii

377 2146 500 2177 domini
529 2145 632 2176 nostri
655 2145 737 2186 regis
762 2144 801 2176 de
831 2145 922 2176 terris
953 2148 986 2176 et
1015 2145 1116 2176 firmis
1142 2155 1314 2186 granorum
1343 2145 1439 2176 infra·
1489 2135 1551 2184 ,)·’;

378 2194 638 2233 Strivilinschire,
665 2194 875 2236 [Edinburqh,
889 2195 934 2227 17
956 2195 1041 2226 June
1056 2195 1151 2234 1468,
1166 2195 1258 2237 from
1279 2196 1323 2227 529
1351 2195 1429 2235 May
1495 2239 1503 2249 r

378 2244 487 2286 1467]
