1551 2462
125 248 213 279 1469.
434 245 520 277 REG
528 245 596 277 ΠΜ
618 245 864 278 8001011οΜ.
1070 221 1074 224 ’
1108 250 1166 279 641

63 335 67 339 ’
80 336 89 374 ᾗ
121 338 272 380 magistro
294 338 432 370 Patricio
448 338 537 370 Vaus
553 338 594 369 ad
610 338 787 370 custodiam
810 338 888 370 dicti
904 339 1000 370 castri
1016 339 1056 370 de
1070 340 1166 370 Tern—
1182 345 1346 374 Respondebit

62 380 81 425 ’ζ
123 398 192 429 way
207 387 246 419 de
260 388 412 419 mandato
427 388 650 429 suprascripto,
665 388 735 429 ipso
751 387 850 419 eciam
861 398 918 429 per
932 388 1060 419 literam
1076 399 1167 419 suam
1181 375 1255 398 Vaus.

12 475 13 478 Ἴ
37 451 42 456 ’
68 430 76 462 ἶ
122 437 242 470 fatente
278 440 441 478 receptum
472 448 568 479 super
604 442 799 478 computum,
829 437 864 478 iij
893 437 998 469 celdre
1028 438 1050 479 ij
1084 438 1167 470 bolle

11 483 17 505 ·.
60 497 100 524 „21
121 487 280 519 frumenti.
325 487 368 518 Et
395 487 506 525 eidem,
533 498 590 528 per
613 487 839 519 liberacionem
865 487 985 519 factam
1014 487 1166 529 magistro

19 566 38 582 ,n
62 528 93 583 7‘
121 537 304 570 Alexandro
320 535 455 574 Guthress
473 540 550 568 tunc
565 537 737 568 camerario
753 537 914 578 deputato,
929 548 986 578 per
1001 537 1167 569 dominum

18 588 30 615 i
74 604 88 627 g
121 597 233 629 regem,
258 587 327 628 ipso
353 597 410 628 per
435 587 563 618 literam
590 597 688 618 manu
712 597 770 618 sua
800 587 1015 628 subscriptam
1044 587 1167 618 fatente
1180 596 1345 625 Respondebit

16 643 28 658 ν’
79 626 98 665 2⁷
120 639 399 677 receptum'super
420 639 616 677 computum,
640 635 695 676 viij
720 636 824 667 celdre
848 636 892 677 xij
917 636 1002 668 bolle
1014 637 1027 677 j
1053 636 1166 667 ferlota
1179 626 1316 679 3551ssssqu

36 682 39 686 ’
82 701 93 718 .-
121 685 278 718 frumenti.
323 686 367 717 Et
382 685 494 723 eidem,
510 686 549 717 de
565 686 665 717 firmis
688 689 845 717 terrarum
868 686 907 717 de
924 686 1166 723 Ouchteralves,
1209 720 1212 722 ,

77 761 82 768 .
121 746 181 778 que
206 736 372 767 consuevit
398 735 537 767 assedari
562 746 619 776 pro
646 736 749 767 tribus
772 735 887 767 celdris
911 736 1066 767 frumenti
1085 735 1166 767 licet

10 782 29 821 ξ’
62 787 83 814 ἑ
120 785 242 818 rentale
254 785 418 816 contineat
433 788 571 826 quatuor
594 784 716 816 celdras
739 787 869 826 propter
891 785 1035 826 inopiam
1056 788 1166 817 tenen-

71 855 90 875 s
119 834 212 873 cium,
235 835 274 866 de
304 845 389 866 anno
419 834 563 876 computi
587 838 620 866 et
646 835 706 866 sub
733 834 875 876 periculo
903 834 1128 875 computantis,
1150 835 1163 875 j

64 876 72 928 ἶ
119 883 222 916 celdra
233 884 394 916 frumenti.
440 884 483 915 Et
498 884 610 921 eidem,
626 894 683 925 pro
699 884 729 915 18
744 884 848 915 1111811(
862 883 1016 915 frumenti
1026 883 1166 925 granalis

118 933 157 966 de
177 933 295 965 Kinlos
313 933 490 965 introducti
512 934 547 964 in
568 934 679 965 eodem
703 933 742 965 de
765 943 849 964 anno
872 933 1016 974 computi
1032 936 1064 964 et
1080 943 1164 964 anno

117 983 304 1025 precedente
329 983 390 1014 hoc
416 987 612 1024 computum,
637 983 682 1023 xij
711 983 795 1014 100118
818 983 831 1023 ]
856 983 971 1014 ferlota
1001 979 1163 1014 frumenti.

6 1032 20 1068 „²
67 1035 89 1068 ’ς
118 1032 248 1065 Summa
262 1043 482 1074 expensarum,
505 1043 548 1063 xv
571 1033 675 1064 celdre
691 1043 737 1064 xv
759 1032 844 1064 holle
859 1032 894 1073 iij
913 1032 1025 1063 ferlote
1037 1033 1050 1073 j
1068 1042 1164 1073 pecca

5 1080 6 1084 ’
67 1086 70 1087 ’
117 1083 275 1114 frumenti.
320 1083 363 1113 Et
378 1082 424 1114 sic
446 1085 569 1114 restant
591 1082 622 1123 xj
649 1081 753 1113 celdre
776 1082 832 1122 viij
857 1082 943 1113 100118
959 1082 993 1123 11]
1011 1082 1124 1113 ferlote
1140 1082 1162 1123 ij

116 1142 215 1174 pecce.
262 1132 366 1170 Quam
375 1135 493 1164 restam
505 1132 611 1163 Adam
626 1131 749 1163 VValles
762 1132 801 1163 de
818 1131 926 1173 Crago,
939 1135 1162 1172 computorum

24 1206 26 1209 .
62 1203 70 1226 0,
116 1176 276 1220 rotulator,
306 1182 418 1213 vendit
448 1181 648 1222 computanti
682 1191 740 1221 pro
771 1191 896 1212 summa
930 1181 1164 1222 quinquaginta

72 1226 98 1258 J:
116 1234 236 1273 septem
255 1231 408 1262 librarum
425 1234 457 1263 et
479 1230 617 1262 sedecim
640 1230 855 1268 denariorum,
877 1240 934 1271 pro
958 1241 1022 1271 qua
1037 1241 1163 1262 summa
1176 1242 1341 1272 Respondebit,

68 1296 91 1309 e
114 1280 198 1313 idem
235 1280 390 1312 rotulator
426 1280 639 1321 respondebit.
700 1279 742 1310 Et
772 1279 817 1311 sic
849 1289 930 1327 eque
960 1280 1065 1320 quoad
1097 1279 1161 1310 fru-
1175 1272 1301 1330 rvgffijgory
1314 1309 1358 1331 pro

19 1359 22 1362 .
75 1340 84 1357 ’-
114 1334 266 1362 mentum.
1175 1331 1217 1360 lvij
1226 1331 1255 1354 fi.
1268 1332 1308 1360 xvj
1320 1331 1344 1355 3-

65 1407 75 1417 ,,
157 1380 249 1411 Idem
265 1382 376 1412 onerat
390 1390 424 1411 se
440 1379 478 1410 de
501 1389 522 1410 v
546 1378 659 1410 celdris
683 1378 727 1419 xij
752 1378 846 1410 bollis
868 1378 904 1419 iij
921 1378 1044 1410 ferlotis
1065 1379 1161 1410 brasii
1176 1379 1317 1410 Ordeum
1333 1384 1366 1411 et

6 1424 12 1433 λ’
67 1432 83 1466 f
114 1439 170 1474 per
185 1430 341 1471 arreragia
355 1429 464 1460 ultimi
479 1429 622 1470 computi
636 1428 695 1466 sui,
707 1431 745 1459 ut
756 1431 846 1470 patet
861 1428 896 1459 in
911 1428 991 1469 pede
1009 1429 1160 1469 ejusdem.
1176 1422 1327 1454 brasium-

5 1473 8 1486 ¹
70 1472 94 1507 ὲ
116 1479 246 1511 Summa
261 1478 410 1520 arreragii
425 1481 522 1519 patet.

155 1530 249 1567 Item,
264 1530 350 1561 idem
365 1532 476 1560 onerat
491 1538 524 1559 se
540 1527 579 1559 de
593 1528 650 1569 viij
668 1527 782 1559 celdris
798 1527 886 1559 ordei
902 1527 941 1559 de
956 1528 1049 1559 firma
1063 1529 1160 1560 tercie

68 1570 89 1621 fs.
111 1578 211 1620 partis
227 1579 266 1610 de
282 1578 407 1610 Duffois
423 1577 462 1609 de
478 1587 594 1618 croppo
610 1577 687 1608 anni
702 1577 891 1618 sexagesimi
906 1577 1017 1608 octavi.
1063 1577 1106 1608 Et
1121 1577 1161 1609 de

68 1634 91 1661 .’.
112 1627 146 1669 iij
172 1627 285 1659 celdris
308 1638 330 1658 v
356 1626 450 1658 bouis
470 1627 483 1667 j
516 1626 631 1658 ierlota
654 1626 677 1667 ij
706 1626 809 1667 peccis
836 1637 911 1657 cum
940 1626 1040 1658 tercia
1069 1630 1160 1667 parte

6 1695 7 1708 1
79 1695 89 1719 3,-
111 1676 222 1709 ferlote
238 1676 325 1708 ordei
341 1678 373 1707 et
388 1675 490 1707 farine
506 1675 670 1706 avenatice
685 1685 742 1716 per
757 1675 885 1716 equales
901 1675 1066 1716 porciones
1081 1675 1160 1707 ville

71 1751 91 1762 <v
112 1724 154 1758 de·
166 1726 284 1758 Kintra
301 1726 340 1757 de
355 1735 471 1766 croppo
487 1725 566 1757 dicti
589 1724 672 1756 anni.
718 1724 760 1755 Et
783 1724 822 1756 de
845 1724 924 1766 xlvij
942 1725 1056 1756 celdris
1072 1725 1159 1757 ordei

6 1772 8 1780 '
84 1806 90 1813 ,
110 1780 144 1808 et
172 1776 275 1807 saline
303 1775 469 1807 avenatice
499 1774 629 1806 baronie
656 1774 695 1806 de
724 1774 932 1805 Ardmanoch
961 1774 1002 1806 de
1032 1775 1158 1816 croppis

69 1825 82 1830 ’
111 1834 267 1857 annorum
282 1824 470 1866 sexagesimi
486 1824 615 1865 septimi
631 1826 664 1855 et
674 1823 863 1865 sexagesimi
875 1824 987 1856 octavi,
1026 1824 1158 1855 Summa

6 1903 8 1912 ,
78 1867 86 1873 ”
110 1874 430 1906 10181180118188101118
453 1884 526 1905 811111
549 1873 722 1915 arreragiis,
745 1873 827 1914 lxiiij
852 1873 957 1905 oeldre
979 1873 1001 1914 ij
1027 1874 1110 1905 holle
1132 1874 1156 1915 ij

6 1925 7 1933 ¹
69 1922 210 1966 (kpecce.

66 1971 68 1974 ’
83 2006 86 2011 ,
150 1973 203 2005 1)8
221 1974 346 2015 quibus,
362 1973 496 2004 allocate
512 1971 712 2013 computauti
726 1982 783 2013 per
798 1971 1023 2004 liberacionem
1039 1972 1157 2004 factam

74 2030 90 2048 s
111 2021 194 2054 dicto
212 2023 363 2064 magistro
387 2022 524 2053 Patricio
540 2022 630 2053 Vaus
653 2021 693 2052 ad
715 2031 871 2062 expensas
895 2021 1038 2053 custodie
1062 2023 1157 2054 castri

12 2092 14 2104 .
60 2069 149 2103 ”de
181 2072 345 2112 Ternway,
374 2072 444 2112 ipso
481 2081 538 2112 per
575 2070 683 2101 literas
721 2080 795 2101 suas
833 2069 955 2102 fatente
991 2074 1156 2112 receptum

68 2127 79 2153 J
110 2129 204 2162 super
229 2124 424 2162 computum,
448 2121 460 2161 j
485 2120 591 2152 celdra
612 2119 655 2161 vij
682 2119 764 2151 bone
787 2119 892 2158 brasii,
915 2130 1010 2161 super
1038 2121 1154 2161 quibus
1181 2154 1186 2164 ¹

7 2164 18 2201 ἰὲ
110 2170 359 2211 computandum
374 2175 423 2202 est
438 2181 512 2201 cum
529 2169 614 2201 dicto
630 2169 780 2211 magistro
798 2169 944 2201 Patricio.
989 2170 1032 2201 Et
1042 2170 1153 2209 eidem,
1167 2154 1362 2207 ἓζῖἶῖἕὶῗῗξὲζΰ

12 2213 18 2223 ”
63 2215 65 2219 ’
151 2227 220 2251 von.
237 2228 292 2251 vn.
970 2219 988 2250 2
1006 2227 1023 2250 s
