<?xml version="1.0" encoding="UTF-8"?>
<!DOCTYPE html PUBLIC "-//W3C//DTD XHTML 1.0 Transitional//EN"
    "http://www.w3.org/TR/xhtml1/DTD/xhtml1-transitional.dtd">
<html xmlns="http://www.w3.org/1999/xhtml" xml:lang="en" lang="en">
 <head>
  <title>
</title>
<meta http-equiv="Content-Type" content="text/html;charset=utf-8" />
  <meta name='ocr-system' content='tesseract 3.04.00' />
  <meta name='ocr-capabilities' content='ocr_page ocr_carea ocr_par ocr_line ocrx_word'/>
</head>
<body>
  <div class='ocr_page' id='page_1' title='image "./rotuliscaccariir07scot_0283.png"; bbox 0 0 1551 2462; ppageno 0'>
   <div class='ocr_carea' id='block_1_1' title="bbox 117 177 1163 210">
    <p class='ocr_par' dir='ltr' id='par_1_1' title="bbox 117 177 1163 210">
     <span class='ocr_line' id='line_1_1' title="bbox 117 177 1163 210; baseline -0.001 0"><span class='ocrx_word' id='word_1_1' title='bbox 117 182 131 210; x_wconf 91' lang='lat'>1</span> <span class='ocrx_word' id='word_1_2' title='bbox 139 181 208 210; x_wconf 72' lang='lat'><strong>463.</strong></span> <span class='ocrx_word' id='word_1_3' title='bbox 426 177 587 210; x_wconf 78' lang='lat' dir='ltr'>REGUM</span> <span class='ocrx_word' id='word_1_4' title='bbox 611 177 857 210; x_wconf 85' lang='lat' dir='ltr'>SCOTORUM.</span> <span class='ocrx_word' id='word_1_5' title='bbox 1104 182 1163 210; x_wconf 76' lang='lat'>205</span> 
     </span>
    </p>
   </div>
   <div class='ocr_carea' id='block_1_2' title="bbox 116 271 1366 906">
    <p class='ocr_par' dir='ltr' id='par_1_2' title="bbox 116 271 1366 461">
     <span class='ocr_line' id='line_1_2' title="bbox 116 271 1366 322; baseline -0.001 -20"><span class='ocrx_word' id='word_1_6' title='bbox 116 282 202 303; x_wconf 84' lang='lat' dir='ltr'>mam</span> <span class='ocrx_word' id='word_1_7' title='bbox 218 273 251 302; x_wconf 89' lang='lat' dir='ltr'>et</span> <span class='ocrx_word' id='word_1_8' title='bbox 266 271 456 308; x_wconf 86' lang='lat' dir='ltr'>introducat,</span> <span class='ocrx_word' id='word_1_9' title='bbox 473 271 547 312; x_wconf 89' lang='lat' dir='ltr'>quia</span> <span class='ocrx_word' id='word_1_10' title='bbox 563 271 746 302; x_wconf 75' lang='lat' dir='ltr'><strong>onerabitur</strong></span> <span class='ocrx_word' id='word_1_11' title='bbox 761 281 834 301; x_wconf 88' lang='lat' dir='ltr'>cum</span> <span class='ocrx_word' id='word_1_12' title='bbox 845 271 955 302; x_wconf 85' lang='lat' dir='ltr'>eadem</span> <span class='ocrx_word' id='word_1_13' title='bbox 971 271 1006 301; x_wconf 90' lang='lat' dir='ltr'>in</span> <span class='ocrx_word' id='word_1_14' title='bbox 1021 271 1166 311; x_wconf 77' lang='lat' dir='ltr'>proximo</span> <span class='ocrx_word' id='word_1_15' title='bbox 1180 297 1319 320; x_wconf 80' lang='lat' dir='ltr'>Onerandus</span> <span class='ocrx_word' id='word_1_16' title='bbox 1330 300 1366 322; x_wconf 75' lang='lat' dir='ltr'>est</span> 
     </span>
     <span class='ocr_line' id='line_1_3' title="bbox 117 320 1327 361; baseline 0 -10"><span class='ocrx_word' id='word_1_17' title='bbox 117 324 266 361; x_wconf 88' lang='lat' dir='ltr'>computo</span> <span class='ocrx_word' id='word_1_18' title='bbox 301 331 366 351; x_wconf 90' lang='lat' dir='ltr'>suo.</span> <span class='ocrx_word' id='word_1_19' title='bbox 426 321 469 351; x_wconf 89' lang='lat' dir='ltr'>Et</span> <span class='ocrx_word' id='word_1_20' title='bbox 502 320 644 361; x_wconf 87' lang='lat' dir='ltr'>pendent</span> <span class='ocrx_word' id='word_1_21' title='bbox 681 320 830 351; x_wconf 85' lang='lat' dir='ltr'>similiter</span> <span class='ocrx_word' id='word_1_22' title='bbox 861 330 955 361; x_wconf 88' lang='lat' dir='ltr'>super</span> <span class='ocrx_word' id='word_1_23' title='bbox 988 320 1165 351; x_wconf 86' lang='lat' dir='ltr'>Robertum</span> <span class='ocrx_word' id='word_1_24' title='bbox 1179 329 1327 357; x_wconf 78' lang='lat' dir='ltr'>computans.</span> 
     </span>
     <span class='ocr_line' id='line_1_4' title="bbox 117 369 1166 411; baseline -0.001 -10"><span class='ocrx_word' id='word_1_25' title='bbox 117 370 352 411; x_wconf 81' lang='lat' dir='ltr'>Levingstoune</span> <span class='ocrx_word' id='word_1_26' title='bbox 368 370 407 401; x_wconf 89' lang='lat' dir='ltr'>de</span> <span class='ocrx_word' id='word_1_27' title='bbox 422 370 574 410; x_wconf 75' lang='lat' dir='ltr'>Drumry,</span> <span class='ocrx_word' id='word_1_28' title='bbox 591 369 736 407; x_wconf 85' lang='lat' dir='ltr'>militem,</span> <span class='ocrx_word' id='word_1_29' title='bbox 752 370 791 401; x_wconf 90' lang='lat' dir='ltr'>de</span> <span class='ocrx_word' id='word_1_30' title='bbox 814 369 913 401; x_wconf 86' lang='lat' dir='ltr'>firmis</span> <span class='ocrx_word' id='word_1_31' title='bbox 929 369 1007 400; x_wconf 84' lang='lat' dir='ltr'>dicti</span> <span class='ocrx_word' id='word_1_32' title='bbox 1023 370 1166 407; x_wconf 82' lang='lat' dir='ltr'>dominii,</span> 
     </span>
     <span class='ocr_line' id='line_1_5' title="bbox 117 418 1164 461; baseline -0.001 -11"><span class='ocrx_word' id='word_1_33' title='bbox 117 420 345 461; x_wconf 68' lang='lat' dir='ltr'>percipientem</span> <span class='ocrx_word' id='word_1_34' title='bbox 358 420 524 451; x_wconf 87' lang='lat' dir='ltr'>annuatim</span> <span class='ocrx_word' id='word_1_35' title='bbox 537 419 577 451; x_wconf 83' lang='lat' dir='ltr'>ad</span> <span class='ocrx_word' id='word_1_36' title='bbox 590 429 703 451; x_wconf 87' lang='lat' dir='ltr'>manus</span> <span class='ocrx_word' id='word_1_37' title='bbox 716 419 860 460; x_wconf 86' lang='lat' dir='ltr'>proprias</span> <span class='ocrx_word' id='word_1_38' title='bbox 876 419 992 460; x_wconf 82' lang='lat' dir='ltr'>viginti</span> <span class='ocrx_word' id='word_1_39' title='bbox 1004 418 1109 456; x_wconf 82' lang='lat' dir='ltr'>libras,</span> <span class='ocrx_word' id='word_1_40' title='bbox 1126 419 1164 450; x_wconf 90' lang='lat' dir='ltr'>de</span> 
     </span>
    </p>

    <p class='ocr_par' dir='ltr' id='par_1_3' title="bbox 118 468 1187 509">
     <span class='ocr_line' id='line_1_6' title="bbox 118 468 1187 509; baseline -0.002 -9"><span class='ocrx_word' id='word_1_41' title='bbox 118 469 242 500; x_wconf 89' lang='lat' dir='ltr'>duobus</span> <span class='ocrx_word' id='word_1_42' title='bbox 269 469 361 500; x_wconf 85' lang='lat' dir='ltr'>annis</span> <span class='ocrx_word' id='word_1_43' title='bbox 389 478 463 500; x_wconf 87' lang='lat' dir='ltr'>cum</span> <span class='ocrx_word' id='word_1_44' title='bbox 489 468 628 499; x_wconf 70' lang='lat' dir='ltr'>diniideo</span> <span class='ocrx_word' id='word_1_45' title='bbox 658 468 743 499; x_wconf 81' lang='lat' dir='ltr'>infra</span> <span class='ocrx_word' id='word_1_46' title='bbox 769 468 830 499; x_wconf 90' lang='lat' dir='ltr'>hoc</span> <span class='ocrx_word' id='word_1_47' title='bbox 857 471 1051 509; x_wconf 84' lang='lat' dir='ltr'>computum,</span> <span class='ocrx_word' id='word_1_48' title='bbox 1083 468 1093 499; x_wconf 92' lang='lat' dir='ltr'>l</span> <span class='ocrx_word' id='word_1_49' title='bbox 1124 468 1187 505; x_wconf 67' lang='lat' dir='ltr'>fi„-</span> 
     </span>
    </p>

    <p class='ocr_par' dir='ltr' id='par_1_4' title="bbox 118 517 1166 559">
     <span class='ocr_line' id='line_1_7' title="bbox 118 517 1166 559; baseline -0.001 -10"><span class='ocrx_word' id='word_1_50' title='bbox 118 528 213 559; x_wconf 86' lang='lat' dir='ltr'>super</span> <span class='ocrx_word' id='word_1_51' title='bbox 228 528 291 559; x_wconf 88' lang='lat' dir='ltr'>quo</span> <span class='ocrx_word' id='word_1_52' title='bbox 307 517 493 551; x_wconf 84' lang='lat' dir='ltr'>consulendi</span> <span class='ocrx_word' id='word_1_53' title='bbox 510 520 585 549; x_wconf 86' lang='lat' dir='ltr'>sunt</span> <span class='ocrx_word' id='word_1_54' title='bbox 601 517 724 548; x_wconf 88' lang='lat' dir='ltr'>domini</span> <span class='ocrx_word' id='word_1_55' title='bbox 736 517 775 548; x_wconf 89' lang='lat' dir='ltr'>de</span> <span class='ocrx_word' id='word_1_56' title='bbox 792 517 931 549; x_wconf 84' lang='lat' dir='ltr'>consilio.</span> <span class='ocrx_word' id='word_1_57' title='bbox 970 518 1013 548; x_wconf 90' lang='lat' dir='ltr'>Et</span> <span class='ocrx_word' id='word_1_58' title='bbox 1024 517 1166 558; x_wconf 86' lang='lat' dir='ltr'>pendent</span> 
     </span>
    </p>

    <p class='ocr_par' dir='ltr' id='par_1_5' title="bbox 118 566 1166 608">
     <span class='ocr_line' id='line_1_8' title="bbox 118 566 1166 608; baseline -0.001 -10"><span class='ocrx_word' id='word_1_59' title='bbox 118 567 264 598; x_wconf 87' lang='lat' dir='ltr'>similiter</span> <span class='ocrx_word' id='word_1_60' title='bbox 274 577 369 608; x_wconf 87' lang='lat' dir='ltr'>super</span> <span class='ocrx_word' id='word_1_61' title='bbox 380 567 403 598; x_wconf 82' lang='lat' dir='ltr'>J</span> <span class='ocrx_word' id='word_1_62' title='bbox 404 567 563 598; x_wconf 88' lang='lat' dir='ltr'>ohannem</span> <span class='ocrx_word' id='word_1_63' title='bbox 577 567 713 599; x_wconf 86' lang='lat' dir='ltr'>Stewart</span> <span class='ocrx_word' id='word_1_64' title='bbox 724 566 763 598; x_wconf 89' lang='lat' dir='ltr'>de</span> <span class='ocrx_word' id='word_1_65' title='bbox 776 566 874 598; x_wconf 83' lang='lat' dir='ltr'>firmis</span> <span class='ocrx_word' id='word_1_66' title='bbox 885 567 969 598; x_wconf 86' lang='lat' dir='ltr'>dicte</span> <span class='ocrx_word' id='word_1_67' title='bbox 985 567 1114 598; x_wconf 88' lang='lat' dir='ltr'>baronie</span> <span class='ocrx_word' id='word_1_68' title='bbox 1127 567 1166 598; x_wconf 84' lang='lat' dir='ltr'>de</span> 
     </span>
    </p>

    <p class='ocr_par' dir='ltr' id='par_1_6' title="bbox 117 615 1166 657">
     <span class='ocr_line' id='line_1_9' title="bbox 117 615 1166 657; baseline -0.002 -9"><span class='ocrx_word' id='word_1_69' title='bbox 117 616 281 654; x_wconf 83' lang='lat' dir='ltr'>Rannach,</span> <span class='ocrx_word' id='word_1_70' title='bbox 293 616 523 657; x_wconf 72' lang='lat' dir='ltr'>percipientem</span> <span class='ocrx_word' id='word_1_71' title='bbox 538 626 594 647; x_wconf 88' lang='lat' dir='ltr'>seu</span> <span class='ocrx_word' id='word_1_72' title='bbox 611 616 644 646; x_wconf 92' lang='lat' dir='ltr'>vi</span> <span class='ocrx_word' id='word_1_73' title='bbox 659 615 698 647; x_wconf 90' lang='lat' dir='ltr'>ad</span> <span class='ocrx_word' id='word_1_74' title='bbox 713 626 828 647; x_wconf 82' lang='lat' dir='ltr'>manus</span> <span class='ocrx_word' id='word_1_75' title='bbox 844 616 986 657; x_wconf 86' lang='lat' dir='ltr'>proprias</span> <span class='ocrx_word' id='word_1_76' title='bbox 1002 619 1166 648; x_wconf 82' lang='lat' dir='ltr'>tenentem</span> 
     </span>
    </p>

    <p class='ocr_par' dir='ltr' id='par_1_7' title="bbox 118 665 1165 707">
     <span class='ocr_line' id='line_1_10' title="bbox 118 665 1165 707; baseline -0.001 -9"><span class='ocrx_word' id='word_1_77' title='bbox 118 667 157 698; x_wconf 87' lang='lat' dir='ltr'>de</span> <span class='ocrx_word' id='word_1_78' title='bbox 184 676 267 697; x_wconf 91' lang='lat' dir='ltr'>anno</span> <span class='ocrx_word' id='word_1_79' title='bbox 293 665 437 707; x_wconf 84' lang='lat' dir='ltr'>computi</span> <span class='ocrx_word' id='word_1_80' title='bbox 463 668 495 697; x_wconf 89' lang='lat' dir='ltr'>et</span> <span class='ocrx_word' id='word_1_81' title='bbox 522 665 645 696; x_wconf 89' lang='lat' dir='ltr'>duobus</span> <span class='ocrx_word' id='word_1_82' title='bbox 671 665 763 697; x_wconf 85' lang='lat' dir='ltr'>annis</span> <span class='ocrx_word' id='word_1_83' title='bbox 788 669 862 697; x_wconf 88' lang='lat' dir='ltr'>ante</span> <span class='ocrx_word' id='word_1_84' title='bbox 888 665 949 697; x_wconf 91' lang='lat' dir='ltr'>hoc</span> <span class='ocrx_word' id='word_1_85' title='bbox 979 669 1165 707; x_wconf 82' lang='lat' dir='ltr'>computum</span> 
     </span>
    </p>

    <p class='ocr_par' dir='ltr' id='par_1_8' title="bbox 118 714 1366 855">
     <span class='ocr_line' id='line_1_11' title="bbox 119 714 1366 759; baseline 0 -13"><span class='ocrx_word' id='word_1_86' title='bbox 119 715 261 757; x_wconf 83' lang='lat' dir='ltr'>quolibet</span> <span class='ocrx_word' id='word_1_87' title='bbox 298 725 381 746; x_wconf 83' lang='lat' dir='ltr'>anno</span> <span class='ocrx_word' id='word_1_88' title='bbox 427 714 537 747; x_wconf 88' lang='lat' dir='ltr'>decem</span> <span class='ocrx_word' id='word_1_89' title='bbox 585 725 716 752; x_wconf 84' lang='lat' dir='ltr'>marcas,</span> <span class='ocrx_word' id='word_1_90' title='bbox 763 725 808 746; x_wconf 85' lang='lat' dir='ltr'>xx</span> <span class='ocrx_word' id='word_1_91' title='bbox 847 715 889 753; x_wconf 65' lang='lat' dir='ltr'>H„</span> <span class='ocrx_word' id='word_1_92' title='bbox 938 725 1010 746; x_wconf 88' lang='lat' dir='ltr'>cum</span> <span class='ocrx_word' id='word_1_93' title='bbox 1049 716 1165 757; x_wconf 88' lang='lat' dir='ltr'>quibus</span> <span class='ocrx_word' id='word_1_94' title='bbox 1180 736 1319 759; x_wconf 76' lang='lat' dir='ltr'>Onerandus</span> <span class='ocrx_word' id='word_1_95' title='bbox 1330 737 1366 759; x_wconf 79' lang='lat' dir='ltr'>est</span> 
     </span>
     <span class='ocr_line' id='line_1_12' title="bbox 118 764 1328 806; baseline -0.001 -10"><span class='ocrx_word' id='word_1_96' title='bbox 118 764 301 796; x_wconf 74' lang='lat' dir='ltr'>onerabitur</span> <span class='ocrx_word' id='word_1_97' title='bbox 316 767 504 805; x_wconf 83' lang='lat' dir='ltr'>computans</span> <span class='ocrx_word' id='word_1_98' title='bbox 527 764 561 795; x_wconf 90' lang='lat' dir='ltr'>in</span> <span class='ocrx_word' id='word_1_99' title='bbox 585 765 730 805; x_wconf 84' lang='lat' dir='ltr'>proximo</span> <span class='ocrx_word' id='word_1_100' title='bbox 757 767 906 806; x_wconf 86' lang='lat' dir='ltr'>computo</span> <span class='ocrx_word' id='word_1_101' title='bbox 922 775 986 797; x_wconf 89' lang='lat' dir='ltr'>suo.</span> <span class='ocrx_word' id='word_1_102' title='bbox 1034 765 1166 797; x_wconf 86' lang='lat' dir='ltr'>Summa</span> <span class='ocrx_word' id='word_1_103' title='bbox 1180 768 1328 795; x_wconf 76' lang='lat' dir='ltr'>computans.</span> 
     </span>
     <span class='ocr_line' id='line_1_13' title="bbox 118 813 1166 855; baseline 0.001 -10"><span class='ocrx_word' id='word_1_104' title='bbox 118 814 215 855; x_wconf 81' lang='lat' dir='ltr'>hujus</span> <span class='ocrx_word' id='word_1_105' title='bbox 244 813 428 854; x_wconf 87' lang='lat' dir='ltr'>pendencie,</span> <span class='ocrx_word' id='word_1_106' title='bbox 450 813 599 854; x_wconf 81' lang='lat' dir='ltr'>lxxxxvij</span> <span class='ocrx_word' id='word_1_107' title='bbox 623 814 655 846; x_wconf 69' lang='grc' dir='ltr'>Η.</span> <span class='ocrx_word' id='word_1_108' title='bbox 687 813 754 854; x_wconf 83' lang='lat' dir='ltr'>xxij</span> <span class='ocrx_word' id='word_1_109' title='bbox 774 813 804 845; x_wconf 76' lang='lat' dir='ltr'>d.</span> <span class='ocrx_word' id='word_1_110' title='bbox 850 814 893 845; x_wconf 79' lang='lat' dir='ltr'>Et</span> <span class='ocrx_word' id='word_1_111' title='bbox 922 815 967 845; x_wconf 87' lang='lat' dir='ltr'>sic</span> <span class='ocrx_word' id='word_1_112' title='bbox 997 818 1120 846; x_wconf 75' lang='lat' dir='ltr'>restant:</span> <span class='ocrx_word' id='word_1_113' title='bbox 1139 813 1166 855; x_wconf 78' lang='lat' dir='ltr'>j⁰</span> 
     </span>
    </p>

    <p class='ocr_par' dir='ltr' id='par_1_9' title="bbox 118 862 1166 906">
     <span class='ocr_line' id='line_1_14' title="bbox 118 862 1166 906; baseline 0.002 -13"><span class='ocrx_word' id='word_1_114' title='bbox 118 863 184 904; x_wconf 87' lang='lat' dir='ltr'>xvij</span> <span class='ocrx_word' id='word_1_115' title='bbox 208 863 240 894; x_wconf 72' lang='lat' dir='ltr'>fi.</span> <span class='ocrx_word' id='word_1_116' title='bbox 265 874 287 893; x_wconf 82' lang='lat' dir='ltr'><strong>x</strong></span> <span class='ocrx_word' id='word_1_117' title='bbox 309 867 332 894; x_wconf 71' lang='grc' dir='ltr'>ἔ.</span> <span class='ocrx_word' id='word_1_118' title='bbox 355 863 400 904; x_wconf 82' lang='lat' dir='ltr'>vij</span> <span class='ocrx_word' id='word_1_119' title='bbox 425 862 465 900; x_wconf 68' lang='lat' dir='ltr'>d„</span> <span class='ocrx_word' id='word_1_120' title='bbox 491 866 598 904; x_wconf 89' lang='lat' dir='ltr'>preter</span> <span class='ocrx_word' id='word_1_121' title='bbox 624 867 742 895; x_wconf 86' lang='lat' dir='ltr'>martas</span> <span class='ocrx_word' id='word_1_122' title='bbox 767 867 799 895; x_wconf 88' lang='lat' dir='ltr'>et</span> <span class='ocrx_word' id='word_1_123' title='bbox 821 863 918 905; x_wconf 88' lang='lat' dir='ltr'>piper.</span> <span class='ocrx_word' id='word_1_124' title='bbox 964 865 1014 895; x_wconf 87' lang='lat' dir='ltr'>De</span> <span class='ocrx_word' id='word_1_125' title='bbox 1038 865 1166 906; x_wconf 83' lang='lat' dir='ltr'>quibus,</span> 
     </span>
    </p>
   </div>
   <div class='ocr_carea' id='block_1_3' title="bbox 69 912 1166 957">
    <p class='ocr_par' dir='ltr' id='par_1_10' title="bbox 69 912 1166 957">
     <span class='ocr_line' id='line_1_15' title="bbox 69 912 1166 957; baseline 0.001 -13"><span class='ocrx_word' id='word_1_126' title='bbox 69 953 74 957; x_wconf 87' lang='lat'>.</span> <span class='ocrx_word' id='word_1_127' title='bbox 119 912 253 944; x_wconf 85' lang='lat' dir='ltr'>allocate</span> <span class='ocrx_word' id='word_1_128' title='bbox 275 913 476 953; x_wconf 84' lang='lat' dir='ltr'>computanti</span> <span class='ocrx_word' id='word_1_129' title='bbox 501 922 558 955; x_wconf 88' lang='lat' dir='ltr'>per</span> <span class='ocrx_word' id='word_1_130' title='bbox 582 913 778 946; x_wconf 72' lang='lat' dir='ltr'>solucionem</span> <span class='ocrx_word' id='word_1_131' title='bbox 805 914 924 945; x_wconf 77' lang='lat' dir='ltr'>factam</span> <span class='ocrx_word' id='word_1_132' title='bbox 949 914 1059 945; x_wconf 88' lang='lat' dir='ltr'>Ectori</span> <span class='ocrx_word' id='word_1_133' title='bbox 1081 914 1166 945; x_wconf 86' lang='lat' dir='ltr'>Mel-</span> 
     </span>
    </p>
   </div>
   <div class='ocr_carea' id='block_1_4' title="bbox 120 962 1353 2144">
    <p class='ocr_par' dir='ltr' id='par_1_11' title="bbox 120 962 1168 1053">
     <span class='ocr_line' id='line_1_16' title="bbox 121 962 1165 1003; baseline 0.001 -10"><span class='ocrx_word' id='word_1_134' title='bbox 121 962 223 1000; x_wconf 88' lang='lat' dir='ltr'>drum,</span> <span class='ocrx_word' id='word_1_135' title='bbox 246 962 412 1003; x_wconf 83' lang='lat' dir='ltr'>clavigero,</span> <span class='ocrx_word' id='word_1_136' title='bbox 436 962 474 993; x_wconf 82' lang='lat' dir='ltr'>de</span> <span class='ocrx_word' id='word_1_137' title='bbox 497 962 597 994; x_wconf 87' lang='lat' dir='ltr'>firmis</span> <span class='ocrx_word' id='word_1_138' title='bbox 621 962 700 993; x_wconf 84' lang='lat' dir='ltr'>dicti</span> <span class='ocrx_word' id='word_1_139' title='bbox 723 963 858 996; x_wconf 80' lang='lat' dir='ltr'>dominii</span> <span class='ocrx_word' id='word_1_140' title='bbox 884 963 923 995; x_wconf 86' lang='lat' dir='ltr'>de</span> <span class='ocrx_word' id='word_1_141' title='bbox 947 964 1165 1001; x_wconf 88' lang='lat' dir='ltr'>Fethirkerne,</span> 
     </span>
     <span class='ocr_line' id='line_1_17' title="bbox 120 1012 1168 1053; baseline 0 -10"><span class='ocrx_word' id='word_1_142' title='bbox 120 1012 309 1053; x_wconf 78' lang='lat' dir='ltr'>percipienti</span> <span class='ocrx_word' id='word_1_143' title='bbox 325 1012 492 1044; x_wconf 86' lang='lat' dir='ltr'>annuatim</span> <span class='ocrx_word' id='word_1_144' title='bbox 516 1012 624 1043; x_wconf 89' lang='lat' dir='ltr'>decem</span> <span class='ocrx_word' id='word_1_145' title='bbox 647 1012 744 1043; x_wconf 82' lang='lat' dir='ltr'>libras</span> <span class='ocrx_word' id='word_1_146' title='bbox 768 1012 806 1045; x_wconf 88' lang='lat' dir='ltr'>de</span> <span class='ocrx_word' id='word_1_147' title='bbox 830 1013 954 1044; x_wconf 85' lang='lat' dir='ltr'>duobus</span> <span class='ocrx_word' id='word_1_148' title='bbox 978 1013 1070 1045; x_wconf 87' lang='lat' dir='ltr'>annis</span> <span class='ocrx_word' id='word_1_149' title='bbox 1094 1024 1168 1045; x_wconf 84' lang='lat' dir='ltr'>cum</span> 
     </span>
    </p>

    <p class='ocr_par' dir='ltr' id='par_1_12' title="bbox 121 1061 1168 1102">
     <span class='ocr_line' id='line_1_18' title="bbox 121 1061 1168 1102; baseline 0.002 -10"><span class='ocrx_word' id='word_1_150' title='bbox 121 1061 259 1093; x_wconf 86' lang='lat' dir='ltr'>dimideo</span> <span class='ocrx_word' id='word_1_151' title='bbox 275 1061 360 1093; x_wconf 81' lang='lat' dir='ltr'>infra</span> <span class='ocrx_word' id='word_1_152' title='bbox 375 1061 434 1092; x_wconf 91' lang='lat' dir='ltr'>hoc</span> <span class='ocrx_word' id='word_1_153' title='bbox 457 1064 644 1102; x_wconf 88' lang='lat' dir='ltr'>computum</span> <span class='ocrx_word' id='word_1_154' title='bbox 666 1061 705 1093; x_wconf 86' lang='lat' dir='ltr'>de</span> <span class='ocrx_word' id='word_1_155' title='bbox 729 1062 947 1100; x_wconf 88' lang='lat' dir='ltr'>Fethirkerne‚</span> <span class='ocrx_word' id='word_1_156' title='bbox 968 1073 1034 1094; x_wconf 76' lang='lat' dir='ltr'>xxv</span> <span class='ocrx_word' id='word_1_157' title='bbox 1049 1062 1080 1094; x_wconf 70' lang='lat'>11⁴.</span> <span class='ocrx_word' id='word_1_158' title='bbox 1126 1064 1168 1094; x_wconf 87' lang='lat' dir='ltr'>Et</span> 
     </span>
    </p>

    <p class='ocr_par' dir='ltr' id='par_1_13' title="bbox 122 1111 1167 1203">
     <span class='ocr_line' id='line_1_19' title="bbox 122 1111 1166 1152; baseline 0.002 -10"><span class='ocrx_word' id='word_1_159' title='bbox 122 1111 233 1148; x_wconf 86' lang='lat' dir='ltr'>eidem,</span> <span class='ocrx_word' id='word_1_160' title='bbox 250 1121 305 1152; x_wconf 86' lang='lat' dir='ltr'>per</span> <span class='ocrx_word' id='word_1_161' title='bbox 319 1111 545 1144; x_wconf 83' lang='lat' dir='ltr'>liberacionem</span> <span class='ocrx_word' id='word_1_162' title='bbox 561 1111 679 1143; x_wconf 83' lang='lat' dir='ltr'>factam</span> <span class='ocrx_word' id='word_1_163' title='bbox 695 1112 798 1143; x_wconf 86' lang='lat' dir='ltr'>eidem</span> <span class='ocrx_word' id='word_1_164' title='bbox 820 1112 937 1150; x_wconf 87' lang='lat' dir='ltr'>Ectori,</span> <span class='ocrx_word' id='word_1_165' title='bbox 953 1112 992 1143; x_wconf 87' lang='lat' dir='ltr'>de</span> <span class='ocrx_word' id='word_1_166' title='bbox 1015 1113 1166 1144; x_wconf 81' lang='lat' dir='ltr'>mandato</span> 
     </span>
     <span class='ocr_line' id='line_1_20' title="bbox 122 1160 1167 1203; baseline 0.002 -12"><span class='ocrx_word' id='word_1_167' title='bbox 122 1160 332 1198; x_wconf 87' lang='lat' dir='ltr'>dominorum,</span> <span class='ocrx_word' id='word_1_168' title='bbox 358 1160 443 1192; x_wconf 87' lang='lat' dir='ltr'>ultra</span> <span class='ocrx_word' id='word_1_169' title='bbox 465 1170 560 1192; x_wconf 85' lang='lat' dir='ltr'>suum</span> <span class='ocrx_word' id='word_1_170' title='bbox 583 1161 720 1198; x_wconf 83' lang='lat' dir='ltr'>feodum,</span> <span class='ocrx_word' id='word_1_171' title='bbox 743 1172 783 1192; x_wconf 87' lang='lat' dir='ltr'>ex</span> <span class='ocrx_word' id='word_1_172' title='bbox 807 1161 910 1203; x_wconf 79' lang='lat' dir='ltr'>gracia</span> <span class='ocrx_word' id='word_1_173' title='bbox 934 1162 1055 1194; x_wconf 88' lang='lat' dir='ltr'>domini</span> <span class='ocrx_word' id='word_1_174' title='bbox 1077 1162 1167 1203; x_wconf 82' lang='lat' dir='ltr'>regis,</span> 
     </span>
    </p>

    <p class='ocr_par' dir='ltr' id='par_1_14' title="bbox 121 1210 1166 1253">
     <span class='ocr_line' id='line_1_21' title="bbox 121 1210 1166 1253; baseline 0.001 -12"><span class='ocrx_word' id='word_1_175' title='bbox 121 1210 250 1241; x_wconf 88' lang='lat' dir='ltr'>domino</span> <span class='ocrx_word' id='word_1_176' title='bbox 264 1210 457 1243; x_wconf 82' lang='lat' dir='ltr'>thesaurario</span> <span class='ocrx_word' id='word_1_177' title='bbox 471 1213 608 1242; x_wconf 75' lang='lat' dir='ltr'>testante</span> <span class='ocrx_word' id='word_1_178' title='bbox 620 1211 855 1242; x_wconf 80' lang='lat' dir='ltr'>concessionem</span> <span class='ocrx_word' id='word_1_179' title='bbox 865 1221 960 1252; x_wconf 88' lang='lat' dir='ltr'>super</span> <span class='ocrx_word' id='word_1_180' title='bbox 971 1215 1166 1253; x_wconf 85' lang='lat' dir='ltr'>computum,</span> 
     </span>
    </p>

    <p class='ocr_par' dir='ltr' id='par_1_15' title="bbox 120 1259 1345 1500">
     <span class='ocr_line' id='line_1_22' title="bbox 121 1259 1165 1300; baseline 0.002 -10"><span class='ocrx_word' id='word_1_181' title='bbox 121 1259 155 1290; x_wconf 88' lang='lat' dir='ltr'>xl</span> <span class='ocrx_word' id='word_1_182' title='bbox 179 1264 202 1291; x_wconf 74' lang='lat' dir='ltr'>s.</span> <span class='ocrx_word' id='word_1_183' title='bbox 248 1260 290 1290; x_wconf 84' lang='lat' dir='ltr'>Et</span> <span class='ocrx_word' id='word_1_184' title='bbox 319 1259 431 1296; x_wconf 86' lang='lat' dir='ltr'>eidem,</span> <span class='ocrx_word' id='word_1_185' title='bbox 461 1270 517 1300; x_wconf 87' lang='lat' dir='ltr'>per</span> <span class='ocrx_word' id='word_1_186' title='bbox 546 1259 741 1292; x_wconf 83' lang='lat' dir='ltr'>solucionem</span> <span class='ocrx_word' id='word_1_187' title='bbox 771 1260 889 1293; x_wconf 77' lang='lat' dir='ltr'>factam</span> <span class='ocrx_word' id='word_1_188' title='bbox 920 1260 1005 1292; x_wconf 85' lang='lat' dir='ltr'>dicto</span> <span class='ocrx_word' id='word_1_189' title='bbox 1036 1261 1165 1292; x_wconf 85' lang='lat' dir='ltr'>domino</span> 
     </span>
     <span class='ocr_line' id='line_1_23' title="bbox 120 1307 1345 1360; baseline 0.002 -21"><span class='ocrx_word' id='word_1_190' title='bbox 120 1308 325 1345; x_wconf 85' lang='lat' dir='ltr'>thesaurario,</span> <span class='ocrx_word' id='word_1_191' title='bbox 340 1308 457 1339; x_wconf 77' lang='lat' dir='ltr'>fatenti</span> <span class='ocrx_word' id='word_1_192' title='bbox 471 1311 635 1349; x_wconf 88' lang='lat' dir='ltr'>receptum</span> <span class='ocrx_word' id='word_1_193' title='bbox 657 1318 754 1349; x_wconf 86' lang='lat' dir='ltr'>super</span> <span class='ocrx_word' id='word_1_194' title='bbox 776 1313 972 1350; x_wconf 86' lang='lat' dir='ltr'>computum,</span> <span class='ocrx_word' id='word_1_195' title='bbox 988 1310 1033 1350; x_wconf 82' lang='lat' dir='ltr'>xij</span> <span class='ocrx_word' id='word_1_196' title='bbox 1052 1310 1094 1347; x_wconf 58' lang='lat' dir='ltr'>nl,</span> <span class='ocrx_word' id='word_1_197' title='bbox 1110 1320 1165 1351; x_wconf 90' lang='lat' dir='ltr'>pro</span> <span class='ocrx_word' id='word_1_198' title='bbox 1180 1308 1230 1360; x_wconf 46' lang='lat' dir='ltr'>gfff</span> <span class='ocrx_word' id='word_1_199' title='bbox 1246 1307 1345 1359; x_wconf 52' lang='grc' dir='ltr'><strong>ἳξᾶξξὲθ</strong></span> 
     </span>
     <span class='ocr_line' id='line_1_24' title="bbox 121 1354 1306 1399; baseline 0 -11"><span class='ocrx_word' id='word_1_200' title='bbox 121 1357 237 1399; x_wconf 87' lang='lat' dir='ltr'>quibus</span> <span class='ocrx_word' id='word_1_201' title='bbox 262 1357 473 1398; x_wconf 76' lang='lat' dir='ltr'>respondebit.</span> <span class='ocrx_word' id='word_1_202' title='bbox 519 1358 561 1389; x_wconf 87' lang='lat' dir='ltr'>Et</span> <span class='ocrx_word' id='word_1_203' title='bbox 591 1358 799 1399; x_wconf 87' lang='lat' dir='ltr'>computanti,</span> <span class='ocrx_word' id='word_1_204' title='bbox 828 1369 886 1399; x_wconf 91' lang='lat' dir='ltr'>pro</span> <span class='ocrx_word' id='word_1_205' title='bbox 917 1359 1008 1390; x_wconf 80' lang='lat' dir='ltr'>feodo</span> <span class='ocrx_word' id='word_1_206' title='bbox 1039 1370 1095 1390; x_wconf 87' lang='lat' dir='ltr'>suo</span> <span class='ocrx_word' id='word_1_207' title='bbox 1127 1360 1166 1390; x_wconf 91' lang='lat' dir='ltr'>de</span> <span class='ocrx_word' id='word_1_208' title='bbox 1180 1354 1306 1390; x_wconf 49' lang='lat' dir='ltr'>samarius.</span> 
     </span>
     <span class='ocr_line' id='line_1_25' title="bbox 120 1406 1168 1448; baseline 0.001 -9"><span class='ocrx_word' id='word_1_209' title='bbox 120 1407 343 1448; x_wconf 82' lang='lat' dir='ltr'>suprascriptis</span> <span class='ocrx_word' id='word_1_210' title='bbox 373 1406 532 1444; x_wconf 84' lang='lat' dir='ltr'>dominiis,</span> <span class='ocrx_word' id='word_1_211' title='bbox 563 1417 603 1438; x_wconf 83' lang='lat' dir='ltr'>ex</span> <span class='ocrx_word' id='word_1_212' title='bbox 633 1407 815 1438; x_wconf 87' lang='lat' dir='ltr'>auditorum</span> <span class='ocrx_word' id='word_1_213' title='bbox 845 1408 1100 1440; x_wconf 82' lang='lat' dir='ltr'>consideracione</span> <span class='ocrx_word' id='word_1_214' title='bbox 1127 1409 1168 1440; x_wconf 88' lang='lat' dir='ltr'>ad</span> 
     </span>
     <span class='ocr_line' id='line_1_26' title="bbox 120 1455 1167 1500; baseline 0.003 -13"><span class='ocrx_word' id='word_1_215' title='bbox 120 1459 297 1497; x_wconf 85' lang='lat' dir='ltr'>presens‚et</span> <span class='ocrx_word' id='word_1_216' title='bbox 308 1456 471 1497; x_wconf 83' lang='lat' dir='ltr'>signanter</span> <span class='ocrx_word' id='word_1_217' title='bbox 481 1466 539 1497; x_wconf 90' lang='lat' dir='ltr'>pro</span> <span class='ocrx_word' id='word_1_218' title='bbox 550 1455 690 1487; x_wconf 90' lang='lat' dir='ltr'>dominio</span> <span class='ocrx_word' id='word_1_219' title='bbox 700 1456 739 1488; x_wconf 88' lang='lat' dir='ltr'>de</span> <span class='ocrx_word' id='word_1_220' title='bbox 752 1457 1013 1496; x_wconf 83' lang='lat' dir='ltr'>Fethirkerne‚de</span> <span class='ocrx_word' id='word_1_221' title='bbox 1024 1459 1167 1500; x_wconf 85' lang='lat' dir='ltr'>quinque</span> 
     </span>
    </p>

    <p class='ocr_par' dir='ltr' id='par_1_16' title="bbox 121 1505 1168 1589">
     <span class='ocr_line' id='line_1_27' title="bbox 121 1505 1168 1549; baseline 0.001 -11"><span class='ocrx_word' id='word_1_222' title='bbox 121 1505 269 1538; x_wconf 88' lang='lat' dir='ltr'>terminis</span> <span class='ocrx_word' id='word_1_223' title='bbox 285 1505 394 1536; x_wconf 89' lang='lat' dir='ltr'>decem</span> <span class='ocrx_word' id='word_1_224' title='bbox 409 1515 523 1544; x_wconf 84' lang='lat' dir='ltr'>marce,</span> <span class='ocrx_word' id='word_1_225' title='bbox 540 1505 595 1546; x_wconf 82' lang='lat' dir='ltr'>xiij</span> <span class='ocrx_word' id='word_1_226' title='bbox 612 1505 644 1536; x_wconf 75' lang='lat' dir='ltr'>fi.</span> <span class='ocrx_word' id='word_1_227' title='bbox 668 1506 700 1546; x_wconf 83' lang='lat' dir='ltr'>vj</span> <span class='ocrx_word' id='word_1_228' title='bbox 718 1510 739 1537; x_wconf 70' lang='lat' dir='ltr'>s.</span> <span class='ocrx_word' id='word_1_229' title='bbox 764 1506 819 1547; x_wconf 82' lang='lat' dir='ltr'>viij</span> <span class='ocrx_word' id='word_1_230' title='bbox 837 1506 867 1539; x_wconf 78' lang='lat' dir='ltr'>d.</span> <span class='ocrx_word' id='word_1_231' title='bbox 911 1507 954 1538; x_wconf 91' lang='lat' dir='ltr'>Et</span> <span class='ocrx_word' id='word_1_232' title='bbox 977 1508 1089 1545; x_wconf 86' lang='lat' dir='ltr'>eidem,</span> <span class='ocrx_word' id='word_1_233' title='bbox 1111 1519 1168 1549; x_wconf 88' lang='lat' dir='ltr'>per</span> 
     </span>
     <span class='ocr_line' id='line_1_28' title="bbox 122 1554 1167 1589; baseline 0.004 -4"><span class='ocrx_word' id='word_1_234' title='bbox 122 1554 317 1586; x_wconf 84' lang='lat' dir='ltr'>solucionem</span> <span class='ocrx_word' id='word_1_235' title='bbox 336 1555 454 1586; x_wconf 77' lang='lat' dir='ltr'>factam</span> <span class='ocrx_word' id='word_1_236' title='bbox 478 1555 563 1586; x_wconf 86' lang='lat' dir='ltr'>dicto</span> <span class='ocrx_word' id='word_1_237' title='bbox 586 1555 782 1587; x_wconf 82' lang='lat' dir='ltr'>thesaurario</span> <span class='ocrx_word' id='word_1_238' title='bbox 805 1556 838 1587; x_wconf 90' lang='lat' dir='ltr'>in</span> <span class='ocrx_word' id='word_1_239' title='bbox 862 1557 955 1588; x_wconf 84' lang='lat' dir='ltr'>certis</span> <span class='ocrx_word' id='word_1_240' title='bbox 979 1558 1167 1589; x_wconf 86' lang='lat' dir='ltr'>carbonibus</span> 
     </span>
    </p>

    <p class='ocr_par' dir='ltr' id='par_1_17' title="bbox 121 1606 1346 1797">
     <span class='ocr_line' id='line_1_29' title="bbox 122 1606 1168 1650; baseline 0.003 -12"><span class='ocrx_word' id='word_1_241' title='bbox 122 1609 154 1638; x_wconf 90' lang='lat' dir='ltr'>et</span> <span class='ocrx_word' id='word_1_242' title='bbox 178 1606 248 1638; x_wconf 81' lang='lat' dir='ltr'>aliis</span> <span class='ocrx_word' id='word_1_243' title='bbox 275 1606 422 1647; x_wconf 82' lang='lat' dir='ltr'>expensis</span> <span class='ocrx_word' id='word_1_244' title='bbox 446 1606 574 1638; x_wconf 88' lang='lat' dir='ltr'>intratis</span> <span class='ocrx_word' id='word_1_245' title='bbox 597 1617 653 1648; x_wconf 86' lang='lat' dir='ltr'>per</span> <span class='ocrx_word' id='word_1_246' title='bbox 680 1611 927 1648; x_wconf 82' lang='lat' dir='ltr'>computantem,</span> <span class='ocrx_word' id='word_1_247' title='bbox 953 1609 1022 1650; x_wconf 87' lang='lat' dir='ltr'>ipso</span> <span class='ocrx_word' id='word_1_248' title='bbox 1047 1609 1168 1641; x_wconf 80' lang='lat' dir='ltr'>fatente</span> 
     </span>
     <span class='ocr_line' id='line_1_30' title="bbox 121 1657 1346 1710; baseline 0.002 -22"><span class='ocrx_word' id='word_1_249' title='bbox 121 1659 283 1697; x_wconf 85' lang='lat' dir='ltr'>receptum</span> <span class='ocrx_word' id='word_1_250' title='bbox 300 1666 395 1697; x_wconf 84' lang='lat' dir='ltr'>super</span> <span class='ocrx_word' id='word_1_251' title='bbox 410 1660 605 1697; x_wconf 87' lang='lat' dir='ltr'>computum,</span> <span class='ocrx_word' id='word_1_252' title='bbox 621 1657 676 1698; x_wconf 88' lang='lat' dir='ltr'>viij</span> <span class='ocrx_word' id='word_1_253' title='bbox 693 1657 725 1689; x_wconf 72' lang='lat' dir='ltr'>fi.</span> <span class='ocrx_word' id='word_1_254' title='bbox 743 1657 796 1698; x_wconf 81' lang='lat' dir='ltr'>xvj</span> <span class='ocrx_word' id='word_1_255' title='bbox 814 1662 837 1689; x_wconf 72' lang='lat' dir='ltr'>s.</span> <span class='ocrx_word' id='word_1_256' title='bbox 854 1657 909 1698; x_wconf 86' lang='lat' dir='ltr'>viij</span> <span class='ocrx_word' id='word_1_257' title='bbox 928 1657 967 1696; x_wconf 68' lang='lat' dir='ltr'>d„</span> <span class='ocrx_word' id='word_1_258' title='bbox 978 1669 1034 1700; x_wconf 88' lang='lat' dir='ltr'>pro</span> <span class='ocrx_word' id='word_1_259' title='bbox 1051 1659 1167 1700; x_wconf 88' lang='lat' dir='ltr'>quibus</span> <span class='ocrx_word' id='word_1_260' title='bbox 1183 1659 1231 1710; x_wconf 54' lang='lat' dir='ltr'>(nest</span> <span class='ocrx_word' id='word_1_261' title='bbox 1248 1658 1346 1710; x_wconf 47' lang='lat' dir='ltr'>0¹¹3ssth</span> 
     </span>
     <span class='ocr_line' id='line_1_31' title="bbox 121 1695 1346 1747; baseline 0.003 -10"><span class='ocrx_word' id='word_1_262' title='bbox 121 1705 331 1746; x_wconf 84' lang='lat' dir='ltr'>respondebit.</span> <span class='ocrx_word' id='word_1_263' title='bbox 376 1706 420 1737; x_wconf 89' lang='lat' dir='ltr'>Et</span> <span class='ocrx_word' id='word_1_264' title='bbox 434 1706 546 1744; x_wconf 88' lang='lat' dir='ltr'>eidem,</span> <span class='ocrx_word' id='word_1_265' title='bbox 562 1717 618 1747; x_wconf 84' lang='lat' dir='ltr'>per</span> <span class='ocrx_word' id='word_1_266' title='bbox 636 1707 736 1738; x_wconf 87' lang='lat' dir='ltr'>firmis</span> <span class='ocrx_word' id='word_1_267' title='bbox 759 1707 859 1738; x_wconf 87' lang='lat' dir='ltr'>trium</span> <span class='ocrx_word' id='word_1_268' title='bbox 882 1708 1057 1745; x_wconf 88' lang='lat' dir='ltr'>domorum,</span> <span class='ocrx_word' id='word_1_269' title='bbox 1080 1709 1164 1739; x_wconf 84' lang='lat' dir='ltr'>vidc—</span> <span class='ocrx_word' id='word_1_270' title='bbox 1182 1695 1346 1741; x_wconf 38' lang='lat' dir='ltr'>sllsssmihsfw</span> 
     </span>
     <span class='ocr_line' id='line_1_32' title="bbox 121 1755 1168 1797; baseline 0.003 -11"><span class='ocrx_word' id='word_1_271' title='bbox 121 1755 197 1788; x_wconf 88' lang='lat' dir='ltr'>licet</span> <span class='ocrx_word' id='word_1_272' title='bbox 211 1755 390 1793; x_wconf 81' lang='lat' dir='ltr'>lardinarie,</span> <span class='ocrx_word' id='word_1_273' title='bbox 413 1756 604 1793; x_wconf 83' lang='lat' dir='ltr'>carbonarie‚</span> <span class='ocrx_word' id='word_1_274' title='bbox 620 1758 652 1787; x_wconf 81' lang='lat' dir='ltr'>et</span> <span class='ocrx_word' id='word_1_275' title='bbox 672 1756 820 1797; x_wconf 77' lang='lat' dir='ltr'>granaiis,</span> <span class='ocrx_word' id='word_1_276' title='bbox 841 1757 875 1787; x_wconf 92' lang='lat' dir='ltr'>in</span> <span class='ocrx_word' id='word_1_277' title='bbox 897 1757 975 1789; x_wconf 86' lang='lat' dir='ltr'>villa</span> <span class='ocrx_word' id='word_1_278' title='bbox 999 1757 1038 1789; x_wconf 87' lang='lat' dir='ltr'>de</span> <span class='ocrx_word' id='word_1_279' title='bbox 1061 1758 1168 1795; x_wconf 70' lang='lat' dir='ltr'>Pei-th,</span> 
     </span>
    </p>

    <p class='ocr_par' dir='ltr' id='par_1_18' title="bbox 121 1804 1167 1849">
     <span class='ocr_line' id='line_1_33' title="bbox 121 1804 1167 1849; baseline 0.003 -14"><span class='ocrx_word' id='word_1_280' title='bbox 121 1815 178 1848; x_wconf 87' lang='lat' dir='ltr'>pro</span> <span class='ocrx_word' id='word_1_281' title='bbox 193 1804 386 1836; x_wconf 76' lang='lat' dir='ltr'>victualibus</span> <span class='ocrx_word' id='word_1_282' title='bbox 403 1805 627 1836; x_wconf 80' lang='lat' dir='ltr'>conservandis</span> <span class='ocrx_word' id='word_1_283' title='bbox 643 1805 681 1836; x_wconf 85' lang='lat' dir='ltr'>de</span> <span class='ocrx_word' id='word_1_284' title='bbox 698 1816 781 1836; x_wconf 89' lang='lat' dir='ltr'>anno</span> <span class='ocrx_word' id='word_1_285' title='bbox 798 1807 948 1849; x_wconf 82' lang='lat' dir='ltr'>computi,</span> <span class='ocrx_word' id='word_1_286' title='bbox 963 1806 1010 1847; x_wconf 86' lang='lat' dir='ltr'>liij</span> <span class='ocrx_word' id='word_1_287' title='bbox 1028 1811 1050 1838; x_wconf 78' lang='lat' dir='ltr'>s.</span> <span class='ocrx_word' id='word_1_288' title='bbox 1074 1807 1120 1848; x_wconf 84' lang='lat' dir='ltr'>iiij</span> <span class='ocrx_word' id='word_1_289' title='bbox 1138 1807 1167 1838; x_wconf 76' lang='lat' dir='ltr'>d.</span> 
     </span>
    </p>

    <p class='ocr_par' dir='ltr' id='par_1_19' title="bbox 121 1855 1168 1896">
     <span class='ocr_line' id='line_1_34' title="bbox 121 1855 1168 1896; baseline 0.002 -10"><span class='ocrx_word' id='word_1_290' title='bbox 121 1855 164 1886; x_wconf 90' lang='lat' dir='ltr'>Et</span> <span class='ocrx_word' id='word_1_291' title='bbox 175 1855 286 1892; x_wconf 86' lang='lat' dir='ltr'>eidem,</span> <span class='ocrx_word' id='word_1_292' title='bbox 296 1865 353 1896; x_wconf 86' lang='lat' dir='ltr'>pro</span> <span class='ocrx_word' id='word_1_293' title='bbox 366 1855 513 1886; x_wconf 87' lang='lat' dir='ltr'>secundis</span> <span class='ocrx_word' id='word_1_294' title='bbox 526 1855 657 1886; x_wconf 86' lang='lat' dir='ltr'>decimis</span> <span class='ocrx_word' id='word_1_295' title='bbox 668 1855 746 1887; x_wconf 87' lang='lat' dir='ltr'>dicti</span> <span class='ocrx_word' id='word_1_296' title='bbox 758 1855 892 1889; x_wconf 87' lang='lat' dir='ltr'>dominii</span> <span class='ocrx_word' id='word_1_297' title='bbox 902 1856 940 1887; x_wconf 89' lang='lat' dir='ltr'>de</span> <span class='ocrx_word' id='word_1_298' title='bbox 951 1856 1168 1894; x_wconf 84' lang='lat' dir='ltr'>Fethirkerne,</span> 
     </span>
    </p>

    <p class='ocr_par' dir='ltr' id='par_1_20' title="bbox 121 1904 1167 1949">
     <span class='ocr_line' id='line_1_35' title="bbox 121 1904 1167 1949; baseline 0.002 -14"><span class='ocrx_word' id='word_1_299' title='bbox 121 1915 200 1947; x_wconf 89' lang='lat' dir='ltr'>quas</span> <span class='ocrx_word' id='word_1_300' title='bbox 223 1904 375 1937; x_wconf 84' lang='lat' dir='ltr'>clamavit</span> <span class='ocrx_word' id='word_1_301' title='bbox 404 1904 552 1938; x_wconf 86' lang='lat' dir='ltr'>dominus</span> <span class='ocrx_word' id='word_1_302' title='bbox 576 1905 731 1946; x_wconf 84' lang='lat' dir='ltr'>Georgius</span> <span class='ocrx_word' id='word_1_303' title='bbox 754 1905 920 1949; x_wconf 88' lang='lat' dir='ltr'>episcopus</span> <span class='ocrx_word' id='word_1_304' title='bbox 944 1905 1167 1938; x_wconf 79' lang='lat' dir='ltr'>Erechinensis</span> 
     </span>
    </p>

    <p class='ocr_par' dir='ltr' id='par_1_21' title="bbox 121 1954 1168 1995">
     <span class='ocr_line' id='line_1_36' title="bbox 121 1954 1168 1995; baseline 0.001 -10"><span class='ocrx_word' id='word_1_305' title='bbox 121 1954 253 1986; x_wconf 85' lang='lat' dir='ltr'>ecclesie</span> <span class='ocrx_word' id='word_1_306' title='bbox 277 1964 333 1985; x_wconf 88' lang='lat' dir='ltr'>sue</span> <span class='ocrx_word' id='word_1_307' title='bbox 359 1956 501 1994; x_wconf 86' lang='lat' dir='ltr'>spectare</span> <span class='ocrx_word' id='word_1_308' title='bbox 531 1957 563 1985; x_wconf 91' lang='lat' dir='ltr'>et</span> <span class='ocrx_word' id='word_1_309' title='bbox 593 1954 633 1985; x_wconf 85' lang='lat' dir='ltr'>ad</span> <span class='ocrx_word' id='word_1_310' title='bbox 663 1954 807 1995; x_wconf 87' lang='lat' dir='ltr'>proprias</span> <span class='ocrx_word' id='word_1_311' title='bbox 838 1964 951 1986; x_wconf 86' lang='lat' dir='ltr'>manus</span> <span class='ocrx_word' id='word_1_312' title='bbox 980 1955 1099 1995; x_wconf 86' lang='lat' dir='ltr'>recepit</span> <span class='ocrx_word' id='word_1_313' title='bbox 1129 1955 1168 1986; x_wconf 89' lang='lat' dir='ltr'>de</span> 
     </span>
    </p>

    <p class='ocr_par' dir='ltr' id='par_1_22' title="bbox 121 1988 1353 2093">
     <span class='ocr_line' id='line_1_37' title="bbox 121 1988 1353 2045; baseline 0.005 -11"><span class='ocrx_word' id='word_1_314' title='bbox 121 2006 259 2045; x_wconf 88' lang='lat' dir='ltr'>quatuor</span> <span class='ocrx_word' id='word_1_315' title='bbox 273 2004 385 2044; x_wconf 85' lang='lat' dir='ltr'>primis</span> <span class='ocrx_word' id='word_1_316' title='bbox 400 2003 546 2035; x_wconf 85' lang='lat' dir='ltr'>terminis</span> <span class='ocrx_word' id='word_1_317' title='bbox 562 2003 657 2044; x_wconf 85' lang='lat' dir='ltr'>hujus</span> <span class='ocrx_word' id='word_1_318' title='bbox 674 2004 824 2045; x_wconf 85' lang='lat' dir='ltr'>computi,</span> <span class='ocrx_word' id='word_1_319' title='bbox 841 2004 908 2045; x_wconf 78' lang='lat' dir='ltr'>xiiij</span> <span class='ocrx_word' id='word_1_320' title='bbox 922 2003 953 2034; x_wconf 72' lang='lat' dir='ltr'>fi.</span> <span class='ocrx_word' id='word_1_321' title='bbox 968 2004 1035 2045; x_wconf 79' lang='lat' dir='ltr'>xiiij</span> <span class='ocrx_word' id='word_1_322' title='bbox 1050 2008 1072 2036; x_wconf 69' lang='grc' dir='ltr'>ἒ.</span> <span class='ocrx_word' id='word_1_323' title='bbox 1085 2005 1116 2045; x_wconf 86' lang='lat' dir='ltr'>vj</span> <span class='ocrx_word' id='word_1_324' title='bbox 1129 2005 1167 2043; x_wconf 58' lang='lat' dir='ltr'>d„</span> <span class='ocrx_word' id='word_1_325' title='bbox 1181 1988 1246 2041; x_wconf 51' lang='lat'>{31²</span> <span class='ocrx_word' id='word_1_326' title='bbox 1257 1989 1353 2011; x_wconf 70' lang='lat' dir='ltr'>manua-</span> 
     </span>
     <span class='ocr_line' id='line_1_38' title="bbox 122 2052 1169 2093; baseline 0.001 -9"><span class='ocrx_word' id='word_1_327' title='bbox 122 2056 156 2084; x_wconf 87' lang='lat' dir='ltr'>et</span> <span class='ocrx_word' id='word_1_328' title='bbox 179 2052 353 2093; x_wconf 86' lang='lat' dir='ltr'>precipitur</span> <span class='ocrx_word' id='word_1_329' title='bbox 383 2053 583 2092; x_wconf 84' lang='lat' dir='ltr'>computanti</span> <span class='ocrx_word' id='word_1_330' title='bbox 618 2055 776 2093; x_wconf 78' lang='lat' dir='ltr'>quatenus</span> <span class='ocrx_word' id='word_1_331' title='bbox 802 2052 939 2093; x_wconf 84' lang='lat' dir='ltr'>amplius</span> <span class='ocrx_word' id='word_1_332' title='bbox 970 2063 1034 2084; x_wconf 90' lang='lat' dir='ltr'>non</span> <span class='ocrx_word' id='word_1_333' title='bbox 1065 2054 1169 2085; x_wconf 88' lang='lat' dir='ltr'>solvat</span> 
     </span>
    </p>

    <p class='ocr_par' dir='ltr' id='par_1_23' title="bbox 123 2100 1167 2144">
     <span class='ocr_line' id='line_1_39' title="bbox 123 2100 1167 2144; baseline 0.002 -10"><span class='ocrx_word' id='word_1_334' title='bbox 123 2102 186 2134; x_wconf 88' lang='lat' dir='ltr'>nisi</span> <span class='ocrx_word' id='word_1_335' title='bbox 203 2102 331 2133; x_wconf 78' lang='lat' dir='ltr'>futurus</span> <span class='ocrx_word' id='word_1_336' title='bbox 347 2100 491 2144; x_wconf 75' lang='lat' dir='ltr'>pontifex</span> <span class='ocrx_word' id='word_1_337' title='bbox 514 2100 661 2135; x_wconf 85' lang='lat' dir='ltr'>ostendat</span> <span class='ocrx_word' id='word_1_338' title='bbox 673 2101 727 2142; x_wconf 79' lang='lat' dir='ltr'>jus</span> <span class='ocrx_word' id='word_1_339' title='bbox 743 2101 882 2135; x_wconf 80' lang='lat' dir='ltr'>habendi</span> <span class='ocrx_word' id='word_1_340' title='bbox 897 2101 998 2135; x_wconf 80' lang='lat' dir='ltr'>dictas</span> <span class='ocrx_word' id='word_1_341' title='bbox 1022 2102 1167 2136; x_wconf 86' lang='lat' dir='ltr'>decimas.</span> 
     </span>
    </p>
   </div>
  </div>
 </body>
</html>
