1551 2462
359 342 421 372 488
672 340 838 373 ROTULI
862 340 1101 373 SOAOCARH
1323 344 1336 371 1
1344 342 1414 373 467.

356 433 473 465 ultimo
510 434 647 466 termino
677 434 774 476 hujus
805 434 957 476 computi,
987 445 1027 466 ex
1063 445 1100 466 eo
1138 434 1224 475 quod
1262 433 1410 466 dominus

358 484 565 517 cancellarius
589 485 764 516 intromisit
787 495 861 516 cum
877 485 999 516 eisdem
1023 488 1056 516 et
1079 484 1191 516 reddet
1214 487 1411 526 computum,

358 534 398 565 de
414 535 499 566 dicto
514 535 661 572 termino,
678 546 723 566 xx
738 535 771 567 fi.
815 535 858 566 Et
874 535 987 572 eidem,
1002 544 1059 575 per
1074 534 1279 567 solucionem?
1293 534 1413 565 factam

357 595 446 616 maro
463 585 501 616 de
525 585 676 616 Menteth
696 595 753 626 pro
777 585 869 616 feodo
893 595 950 616 suo
973 584 1012 615 de
1036 584 1130 616 dictis
1153 585 1308 622 terminis,
1330 585 1365 615 ix
1379 584 1413 616 li.

358 634 390 675 vj
408 638 431 665 ἔ,
447 634 504 675 viij
522 634 550 665 d.
596 635 639 665 Et
654 634 767 672 eidem,
782 645 840 675 pro
861 634 956 665 certis
980 634 1238 675 reparacionibus
1261 634 1355 666 factis
1377 634 1413 665 in

358 687 462 715 castro
500 684 539 715 de
576 684 683 721 Doun,
713 683 865 715 videlicet
894 684 996 714 tribus
1028 683 1119 715 novis
1150 683 1251 724 portis
1283 683 1410 725 ligneis,

357 733 461 764 tribus
477 733 638 765 cubilibus
654 733 777 775 ligneis,
793 733 1036 775 quadringentis
1051 734 1246 775 ponderibus
1264 737 1412 775 petarum

356 783 470 814 locatis
500 783 535 814 in
566 783 651 814 dicto
682 783 760 821 loco,
791 787 823 815 et
852 783 1055 815 edificacione
1087 783 1212 814 brasine
1235 783 1271 813 in
1300 783 1412 814 eodem

356 837 467 870 castro,
498 843 535 864 ac
565 833 768 874 reparacione
798 833 877 864 dicti
907 833 1003 864 castri
1032 833 1067 864 in
1097 833 1223 874 tegulis,
1254 833 1349 870 calce¹
1380 835 1413 864 et

356 883 464 914 sabolo
481 893 537 923 pro
553 883 756 923 reparacione
773 883 926 924 ejusdem,
943 893 979 914 ac
997 883 1166 924 stipendiis
1188 883 1407 914 laborancium

356 932 475 963 ferrum
507 932 547 963 ad
570 935 678 963 vectes
703 936 736 963 et
761 932 866 964 claves
894 936 990 973 atque
1017 943 1111 969 seras,
1135 937 1230 973 prout
1259 936 1350 974 patet
1375 933 1411 963 in

356 982 470 1013 cedula
493 982 710 1022 computantis
733 982 969 1023 particulariter
992 983 1175 1013 examinata
1201 992 1296 1023 super
1326 993 1411 1013 com-

356 1035 482 1073 putum,
497 1032 576 1073 xviij
594 1032 626 1063 li.
643 1032 698 1073 viij
717 1036 739 1063 s.
758 1032 812 1073 viij
830 1032 860 1063 d.
905 1032 948 1063 Et
964 1032 1076 1070 eidem,
1092 1043 1149 1073 pro
1166 1031 1311 1064 custodia
1333 1031 1412 1063 dicti

357 1084 454 1115 castri
469 1084 508 1115 de
524 1084 641 1115 Doune
657 1084 718 1115 sibi
734 1094 884 1115 concessa
903 1084 1080 1122 annuatim,
1096 1084 1286 1125 percipienti
1308 1094 1410 1115 annu-

357 1134 437 1164 atim
453 1133 665 1174 quadraginta
688 1137 844 1165 marcatas
867 1137 1023 1165 terrarum
1053 1134 1150 1165 ballie
1173 1144 1238 1171 sue,
1258 1133 1410 1165 videlicet

357 1182 601 1224 Garthingaber‚
627 1183 765 1225 Argady,
788 1183 1008 1214 molendium
1035 1183 1074 1214 de
1099 1184 1196 1215 Doun
1219 1187 1252 1215 et
1274 1183 1410 1224 piscaria

357 1233 514 1264 croiarum
528 1233 680 1274 ejusdem,
690 1233 842 1264 solvendo
854 1236 963 1264 tamen
976 1243 1032 1274 pro
1045 1233 1164 1271 eadem,
1174 1234 1256 1265 sicut
1269 1233 1325 1265 alii
1334 1244 1410 1265 con-

356 1283 523 1314 stabularii
536 1284 658 1314 solvere
672 1286 903 1315 consueverant
915 1294 971 1324 pro
982 1284 1102 1321 eadem,
1115 1283 1153 1315 de
1166 1283 1311 1315 terminis
1324 1294 1409 1315 com-

355 1333 436 1374 puti,
447 1333 586 1374 lxxxxiij
603 1333 636 1365 li.
653 1334 684 1374 vj
703 1337 725 1364 ἔ.
743 1333 798 1373 viij
817 1333 846 1365 d.
892 1334 934 1364 Et
949 1333 1063 1370 eidem,
1080 1333 1119 1364 de
1138 1334 1234 1364 firmis
1250 1333 1410 1365 dictarum

355 1387 511 1413 terrarum
528 1383 566 1414 de
583 1383 741 1424 Duchray,
755 1383 923 1424 assignatis
936 1383 1021 1415 dicte
1031 1383 1201 1415 Elizabeth
1216 1383 1255 1414 de
1271 1383 1408 1414 Dunbar

354 1442 395 1463 ex
411 1442 507 1463 causa
536 1432 760 1474 suprascripta,
776 1433 815 1464 de
840 1433 964 1465 duobus
988 1433 1112 1465 ultimis
1137 1433 1282 1464 terminis
1310 1432 1408 1474 hujus

354 1482 506 1522 computi,
523 1492 545 1512 x
559 1482 591 1513 fi.
638 1482 681 1513 Et
697 1482 808 1519 eidem,
825 1482 864 1514 de
886 1483 986 1514 firmis
1002 1486 1158 1514 terrarum
1175 1483 1214 1514 de
1236 1483 1410 1514 Neutoune

354 1531 393 1562 de
424 1531 541 1562 Doune
571 1532 789 1562 assedatarum
820 1532 962 1563 Waltero
993 1532 1150 1563 Galbrath
1181 1543 1237 1573 pro
1275 1532 1409 1564 dimidia

354 1582 498 1623 ejusdem
520 1593 577 1623 pro
601 1585 738 1623 quatuor
761 1584 875 1614 marcis
898 1587 931 1614 et
953 1594 1018 1614 una
1040 1583 1148 1615 celdra
1170 1594 1354 1622 avenarum,
1377 1587 1410 1615 et

353 1631 417 1662 alia
432 1631 586 1663 medietas
602 1632 755 1663 asseritur
765 1632 903 1664 assedari
915 1633 935 1664 J
938 1633 1035 1663 acobo
1046 1632 1190 1663 Simeone
1201 1642 1257 1673 pro
1270 1636 1408 1673 quatuor

354 1680 468 1712 celdris
492 1691 666 1712 avenarum
689 1685 825 1718 tantum,
850 1684 945 1722 prout
968 1684 1059 1722 patet
1081 1682 1115 1712 in
1139 1681 1253 1713 rentali
1279 1692 1319 1713 ex
1349 1682 1409 1713 hoc

354 1740 438 1761 anno
455 1730 494 1762 de
516 1731 661 1761 terminis
677 1730 773 1771 hujus
797 1731 948 1772 computi,
964 1741 1003 1762 ex
1026 1731 1280 1762 consideracione
1304 1731 1409 1762 audit-

354 1829 441 1860 levet
464 1829 504 1861 de
519 1830 615 1861 dictis
631 1830 723 1862 terris
747 1831 915 1861 annuatim
938 1830 1047 1862 decem
1069 1841 1191 1862 marcas
1207 1833 1240 1862 et
1263 1831 1406 1872 quinque

354 1879 476 1911 celdras
492 1890 674 1917 avenarum,
691 1880 753 1911 nisi
768 1880 904 1921 desuper
919 1880 1059 1911 habeant
1074 1890 1195 1911 novum
1211 1881 1408 1914 mandatum.

355 1930 488 1961 Summa
518 1939 739 1971 expensarum,
751 1929 944 1970 jmiij⁰lxxxx
966 1930 999 1962 fi.
1015 1930 1049 1971 iij
1067 1930 1096 1961 d.
1142 1931 1185 1961 Et
1211 1931 1256 1962 sic
1284 1934 1410 1972 restant,v

357 1978 435 2020 ijcxij
467 1979 500 2010 ᾗ.
531 1979 610 2020 xviij
642 1983 666 2011 s.
711 1980 761 2011 De
792 1980 918 2021 quibus,
957 1980 1091 2011 allocate
1113 1981 1313 2021 computanti
1351 1991 1408 2022 per

355 2029 580 2061 liberacionem
605 2029 722 2061 factam
749 2030 899 2071 magistro
932 2029 1037 2061 David
1065 2030 1190 2061 Guthre
1217 2031 1256 2062 de
1286 2031 1406 2068 eodem,

355 2082 579 2120 computorum
609 2079 786 2116 rotulatori,
815 2082 888 2119 post
911 2083 1097 2120 computum
1121 2090 1224 2117 suum,
1247 2081 1281 2111 in
1311 2081 1406 2112 certis

141 2152 281 2175 Onerandus
292 2153 329 2174 est
356 2129 473 2170 emptis
489 2128 528 2159 ad
545 2138 699 2169 expensas
715 2129 797 2170 regis
819 2133 962 2170 tempore
977 2129 1189 2160 venacionum
1204 2130 1239 2160 in
1254 2130 1405 2171 Buchqu-

141 2184 309 2210 computorum
356 2178 468 2210 hidder
484 2181 516 2209 et
526 2177 724 2219 Glenfinglas
737 2178 871 2209 diversis
888 2178 1020 2216 vicibus,
1030 2179 1099 2219 ipso
1110 2179 1230 2210 fatente
1241 2185 1405 2220 receptum

141 2212 331 2264 ‘J‘J'Jffitgfiffiffi
356 2238 450 2268 super
476 2230 672 2267 computum,
699 2227 732 2258 lv
748 2227 782 2259 fi.
798 2228 841 2268 vij
859 2232 882 2259 s.
896 2228 909 2268 j
926 2228 955 2259 d.
972 2237 1029 2268 pro
1053 2227 1169 2268 quibus
1192 2229 1403 2269 respondebit.

356 2278 397 2308 Et
414 2276 525 2314 eidem,
543 2277 580 2308 de
596 2287 758 2318 gressuma
776 2280 932 2309 terrarum
945 2277 983 2309 de
1001 2277 1183 2314 Ernfiulaw,
1200 2288 1240 2309 ex
1255 2288 1292 2310 eo
1315 2278 1401 2319 quod
