1551 2462
369 253 431 281 540
681 250 843 282 norum
867 249 1103 282 SCACCARH
1324 253 1414 282 1468.
1471 228 1475 230 ⁸

367 343 423 374 sed
446 353 532 374 nunc
562 342 645 374 dicte
670 346 751 375 terre
779 343 966 374 assedantur
993 342 1192 383 computanti
1216 353 1272 383 pro
1299 341 1415 390 viginti
1458 331 1502 366 ’ἓ

367 392 477 424 solidis
514 392 548 423 in
586 403 676 424 anno.
731 393 773 423 Et
810 392 922 429 eidem,
960 392 998 423 de
1037 392 1136 423 firmis
1181 395 1338 423 terrarum
1374 392 1414 424 de

368 442 583 479 Ormlastoun,
599 442 673 483 quia
696 446 794 480 vaste,
820 442 859 473 de
889 442 999 473 eodem
1029 452 1122 478 anno,
1146 452 1165 472 x
1197 445 1230 478 s„
1253 441 1308 472 sed
1331 452 1416 474 nunc

365 491 450 522 dicte
472 495 555 522 terre
578 491 772 523 assedautur.
818 492 860 522 Et
883 491 994 528 eidem,
1010 501 1065 532 per
1082 490 1297 522 decidenciam
1312 490 1416 522 firma-

366 550 436 571 rum
457 540 496 571 de
523 541 621 571 Knok
644 544 676 571 et
697 540 845 572 Atenach
865 540 949 571 infra
970 540 1228 571 vicecomitatum
1252 539 1290 570 de
1314 540 1416 578 Fores,
1471 536 1482 567 J
1499 543 1503 550 '

365 600 406 620 ex
421 600 458 621 eo
473 589 558 630 quod
574 593 761 630 computans
777 593 926 620 oneratur
941 589 1087 629 superius
1104 599 1176 619 cum
1193 588 1302 619 decem
1317 588 1416 626 libris,
1450 609 1456 612 ν
1500 607 1506 623 ;

365 641 397 670 et
413 642 601 680 computans
617 639 729 670 asserit
745 649 778 670 se
796 639 831 669 in
853 649 910 669 suo
930 639 1111 679 juramento
1127 637 1230 669 solum
1246 637 1416 678 percipisse
1471 667 1474 670 ,
1491 668 1494 669 ⁷

365 699 439 719 cum
473 689 571 720 tercia
605 689 747 729 ejusdem
785 688 995 729 quadraginta
1026 687 1152 724 solidos,
1183 687 1260 718 licet
1297 687 1434 728 rentale,
1475 682 1494 701 ’)

365 737 528 769 contineat
550 738 651 769 dictas
674 741 773 769 terras
789 738 926 769 assedari
942 748 998 778 pro
1014 741 1150 778 quatuor
1165 736 1263 773 libris,
1279 736 1318 768 de
1334 747 1417 768 anno

366 787 516 827 computi,
540 787 596 827 viij
621 787 653 817 11.
711 787 754 818 Et
779 786 892 823 eidem,
919 787 957 817 de
984 787 1083 817 firmis
1110 786 1226 817 foreste
1256 786 1296 817 de
1319 786 1417 818 Tern-
1440 823 1443 824 ⁷

366 846 446 876 way,
465 846 503 867 ex
527 846 563 866 eo
587 835 672 876 quod
696 835 844 866 dominus
867 846 922 866 rex
945 836 1112 866 mandavit
1134 845 1258 867 servare
1281 839 1417 873 vastam,

365 888 460 925 prout
469 888 558 925 patet
573 885 607 915 in
623 884 746 922 rentali,
762 884 800 916 de
817 884 902 915 dicto
919 884 1067 925 anno,liij
1086 889 1108 916 ἐ.
1122 885 1168 924 iiij
1180 884 1209 916 (1.
1248 885 1290 916 Et
1305 885 1418 922 eidem,

366 944 423 975 pro
440 933 537 964 tercia
553 933 661 964 debita
682 943 797 974 sponse
821 933 943 964 domini
965 933 987 964 J
989 933 1124 964 ohannis
1141 933 1259 974 Ogilvy
1275 933 1314 965 de
1331 933 1418 965 dicto

366 983 520 1014 comitatu
543 983 627 1013 infra
651 983 910 1013 vicecomitatum
933 982 971 1013 de
993 982 1089 1023 Elgin
1120 982 1159 1013 de
1189 982 1288 1013 libere
1318 982 1416 1014 intro-
1447 986 1451 988 “

365 1033 470 1064 ductis
486 1033 562 1073 regi,
577 1032 616 1063 de
633 1042 716 1063 anno
732 1032 875 1073 computi
898 1035 930 1063 et
952 1032 1012 1063 sub
1035 1032 1176 1073 periculo
1192 1032 1418 1073 computantis,
1464 1024 1482 1067 ‘⁷
1499 1059 1502 1061 Α

366 1083 456 1123 xxxij
480 1082 512 1113 11.
537 1082 590 1123 xvj
616 1086 639 1113 ἓ.
663 1082 707 1122 vij
731 1081 761 1113 d.
807 1082 850 1113 Et
871 1082 983 1119 eidem,
1006 1092 1063 1123 pro
1085 1082 1184 1113 tercia
1207 1081 1315 1113 debita
1331 1081 1417 1114 dicte

366 1142 481 1173 sponse
504 1132 542 1163 de
567 1132 666 1163 firmis
691 1131 769 1163 dicti
792 1131 963 1162 comitatus
987 1132 1071 1162 infra
1097 1131 1356 1163 vicecomitatum
1378 1131 1418 1163 de

367 1181 463 1212 Fores
478 1181 578 1212 eciam
595 1180 634 1211 de
649 1180 748 1212 libere
771 1180 962 1212 introductis
978 1181 1052 1222 regi,
1068 1181 1128 1212 sub
1143 1181 1254 1212 eodem
1270 1180 1418 1221 periculo,
1463 1168 1488 1189 ⁷
1502 1182 1505 1183 ⁷

369 1241 436 1262 xxv
451 1231 483 1262 11.
500 1231 557 1271 xiij
576 1234 599 1261 ἓ.
616 1230 663 1270 iiij
680 1229 709 1261 d.
754 1230 797 1260 Et
819 1230 962 1270 quinque
985 1230 1158 1271 capellanis
1185 1230 1418 1261 celebrantibus

367 1281 404 1311 111
419 1280 552 1311 ecclesia
568 1278 744 1310 cathedrali
767 1279 964 1310 Moravien'si
986 1279 1019 1310 in
1037 1279 1158 1320 capella
1175 1279 1284 1310 Sancti
1298 1279 1418 1311 Thome

367 1329 525 1369 martyris,
542 1339 582 1360 ex
606 1328 797 1360 fundacione
821 1328 942 1359 domini
965 1328 1084 1360 Thome
1107 1329 1272 1370 Ranulphi
1294 1329 1419 1361 comitis
1476 1348 1498 1367 -,,

368 1378 511 1410 Moravie
528 1382 560 1409 et
580 1378 823 1409 confirmacione
846 1378 968 1409 domini
990 1379 1071 1419 regis
1095 1378 1225 1410 Roberti
1240 1378 1345 1420 primi,
1359 1379 1418 1410 sub
1470 1381 1480 1396 ·”
1491 1400 1495 1402 -

367 1428 508 1469 periculo
524 1428 741 1469 computantis
754 1428 793 1459 de
807 1427 900 1458 dictis
912 1428 1066 1465 terminis,
1076 1428 1205 1469 dempta
1214 1428 1320 1466 tercia,
1332 1439 1376 1459 xv
1385 1428 1418 1460 fi.

367 1487 410 1508 xv
427 1481 451 1509 ἔ.
467 1477 522 1518 viij
540 1477 569 1508 d.
614 1477 657 1508 Et
675 1477 730 1508 uni
745 1476 909 1518 capellano
925 1477 1100 1508 celebranti
1114 1478 1145 1508 in
1162 1477 1272 1509 eadem
1288 1477 1420 1509 ecclesia.

368 1536 425 1567 pro
448 1526 556 1557 anima
578 1526 741 1567 quondam
762 1526 844 1567 regis
867 1526 1018 1557 Duncani
1048 1536 1087 1557 ex
1118 1526 1308 1558 fundacione
1338 1527 1420 1568 regis

367 1575 547 1607 Alexandri
591 1575 731 1612 secundi,
767 1575 958 1616 percipienti
1000 1575 1168 1606 annuatim
1210 1575 1421 1616 quadraginta
1480 1583 1482 1585 “

368 1625 495 1662 solidos,
512 1625 642 1665 dempta
657 1625 755 1655 tercia
769 1624 878 1655 debita
894 1624 978 1655 dicte
995 1635 1118 1665 sponse,
1133 1624 1172 1655 de
1187 1624 1273 1655 dicto
1289 1635 1372 1656 anno
1388 1627 1421 1656 et

356 1675 428 1707 rsub
455 1674 566 1706 eodem
592 1674 743 1715 periculo,
768 1674 844 1715 xxvj
870 1678 893 1705 s.
917 1674 972 1714 viij
1001 1674 1030 1705 d.
1075 1674 1117 1705 Et
1141 1673 1232 1705 alteri
1256 1674 1421 1715 capellano
1475 1690 1482 1696 -

369 1724 544 1756 celebranti
567 1724 602 1755 111
627 1723 738 1755 eadem
765 1723 898 1755 ecclesia
924 1723 1059 1754 fundato
1085 1733 1180 1764 super
1209 1723 1350 1755 dominio
1381 1723 1421 1755 de
1461 1726 1486 1758 ,ἕ

370 1773 539 1804 Lambride
555 1783 612 1814 per
626 1773 777 1804 baronem
793 1772 944 1813 ejusdem,
959 1772 1148 1813 percipienti
1169 1773 1335 1803 annuatim
1351 1776 1421 1804 octo
1459 1808 1462 1810 ,

369 1832 501 1860 marcas,
513 1822 553 1853 de
565 1821 650 1853 dicto
667 1832 759 1859 anno,
776 1822 906 1862 dempta
921 1822 1018 1853 tercia
1031 1821 1138 1852 debita
1150 1821 1188 1852 de
1205 1821 1331 1859 eisdem,
1341 1821 1376 1862 iij
1387 1821 1430 1853 11.ἶ
1442 1838 1464 1866 3
1478 1836 1493 1854 .-

371 1873 402 1912 xj
421 1877 444 1904 ἒ.
458 1873 471 1913 j
489 1871 517 1903 d.
534 1872 582 1903 ob.
627 1872 670 1902 Et
693 1871 858 1913 capellano
881 1871 1054 1902 celebranti
1077 1871 1111 1902 in
1135 1871 1257 1912 capella
1272 1871 1369 1903 castri
1382 1871 1421 1903 de

370 1922 466 1962 Elgin
482 1921 616 1952 fundato
633 1931 690 1962 per
706 1921 868 1962 quondam
883 1921 906 1951 J
907 1921 1041 1951 acobum
1065 1920 1104 1951 de
1123 1920 1258 1951 Dunbar
1272 1920 1421 1952 comitem

371 1971 516 2002 Moravie
532 1971 570 2002 (18
587 1971 678 2002 terris
695 1970 733 2001 de
756 1970 976 2001 Pettindreich
999 1973 1032 2001 et
1054 1969 1235 2010 Greifschip
1257 1969 1297 2001 de
1319 1970 1422 2011 Elgin,
1467 1982 1492 2011 j

370 2020 560 2062 percipienti
585 2019 752 2051 annuatim
779 2019 889 2050 decem
914 2029 1035 2050 marcas
1066 2018 1104 2050 de
1135 2019 1264 2056 effidem,
1295 2019 1423 2060 dempta

371 2070 477 2107 tercia,
498 2069 537 2100 de
560 2079 643 2100 anno
663 2068 812 2109 computi,
829 2068 875 2109 iiij
900 2068 932 2099 ri.
949 2068 1005 2108 viij
1030 2072 1052 2099 ἔ.
1071 2068 1102 2109 xj
1120 2068 1148 2099 d.
1195 2069 1236 2099 Et
1260 2068 1422 2110 capellano
1480 2088 1482 2090 v

373 2119 547 2151 celebranti
578 2118 613 2149 111
643 2117 766 2159 capella
793 2118 878 2149 beati
908 2118 1064 2149 Leonardi
1091 2128 1189 2159 prope
1220 2118 1323 2155 Fores,
1353 2127 1422 2159 per-

371 2168 503 2210 cipienti
520 2168 686 2199 annuatim
709 2167 851 2209 quinque
874 2166 971 2198 libras
994 2166 1072 2198 dicti
1094 2166 1272 2204 comitatus,
1295 2167 1423 2208 dempta
