1551 2462
132 282 221 310 1466.
439 278 601 311 REGUM
625 279 870 312 SOOTORUM.
1113 285 1174 313 417

122 372 225 404 tribus
241 371 385 403 terminis
400 372 643 413 precedentibus
659 373 719 404 hoc
735 376 931 414 computum,
948 373 1016 414 xiiij
1036 374 1068 405 11.
1087 374 1129 414 vij
1149 378 1171 405 s.

121 423 144 465 ij
161 423 189 455 d.
235 424 276 455 Et
299 424 441 465 pendent
464 425 613 455 Similiter
636 435 731 466 super
756 425 911 466 GiHespic
935 425 974 456 de
998 426 1118 457 Insulis
1134 426 1173 457 de

125 473 220 504 firmis
257 474 384 505 baronie
426 474 465 505 de
504 474 680 505 Eddirdule
718 485 791 506 cum
829 475 945 516 quibus
983 479 1172 516 computans

119 523 264 564 superius
287 527 442 560 oneratur,
466 524 604 564 demptis
635 525 846 565 quadraginta
877 525 992 556 marcis
1023 525 1084 556 sibi
1115 535 1171 565 pro

122 573 264 604 custodia
293 574 386 604 castri
426 574 569 614 ejusdem
607 575 773 611 concessis,
811 577 963 615 occupate
1000 584 1057 615 per
1095 585 1171 606 eun-

121 622 194 654 dem
231 622 269 653 de
307 633 390 654 anno
427 623 571 664 computi
608 626 640 654 et
677 623 780 654 tribus
817 624 962 655 terminis
1000 624 1170 665 preceden-

120 671 207 703 tibus
229 671 289 702 hoo
311 676 507 713 computum,
529 672 599 703 xlix
614 672 646 703 fi.-
664 672 698 713 iij
724 677 746 703 Ξ.
771 672 817 713 iiij
839 672 868 703 d.
916 672 1047 703 Summa
1074 673 1170 714 hujus

121 721 303 762 pendencie‚
315 720 402 762 j⁰liiij
419 721 451 752 11.
469 722 525 763 xiij
543 726 565 752 ἕ.
583 732 604 752 x
620 722 648 752 ἅ
695 722 737 752 Et
753 722 799 752 sic
814 725 936 753 restant
949 722 1033 762 jmxv
1045 722 1077 753 fi.
1092 733 1134 753 xv
1146 727 1168 754 ἓ.

119 770 169 802 De
185 770 309 811 quibus,
325 770 457 802 allocate
473 771 672 812 computanti
687 776 744 812 per
767 771 981 802 decidenciam
1010 772 1170 802 firmarum

120 819 248 851 baronie
278 820 317 851 de
349 820 460 852 Avach
483 821 517 851 in
544 820 775 852 Ardmannach
799 821 837 852 de
865 831 949 852 anno
973 822 1117 861 computi
1138 826 1170 852 et

108 870 220 902 'tribus
236 871 381 901 terminis
405 871 648 912 precedentibus
671 871 730 902 hoc
753 874 948 912 computum,
963 875 1059 912 prout
1081 875 1171 912 patet

119 919 153 950 in
176 920 287 952 rotulis
310 923 342 951 et
365 914 481 951 rentali
501 920 737 961 particulariter
752 921 943 952 examinatis
966 931 1062 961 super
1085 931 1170 951 com—

119 973 234 1011 putum
250 973 282 1001 et
299 970 358 1001 sub
374 970 516 1011 periculo
532 970 756 1012 computantis,
775 970 842 1010 xliij
857 970 889 1000 11.
935 970 978 1000 Et
990 970 1102 1007 eidem,
1115 980 1172 1010 per

119 1019 311 1060 superfluam
328 1019 544 1051 oneracionem
563 1020 662 1050 annui
684 1019 827 1050 redditus
851 1019 890 1050 de
913 1019 1118 1060 Tulyhekky,
1134 1029 1171 1050 eo

120 1069 205 1108 quod
221 1069 403 1100 continetur
417 1069 451 1100 in
467 1079 593 1100 summa
609 1069 805 1101 oneracionis
829 1069 867 1100 de
892 1069 991 1100 Coule
1014 1072 1046 1100 et
1063 1068 1171 1100 Oneill

120 1117 159 1148 de
175 1128 258 1149 anno
274 1119 424 1159 computi,
441 1129 485 1149 xx
501 1123 523 1150 s.
569 1119 612 1149 Et
628 1119 740 1156 eidem,
764 1119 803 1150 de
826 1119 927 1149 firmis
951 1122 1108 1149 terrarum
1131 1119 1171 1149 de

13 1149 38 1181 ἰ·
82 1184 86 1188 v
120 1167 220 1198 Knok
235 1171 268 1198 et
290 1168 438 1199 Atenach
460 1168 545 1199 infra
568 1169 828 1199 vicecomitatum
848 1169 886 1199 de
910 1168 1014 1204 Fores,
1031 1178 1066 1198 eo
1084 1168 1170 1209 quod

120 1220 308 1258 computans
325 1221 474 1248 onerat1'1r
489 1218 524 1248 in
540 1223 623 1249 anno
647 1228 721 1249 cum
744 1221 880 1259 quatuor
902 1218 1024 1254 marcis,
1041 1217 1171 1258 dempta

19 1266 25 1297 .'
57 1265 70 1310 J
123 1267 229 1304 tercia,
245 1270 277 1298 et
293 1267 413 1298 rentale
428 1267 573 1304 continet
584 1268 618 1298 in
631 1277 664 1298 se
677 1267 756 1298 duas
767 1277 887 1298 marcas
898 1267 930 1298 in
944 1277 1028 1297 anno
1040 1266 1171 1307 dempta

0 1308 42 1349 '¹⁴2³
89 1356 96 1362 .
122 1316 228 1353 tercia,
252 1316 290 1347 de
317 1326 401 1347 anno
428 1317 571 1358 computi
593 1321 625 1348 et
640 1317 743 1348 tribus
759 1317 905 1348 terminis
926 1316 1170 1357 precedentibus

122 1366 181 1398 hoc
202 1370 397 1407 computum,
420 1367 454 1407 iij
471 1367 502 1398 fi.
527 1368 559 1407 vj
579 1371 601 1398 ἔ.
626 1367 681 1407 viij
704 1367 732 1397 d.
779 1367 821 1397 Et
843 1366 955 1402 eidem,
978 1376 1035 1406 per
1061 1375 1170 1405 super-

122 1415 220 1446 fluam
240 1417 460 1447 oneracionem
484 1416 617 1447 dominii
644 1417 683 1448 de
710 1417 791 1458 Pety
818 1419 851 1447 et
874 1415 1046 1456 Brachlyn‚
1066 1426 1106 1446 ex
1132 1426 1169 1446 eo

122 1465 206 1506 quod
229 1468 417 1506 computans
440 1470 590 1497 oneratur
612 1467 647 1497 in
670 1476 753 1497 anno
776 1476 850 1497 cum
873 1465 1056 1506 octuaginta
1079 1464 1169 1495 libris

122 1524 178 1546 sex
207 1514 316 1546 solidis
346 1518 378 1546 et
408 1518 478 1546 octo
508 1515 656 1552 denariis,
686 1518 719 1546 et
748 1515 870 1546 rentale
901 1514 1005 1545 solum
1026 1513 1169 1544 continet

121 1564 322 1605 septuaginta
346 1567 417 1596 octo
440 1564 538 1596 libras
565 1576 621 1596 sex
648 1565 765 1596 solidos
791 1567 824 1596 et
847 1567 917 1595 octo
948 1563 1102 1600 denarios,
1132 1567 1170 1594 ut

123 1617 209 1655 patet
224 1614 259 1645 in
275 1614 392 1646 eisdem
409 1614 644 1655 particulariter
659 1614 850 1645 examinatis
867 1623 961 1654 super
982 1617 1168 1653 computum

121 1662 159 1694 de
175 1674 258 1695 anno
274 1667 306 1695 et
320 1664 467 1695 terminis
489 1664 648 1705 predictis,
664 1675 686 1694 v
702 1663 733 1694 ii.-
781 1663 821 1694 Et
845 1663 956 1700 eidem,
979 1673 1036 1703 per
1058 1672 1168 1702 super-

23 1726 33 1734 <·
91 1753 100 1757 -
110 1714 214 1744 fluam
229 1714 447 1745 oneracionem
459 1714 594 1745 dominii
606 1713 644 1744 de
658 1712 852 1750 Stratherne,
865 1723 904 1743 ex
917 1722 1011 1743 causa
1022 1711 1168 1752 superius

119 1766 308 1804 expressata,
324 1763 362 1794 de
378 1763 498 1795 eisdem
514 1774 597 1794 anno
613 1766 646 1794 et
666 1762 821 1799 terminis,
836 1762 848 1792 1
865 1766 886 1793 ἔ.
914 1798 918 1803 ῃ
933 1762 976 1792 Et
998 1761 1110 1798 eidem,
1129 1760 1168 1791 de

120 1812 219 1843 firmis
240 1815 395 1844 terrarum
418 1813 458 1844 de
473 1813 737 1844 Netbirhiltoune
761 1812 794 1842 in
818 1811 959 1848 Leffiris,
981 1814 1013 1841 et
1035 1810 1168 1845 Leffare,

122 1871 340 1893 concessarum
369 1862 554 1894 Alexandro
587 1862 745 1903 Flemyng
782 1871 922 1892 unacum
960 1860 1096 1900 piscaria
1128 1859 1168 1890 de

123 1910 312 1952 Banquhare
328 1911 463 1944 durante
485 1911 651 1943 voluntate
667 1911 750 1952 regis
767 1921 823 1951 pro
846 1909 939 1940 terris
962 1909 1001 1939 de
1024 1908 1168 1938 Lidnoch

120 1959 154 1990 in
172 1960 299 1992 baronia
321 1961 360 1992 de
379 1961 536 1992 Methven
563 1961 624 1992 sibi
649 1960 727 1991 alias
755 1960 794 1990 ad
817 1959 918 1989 vitam
942 1966 1089 1988 concessa
1112 1967 1168 1997 pei·

120 2008 283 2040 dominum
298 2020 403 2051 regem
422 2010 505 2042 clare
528 2010 688 2046 memorie,
712 2012 748 2039 ut
771 2011 860 2049 patet
883 2017 938 2048 per
962 2006 1071 2037 literas
1094 2015 1167 2036 suas

120 2058 178 2089 sub
207 2069 321 2100 magno
351 2059 463 2100 sigillo,
488 2060 527 2091 de
555 2068 638 2090 anno
663 2058 806 2099 computi
833 2059 865 2088 et
890 2056 993 2087 tribus
1021 2054 1167 2086 terminis

119 2107 359 2148 precedentibus
382 2109 441 2140 hoc
464 2113 657 2150 compotum,
682 2108 715 2148 ,xj
733 2107 764 2138 ii.
790 2117 810 2137 v
826 2111 849 2138 ἒ.
897 2106 1029 2137 Summa
1052 2104 1167 2135 harum

121 2166 337 2197 expensarum,
353 2158 419 2200 lxvj
436 2159 468 2190 11.
487 2169 529 2190 xx
546 2159 574 2189 d.
621 2158 664 2189 Et
680 2157 725 2188 sic
741 2159 863 2188 restant
881 2154 996 2186 ix⁰xlix
1014 2154 1045 2184 11.
1069 2154 1125 2194 xiij
1144 2158 1166 2185 ἕ.

119 2205 164 2247 iiij
195 2206 224 2237 d.
272 2207 320 2238 De
344 2209 469 2249 quibus,
495 2208 630 2240 allocate
664 2205 865 2247 computanti
892 2215 949 2246 per
974 2203 1169 2235 solucionem

168 2263 237 2287 von
255 2265 309 2289 vu.
356 2266 372 2318 ί
983 2254 1000 2283 2
1019 2262 1039 2283 n
