1551 2462
117 286 207 318 1467.
425 282 587 315 REGUM
611 282 856 315 SCOTORUM.
1100 284 1161 314 447

115 387 229 419 sponse
258 377 380 409 domini
404 376 564 408 Johannis
589 376 706 418 Ogilby
730 376 769 407 de
792 375 878 407 dicto
902 376 1056 407 comitatu
1080 376 1163 407 infra

114 427 372 459 vicecomitatum
388 427 427 458 de
442 427 538 467 Elgin
554 426 593 458 de
608 426 707 457 libere
724 425 914 456 introductis
929 425 1003 466 regi,
1020 425 1058 456 de
1080 435 1164 456 anno

99 472 255 519 'computi
271 480 302 508 et
318 477 377 508 sub
393 476 535 517 periculo
558 475 782 516 computantis,
805 475 895 516 xxxij
911 475 944 506 fi.
961 475 1015 516 xvj
1033 479 1055 506 s.
1073 475 1116 515 vij
1134 474 1162 505 d.

106 527 157 558 'Et
180 526 291 564 eidem,
314 536 370 567 pro
396 525 495 557 tercia
515 525 623 556 debita
649 525 733 556 dicte
759 535 872 566 sponse
897 524 936 555 de
963 525 1062 555 firmis
1085 524 1165 555 dicti

114 576 283 608 comitatus
305 575 389 606 infra
412 575 672 606 vicecomitatum
695 574 734 606 de
757 575 852 606 Fores
876 574 976 605 eciam
1000 574 1038 605 de
1065 573 1164 605 libere

113 625 303 657 introductis
326 624 400 666 regi,
417 635 506 655 xxxv
521 624 553 655 Ti.
569 624 626 665 xiij
645 628 668 655 ἔ.
687 624 734 665 iiij
751 624 780 655 d.
827 624 869 655 Et
892 623 1035 664 quinque
1059 623 1162 664 capel-

5 668 14 675 ”
33 679 44 683 ”
73 708 79 711 .
113 675 196 706 lanis
225 673 459 706 celebrantibus
486 674 520 704 in
546 673 675 705 ecclesie
702 673 878 705 cathedrali
902 673 1099 704 Moraviensi
1129 673 1164 703 in

0 968 34 1074 230113‘44'
25 941 31 944 ζ
8 790 22 802 <.

0 1572 39 1629 ᾖε.
0 1425 41 1566 Γφζῇἰῇίῑ
0 1183 43 1421 ,ΐτΐζὶῳῇἳθᾩω
0 1132 29 1179 ¹³35*
0 1078 33 1127 '5:²22‘

0 1629 38 1838 2‘1,:2.÷s·;v>;›3:=÷·5

20 2359 46 2416 «πμ-ἰι
10 2263 42 2351 ἶὲξζτν*
21 2227 43 2257 ’.ἶ
23 2202 46 2217 1⁴
6 2094 44 2184 ᾆξ’-’ῥ’
22 2075 44 2088 ”s
20 2056 33 2068 “¹
4 2030 39 2049 ἕ
10 1970 44 2023 535
4 1899 44 1962 “²:5⁴⁵
3 1838 44 1891 δή(

114 724 235 765 capella
265 724 374 755 Sancti
404 724 525 755 Thome
555 723 715 764 martyn‘s,
745 734 785 755 ex
815 723 1007 754 fundacione
1042 723 1164 754 domini

78 816 81 817 ⁷
114 772 233 807 Thome
255 773 385 805 Ranulfi
401 774 527 805 comitis
550 773 696 804 Moravie
720 776 752 804 et
775 773 1018 804 confirmacione
1041 772 1164 804 domini

113 823 245 855 Roberti
260 823 341 864 regis
357 823 462 864 primi,
479 823 538 854 sub
554 822 696 864 periculo
719 822 935 863 computantis
959 822 997 853 de
1016 823 1162 854 terminis

112 873 261 914 computi,
282 883 325 904 xv
340 873 372 904 fi.
396 883 439 903 xv
457 877 481 904 s.
504 873 560 913 viij
578 872 610 904 fi.
656 873 699 903 Et
721 872 779 903 uni
801 872 965 913 capellano
988 872 1162 904 celebranti

111 922 146 953 in
161 922 272 954 eadem
295 922 428 954 ecclesia
446 932 503 963 pro
527 922 632 953 anima
656 922 819 963 quondam
841 922 924 963 regis
948 923 1100 953 Duncani
1123 933 1162 954 ex

61 1008 68 1013 ζ
113 971 304 1004 fundacione
320 972 402 1013 regis
417 971 596 1002 Alexandri
619 972 759 1009 secundi,
782 971 972 1012 percipienti
994 972 1163 1003 annuatim

112 1021 321 1062 quadraginta
338 1021 463 1058 solidos,
480 1021 610 1065 dempta
626 1021 723 1052 tercia
739 1021 847 1052 debita
870 1021 954 1052 dicte
977 1031 1100 1061 sponse,
1124 1021 1163 1053 de

65 1110 70 1114 .
112 1071 198 1102 dicto
214 1081 297 1102 anno
314 1074 346 1102 et
362 1071 421 1102 sub
437 1071 548 1102 eodem
564 1070 716 1111 periculo,
732 1071 808 1111 xxvj
826 1075 849 1102 Ξ.
865 1071 921 1111 viij
939 1070 967 1102 d.
1013 1071 1056 1101 Et
1071 1070 1164 1102 alteri

111 1120 276 1161 capellano
307 1120 481 1152 celebranti
511 1120 546 1151 in
577 1120 688 1151 eadem
726 1120 858 1152 ecclesia
895 1120 1030 1151 fundato
1067 1131 1163 1161 super

111 1169 252 1201 dominio
275 1169 315 1201 de
345 1169 516 1201 Lambride
539 1180 595 1211 per
617 1170 768 1201 baronem
792 1170 943 1211 ejusdem,
973 1169 1164 1210 percipienti

111 1219 278 1250 annuatim
291 1229 347 1250 sex
359 1229 490 1257 marcas,
502 1219 541 1250 de
555 1229 638 1250 anno
650 1220 801 1260 computi,
815 1220 861 1261 fiij
872 1219 903 1250 fi.
942 1220 984 1250 Et
998 1219 1163 1260 capellano

111 1268 284 1300 celebranti
313 1268 348 1299 in
386 1271 488 1299 castro
526 1268 564 1300 de
602 1269 698 1310 Elgin
736 1269 871 1300 fundato
908 1279 964 1310 per
1002 1269 1163 1309 quondam

110 1318 267 1350 Jacobum
283 1318 322 1349 de
338 1318 474 1349 Dunbar
489 1318 638 1349 comitem
654 1318 798 1349 Moravie
814 1318 853 1349 de
869 1318 961 1349 terris
978 1318 1017 1349 de
1039 1318 1162 1349 Pettiu-

111 1367 208 1399 drech
223 1370 254 1399 et
271 1367 453 1408 Greifschip
470 1368 509 1399 de
524 1367 630 1409 Elgin,
650 1367 840 1409 percipienti
863 1368 1030 1399 annuatim
1053 1367 1163 1399 decem

70 1424 78 1434 ’
111 1427 241 1454 marcas,
264 1417 394 1458 dempta
424 1418 531 1453 tercia,
555 1417 594 1448 de
617 1417 738 1448 eisdem
763 1417 915 1454 terminis,
937 1417 984 1458 iiij
1006 1417 1039 1449 li.
1063 1417 1119 1458 viij
1137 1422 1160 1448 ἓ.

112 1466 144 1508 xj
164 1466 193 1498 d.
237 1467 280 1498 Et
302 1467 467 1508 capellano
490 1466 665 1498 celebranti
688 1467 722 1497 in
745 1467 868 1508 capella
891 1467 977 1498 beati
1006 1467 1164 1498 Leonardi

112 1526 208 1557 prope
237 1517 342 1554 Fores,
372 1517 563 1558 percipienti
593 1516 761 1548 annuatim
791 1517 933 1558 quinque
963 1517 1062 1548 libras
1085 1517 1163 1548 dicti

54 1597 56 1599 ,
112 1565 281 1599 comitatus
303 1565 433 1607 dempta
457 1566 564 1603 tercia,
585 1565 623 1597 de
648 1566 769 1597 eisdem
790 1566 945 1602 terminis,
970 1566 1005 1607 iij
1027 1566 1059 1597 Η.
1084 1566 1115 1607 vj
1138 1570 1161 1597 s.

112 1614 168 1655 viij
185 1614 214 1646 d.
259 1615 301 1646 Et
331 1615 496 1656 capellano
513 1615 636 1647 domini
651 1615 733 1656 regis
750 1615 925 1647 celebranti
947 1616 981 1646 in
1005 1618 1108 1647 castro
1124 1615 1163 1647 de

112 1663 206 1705 Elgin
221 1674 277 1705 pro
299 1674 391 1705 pane,
408 1665 493 1702 vino,
516 1668 612 1705 atque
636 1675 715 1702 cera,
732 1665 770 1696 de
794 1665 874 1696 acris
898 1665 936 1697 de
959 1665 1063 1706 Elgin,
1086 1665 1121 1706 iij
1139 1669 1163 1697 ἕ.

93 1713 145 1754 'vj
164 1713 193 1746 d.
237 1714 279 1745 Et
310 1715 423 1752 eidem,
454 1714 493 1746 de
523 1715 624 1746 firmis
654 1715 790 1746 dominii
820 1715 858 1746 de
885 1715 1056 1746 Lambride
1079 1715 1165 1746 infra

112 1763 368 1795 vicecomitatum
384 1764 423 1795 de
439 1764 535 1806 Elgin
551 1775 608 1805 pro
625 1765 842 1796 anniversario
859 1765 1021 1805 quondam
1041 1765 1165 1796 domini

113 1812 136 1843 J
137 1811 269 1845 ohannis
285 1813 324 1845 de
340 1813 503 1851 Invernes,
519 1817 551 1845 et
573 1813 795 1851 luminaribus,
811 1824 902 1855 pane,
925 1818 957 1845 et
979 1814 1055 1845 vino
1079 1815 1163 1846 dicte

114 1862 243 1895 ecclesie
258 1863 297 1894 de
308 1863 414 1905 Elgin,
424 1863 462 1895 de
475 1874 558 1894 anno
571 1864 722 1904 computi,
738 1864 815 1904 xxvj
828 1868 849 1896 ἔ.
861 1864 917 1904 viij
932 1863 960 1895 d.
999 1864 1041 1894 Et
1052 1864 1163 1901 eidem,

114 1921 170 1953 per
198 1912 393 1944 solucionem
426 1913 544 1944 factam
581 1913 730 1954 episcopo
767 1913 965 1944 Moraviensi
1004 1923 1061 1953 pro
1098 1914 1164 1944 situ

57 1987 59 1990 .
115 1961 287 1993 molendini
302 1962 341 1993 de
358 1962 593 2004 Schirefmylne
609 1963 647 1993 de
663 1963 761 1994 tercia
784 1962 823 1993 de
845 1963 972 1994 Duffois
995 1963 1163 1994 existentis

116 2010 149 2043 in
177 2012 324 2044 manibus
348 2012 438 2053 regis,
462 2012 500 2043 de
532 2012 626 2043 dictis
658 2012 813 2049 terminis,
836 2022 903 2043 xxx
926 2016 949 2043 s.
994 2012 1036 2043 Et
1060 2012 1164 2043 eidem

115 2061 268 2103 episcopo,
288 2071 345 2102 pro
369 2071 475 2093 annuo
499 2061 628 2093 redditu
655 2061 717 2093 sibi
741 2061 847 2092 debito
870 2071 927 2102 pro
952 2061 1051 2092 tercia
1073 2064 1163 2102 parte

116 2109 154 2142 de
175 2111 300 2142 Duffois
330 2114 488 2142 terrarum
519 2111 558 2142 de
583 2111 740 2148 Saltcotis,
763 2111 801 2142 de
825 2111 910 2142 dicto
933 2121 1016 2141 anno
1040 2114 1073 2142 et
1103 2111 1163 2142 sub

116 2159 224 2191 eodem
246 2160 395 2201 periculo,
413 2161 460 2201 iiij
478 2165 500 2191 s.
519 2171 538 2191 v
555 2160 584 2192 d.
629 2161 672 2191 Et
688 2160 799 2197 eidem,
823 2160 861 2192 de
887 2160 986 2191 firmis
1007 2164 1161 2191 terrarum

88 2232 89 2236 ,
116 2209 354 2242 dominicalium
397 2210 437 2242 de
474 2211 638 2251 Ternway,
669 2220 808 2241 unacum
839 2209 1036 2247 ColnakeviL
1074 2210 1163 2251 Logy
