1551 2462
381 263 397 290 6
403 263 441 291 46
691 258 856 290 ROTULI
880 257 1115 290 SCACOARH
1341 259 1432 288 1469.

163 360 278 392 Carrio·
425 353 620 394 Computum
637 352 774 384 Gilberti
789 351 911 383 domini
931 351 1101 392 Kennedy,
1124 350 1290 382 camerarii
1313 349 1435 382 domini

164 404 365 436 Kirkandris.
381 403 482 434 nostri
496 403 579 444 regis
595 402 681 433 infra
696 402 884 433 comitatum
902 401 939 433 de
957 402 1064 433 Carrio
1081 404 1113 432 et
1136 401 1271 432 dominii
1287 400 1325 432 de
1341 400 1433 431 Dun-

380 452 507 490 donald,
523 462 586 493 que
612 455 689 483 sunt
716 451 754 483 de
779 447 973 492 proprietate
997 450 1118 481 domini
1141 451 1232 492 regis,
1248 460 1372 482 necnon
1395 449 1435 480 de

379 501 574 533 Kirkandris
597 501 682 532 infra
699 500 944 532 senescallatum
960 500 999 531 de
1026 499 1269 540 Kirkcubryclit
1292 499 1434 540 ejusdem

379 551 592 592 proprietatis,
623 561 659 582 ao
697 551 900 582 baroniarum
940 550 978 581 de
1016 549 1162 587 Leswalt,
1194 548 1370 589 Menebrig‚
1403 551 1435 579 et

381 601 607 642 Barquhanny,
619 601 652 631 in
666 600 771 631 warda
784 599 1004 637 existencium,
1015 600 1224 641 [Edinbmyh,
1234 600 1254 630 9
1265 598 1434 639 September

380 651 574 691 1469,fr0m
589 651 633 682 527
647 650 728 690 chly
743 649 853 689 1468]

423 700 517 731 Idem
539 703 650 731 onerat
673 709 705 730 se
732 699 767 729 in
792 698 903 740 primis
927 698 965 729 de
990 698 1068 739 xviij
1093 697 1124 730 li.
1149 698 1183 738 iij
1208 702 1231 730 ἔ.
1254 697 1301 739 iiij
1326 697 1356 729 d.
1379 707 1436 738 per
1514 735 1516 738 v
1542 726 1549 743 Δ.

380 749 520 790 integras
537 749 644 780 firmas
667 752 822 780 terrarum
847 748 886 779 de
909 748 1141 780 Garvanehede
1164 748 1202 778 de
1227 748 1350 779 duobus
1373 750 1435 778 ter·
1488 761 1495 763 -
1543 744 1545 746 ’

382 798 480 829 minis
496 798 592 838 hujus
609 798 759 839 computi.
804 798 847 828 Et
870 797 908 829 de
931 808 954 828 x
976 797 1007 828 li.
1032 797 1071 829 de
1096 797 1194 828 firmis
1216 799 1372 828 terrarum
1397 796 1435 827 de

381 848 548 889 Turnbery
564 848 603 879 de
620 848 715 879 dictis
730 847 886 879 terminis.
931 847 975 878 Et
998 847 1037 878 de
1060 847 1092 888 vj
1116 846 1149 879 ri.
1166 846 1222 887 xiij
1247 851 1271 879 ἓ.
1287 846 1333 887 iiij
1350 846 1380 878 d.
1396 846 1436 877 de

382 897 484 929 firmis
507 901 672 935 terrarum,
695 897 847 928 videlicet
877 896 974 928 tercie
998 896 1098 938 partis
1121 900 1277 928 terrarum
1299 896 1338 928 de
1361 896 1436 928 Tre-
1495 892 1498 893 ⁷
1545 887 1548 928 ]

382 947 505 979 beauch
521 947 560 978 de
577 947 670 984 dictis
686 947 842 984 terminis,
859 949 891 978 et
906 957 971 977 non
987 950 1097 977 onerat
1113 956 1146 977 se
1162 946 1200 978 de
1224 946 1295 978 aliis
1312 946 1436 977 duabus

382 997 489 1028 terciis
506 996 665 1027 dictarum
680 999 846 1034 terrarum,
863 996 940 1036 quia
960 1005 1026 1026 una
1048 996 1148 1027 tercia
1170 998 1269 1027 restat
1284 995 1319 1026 in
1334 995 1436 1026 mani-

382 1048 441 1078 bus
469 1046 627 1078 Cristiane
651 1046 842 1085 Auchinlec‚
864 1048 896 1077 et
919 1049 992 1086 post
1018 1046 1087 1087 ejus
1117 1046 1242 1076 obitum
1271 1055 1438 1077 reversura

382 1097 457 1137 regi,
474 1100 507 1128 et
523 1096 585 1127 alia
601 1096 701 1127 tercia
717 1096 891 1127 earundem
913 1099 1071 1126 terrarum
1093 1096 1126 1126 in
1143 1095 1291 1126 manibus
1307 1105 1437 1136 compu-
1506 1127 1513 1135 μ

382 1147 483 1177 tantis
499 1157 540 1178 ex
557 1146 723 1187 empcione
739 1156 757 1177 a
773 1146 894 1177 Jacobo
911 1145 1055 1182 Stewart,
1065 1144 1178 1182 milite,
1194 1148 1227 1176 et
1243 1155 1354 1176 omnes
1376 1144 1438 1176 iste
1479 1148 1483 1149 ⁷
1546 1148 1549 1186 ζ

383 1199 465 1228 terre
481 1199 560 1227 sunt
576 1196 615 1227 de
631 1196 787 1227 comitatu
803 1195 843 1227 de
860 1195 975 1227 Cal-ric.
1021 1195 1064 1226 Et
1087 1195 1126 1226 de
1149 1195 1194 1236 iiij
1212 1195 1241 1226 d.
1258 1195 1329 1226 albe
1348 1195 1438 1226 firme

384 1257 440 1288 per
492 1246 717 1277 vendicionem
757 1245 854 1276 unius
895 1245 980 1286 paris
1020 1245 1252 1276 cirothecarum
1293 1245 1437 1276 albarum
1494 1259 1499 1262 ⁴
1548 1272 1549 1279 ,

387 1302 543 1331 terrarum
569 1296 608 1327 de
634 1295 822 1327 Achaltane.
867 1295 911 1325 Et
938 1294 976 1326 de
1001 1294 1047 1335 iiij
1076 1294 1105 1326 d.
1131 1305 1187 1335 per
1216 1294 1439 1326 vendicionem

387 1346 482 1377 unius
494 1345 580 1386 paris
594 1345 827 1376 cirothecarum
844 1344 989 1375 albarum
1001 1344 1073 1376 albe
1085 1344 1175 1375 firme
1190 1347 1272 1375 terre
1288 1344 1327 1376 de
1340 1344 1438 1376 Glen-
1511 1382 1513 1384 Ι

387 1395 521 1426 stichell.
569 1395 612 1426 Et
627 1395 666 1426 de
682 1394 736 1435 xvj
753 1393 786 1425 fi.
802 1393 834 1434 vj
860 1398 882 1426 ἔ.
908 1393 964 1434 viij
989 1393 1018 1424 d.
1043 1393 1082 1425 de
1106 1393 1205 1424 firmis
1228 1396 1384 1425 terrarum
1400 1394 1439 1433 de
1499 1404 1504 1406 ’
1547 1395 1549 1397 ’

386 1444 585 1476 Dundonald
616 1443 655 1475 de
686 1443 780 1474 dictis
810 1442 967 1480 terminis,
1006 1452 1068 1483 que
1099 1445 1147 1474 est
1176 1442 1216 1474 de
1246 1442 1440 1484 proprietate

387 1494 511 1525 domini
532 1493 624 1534 regis,
640 1496 672 1524 et
695 1492 859 1523 residuum
874 1492 954 1523 dicti
976 1491 1118 1529 dominii,
1134 1492 1285 1524 videlicet
1307 1492 1440 1533 triginta

388 1543 451 1574 duo
463 1543 544 1574 libre
561 1542 803 1583 quatuordecim
818 1541 913 1572 solidi
929 1541 968 1572 de
984 1541 1096 1572 eadem
1111 1542 1313 1583 proprietate,
1329 1542 1440 1573 existit
1496 1555 1501 1558 ·

387 1593 423 1623 in
449 1591 598 1623 manibus
621 1591 838 1632 computantis
861 1600 918 1631 pro
941 1590 1086 1622 custodia
1109 1591 1205 1622 castri
1229 1591 1381 1632 ejusdem,
1408 1594 1440 1622 et

388 1641 556 1683 cujusdam
572 1640 732 1682 capellani
746 1640 951 1681 percipientis
967 1640 1135 1671 annuatim
1148 1640 1296 1671 undecim
1309 1651 1439 1672 marcas.

390 1691 522 1722 Summa
536 1690 634 1731 hujus
650 1689 762 1727 oneris,
778 1689 801 1731 lj
818 1689 850 1721 li.
869 1689 937 1730 xiiij
955 1694 978 1721 s.

434 1741 527 1778 Item,
551 1740 637 1771 idem
660 1742 770 1771 onerat
793 1750 826 1771 se
849 1739 889 1770 de
911 1749 956 1770 xx
978 1738 1010 1770 fi.
1035 1739 1073 1770 de
1097 1739 1196 1770 firmis
1218 1742 1375 1770 terrarum
1401 1738 1440 1770 de

391 1790 584 1822 Kirkandris
601 1790 639 1821 de
656 1800 740 1821 anno
763 1789 914 1830 computi.
961 1789 1003 1820 Et
1026 1789 1065 1820 de
1088 1789 1145 1820 lxx
1161 1788 1192 1820 fi.
1209 1789 1231 1830 ij
1250 1793 1273 1820 s.
1290 1789 1322 1829 vj
1339 1788 1367 1820 d.
1385 1798 1441 1830 per
1496 1799 1498 1801 ’

390 1840 530 1881 integras
560 1839 668 1870 firmas
699 1838 902 1870 baroniarum
940 1838 979 1870 de
1009 1838 1156 1875 Leswalt,
1194 1838 1370 1879 Meuebrig,
1407 1840 1440 1870 et
1483 1849 1501 1878 ‚⁸

391 1889 619 1930 Barquhanny,
643 1884 678 1919 in
705 1888 812 1920 warda
838 1888 1051 1919 existencium
1075 1898 1131 1928 per
1153 1888 1278 1919 obitum
1306 1887 1442 1929 Georgei
1474 1886 1479 1889 “

391 1938 533 1979 Douglas
558 1937 597 1969 de
622 1948 705 1969 anno
728 1938 825 1978 hujus
849 1938 998 1978 computi.
1045 1938 1177 1969 Summa
1201 1937 1297 1978 hujus
1328 1937 1440 1975 oneris,

391 1988 493 2019 lxxxx
515 1987 546 2018 ii.
571 1987 592 2028 ij
617 1991 640 2018 ἔ.
665 1987 695 2028 vj
721 1987 750 2018 d.
797 1987 929 2018 Summa
953 1987 1061 2018 totalis
1085 1987 1288 2024 oneraoiouis,
1308 1987 1382 2028 jcxlj
1406 1987 1440 2018 fi.

391 2038 445 2078 xvj
463 2042 486 2068 s.
503 2037 534 2078 vj
552 2036 581 2067 d.

435 2087 478 2117 Et
492 2096 557 2116 non
573 2089 684 2117 onerat
700 2096 732 2117 se
749 2085 787 2117 de
808 2086 932 2124 wardis,
955 2086 1091 2123 releviis,
1114 2086 1297 2127 maritagiis,
1315 2085 1440 2123 finibus,
1468 2088 1480 2095 '

392 2135 555 2172 eschaetis,
571 2145 607 2166 ac
630 2134 770 2166 exitibus
793 2135 961 2172 curiarum,
985 2135 1060 2176 quia
1083 2136 1248 2167 {Iohannes
1271 2135 1440 2176 Kennedy,
1487 2132 1490 2136 ’

176 2181 341 2211 R³SP⁰¹¹d⁰bst
391 2185 476 2216 filius
487 2184 713 2225 computantis,
726 2184 934 2216 constituitur
946 2184 1083 2216 ballivus
1095 2185 1134 2216 de
1145 2184 1252 2216 Carric
1269 2188 1301 2216 et
1310 2194 1439 2225 respon-

174 2211 190 2234 J
193 2211 298 2234 ohannes

175 2240 298 2269 Kennady.
391 2234 479 2265 debit
493 2244 551 2274 pro
567 2233 694 2265 eisdem.
