1551 2462
101 530 148 554 Res
167 531 267 554 ondebit

103 560 153 583 Gut
172 568 203 590 re,
215 563 280 585 rotu-

101 590 170 614 lator.

321 345 382 374 468
633 342 798 374 ROTULI
823 342 1060 374 SCAGOARH
1284 345 1343 374 146
1350 343 1376 375 7.

320 436 363 467 Et
387 435 500 473 eidem,
516 446 572 477 per
595 436 793 467 solucionem
808 436 926 467 factam
943 436 1028 467 dicto
1052 439 1275 477 computorum
1291 439 1378 467 rotu-

320 486 423 524 latori,
439 487 508 528 ipso
525 487 647 518 fatente
662 489 827 528 receptum
847 497 943 527 super
959 488 1156 527 computum,
1173 486 1212 517 de
1228 485 1379 527 thanagio

320 536 359 568 de
382 537 511 573 Kintor,
528 546 590 577 que
613 539 690 567 sunt
713 536 752 568 de
775 537 941 578 arreragiis
965 536 1192 577 computantis,
1212 536 1246 577 iij
1264 536 1306 573 fi„
1323 546 1379 577 pro

321 587 439 628 quibus
461 587 548 618 idem
571 587 727 618 rotulator
749 586 961 627 respondebit.
1007 587 1051 617 Et
1073 586 1186 624 eidem,
1213 596 1271 627 per
1293 585 1378 617 solu-

319 637 445 668 cionem
476 636 595 667 factam
627 636 769 677 Georgeo
802 636 932 667 domino
963 635 1134 667 Gordoune
1158 636 1196 667 de
1223 636 1378 677 pensione

320 690 451 718 centum
482 697 661 717 marcarum
692 686 754 717 sibi
781 686 859 718 alias
890 697 975 717 anno
1005 686 1139 718 Domini
1180 685 1376 727 sexagesimo

318 747 375 777 pro
415 736 582 777 septennio
639 736 747 767 futuro
786 746 943 774 concessa,
991 746 1048 777 pro
1094 735 1240 767 custodia
1281 735 1378 766 castri

319 786 359 817 de
386 786 542 817 Invernes
573 785 635 816 sibi
666 795 823 822 concessa,
853 785 930 816 licet
960 785 1042 816 illud
1078 795 1246 826 nunquam
1275 785 1377 825 recip-

322 839 398 874 erat,
430 839 540 867 tamen
570 846 611 867 ex
648 835 904 866 consideracione
939 835 1141 866 dominorum
1171 835 1211 866 de
1242 835 1377 866 concilio

324 887 454 927 propter
477 885 602 922 melius,
624 885 659 916 in
683 885 813 916 feodum
836 885 980 926 ejusdem
1003 885 1042 916 de
1065 895 1149 916 anno
1180 885 1324 926 computi
1346 888 1378 917 et

321 936 445 967 duobus
462 935 555 966 annis
570 934 815 976 precedentibus
825 935 886 966 hoc
899 938 1095 976 computum,
1111 934 1147 976 ijc
1161 935 1203 972 n„
1216 939 1248 966 et
1263 935 1376 976 hujus-

320 985 407 1016 modi
431 985 591 1016 concessio
614 984 676 1016 sibi
699 985 783 1016 faeta
806 985 869 1016 fuit
892 985 952 1016 sub
982 995 1098 1026 magno
1122 985 1228 1026 sigillo
1246 987 1375 1016 ostensa

319 1045 415 1076 super
431 1037 625 1075 computum.
672 1034 715 1065 Et
738 1034 850 1072 eidem,
867 1035 906 1066 de
929 1035 1030 1066 firmis
1053 1038 1212 1066 terrarum
1228 1035 1267 1066 de
1292 1035 1376 1066 Kin-

320 1095 402 1126 crag,
418 1084 636 1115 assedatarum
657 1084 765 1116 David
785 1085 895 1116 comiti
918 1085 1108 1117 Craufurdie
1133 1095 1190 1127 pro
1211 1085 1322 1117 decem
1345 1089 1378 1117 et

321 1144 440 1165 novem
456 1134 572 1165 marcis
587 1134 622 1164 in
638 1144 730 1171 anno,
746 1133 822 1165 licet
837 1134 961 1166 rentale
985 1134 1148 1166 contineat
1164 1135 1377 1176 quadraginta

320 1184 429 1221 libras,
446 1194 520 1215 cum
543 1183 661 1225 quibus
688 1187 878 1225 computans
902 1184 1049 1225 superius
1071 1188 1228 1222 oneratur,
1245 1185 1375 1216 custode

322 1234 441 1276 privati
456 1234 554 1275 sigilh'
569 1236 709 1265 testante
727 1234 986 1266 arrendacionem
1003 1245 1098 1275 super
1122 1237 1318 1275 computum,
1334 1235 1373 1266 de

320 1295 404 1316 anno
421 1284 564 1324 computi
580 1287 612 1315 et
638 1284 741 1315 tribus
769 1284 913 1316 terminis
936 1284 1181 1325 precedentibus
1202 1284 1263 1316 hoc
1289 1295 1374 1316 com-

319 1337 444 1375 putum,
456 1334 548 1374 lxviij
566 1334 597 1365 fi.
611 1334 643 1375 vj
660 1338 683 1366 s.
700 1334 756 1375 viij
775 1334 804 1366 d.
843 1335 885 1366 Et
898 1335 1011 1372 eidem,
1022 1345 1079 1375 per
1094 1334 1311 1366 decidenciam
1323 1336 1375 1366 fir-

318 1394 446 1415 marum
469 1383 508 1414 de
525 1383 771 1425 Bonnochquhy
787 1387 820 1415 et
835 1383 1007 1425 Banchary
1022 1394 1096 1415 cum
1113 1384 1230 1425 quibus
1246 1395 1376 1426 compu—

316 1437 390 1465 tans
406 1434 553 1475 superius
577 1437 736 1471 oneratur,
752 1444 792 1465 ex
815 1444 852 1465 eo
873 1433 959 1474 quod
973 1433 1178 1474 reperiuntur
1200 1433 1235 1465 111
1257 1435 1375 1466 rentali

315 1483 424 1514 valere
437 1483 568 1524 triginta
583 1483 681 1514 libras
696 1483 731 1514 in
747 1493 831 1514 anno
847 1483 1044 1524 sexagesimo
1056 1483 1180 1524 quinto,
1196 1486 1228 1514 et
1244 1494 1374 1525 compu-

317 1536 391 1564 tans
402 1532 524 1563 levavit
536 1532 574 1563 de
587 1532 707 1563 eisdem
723 1533 786 1563 nisi
801 1533 925 1574 viginta
940 1536 1005 1564 tres
1017 1532 1115 1564 libras
1132 1532 1170 1563 de
1186 1533 1272 1564 dicto
1288 1544 1373 1564 anno

318 1585 351 1613 et
373 1592 437 1612 uno
461 1592 545 1612 anno
567 1581 758 1622 precedente
774 1582 897 1613 dictum
919 1582 1104 1619 terminum,
1120 1593 1141 1612 x
1164 1582 1197 1613 fi.
1214 1593 1235 1613 x
1251 1586 1274 1613 s.
1331 1583 1374 1613 Et

317 1631 429 1668 eidem,
445 1641 502 1671 pro
520 1631 642 1661 factura
658 1630 838 1661 salmonum
865 1631 1021 1662 salsorum
1047 1631 1181 1672 piscarie
1212 1632 1251 1663 de
1268 1632 1374 1673 Speya

317 1681 357 1712 de
372 1681 465 1712 annis
488 1681 623 1711 Domini
645 1680 841 1721 sexagesimo
858 1684 971 1721 quarto
995 1681 1192 1722 sexagesimo
1208 1681 1322 1722 quinto
1339 1686 1371 1713 et

317 1730 513 1772 sexagesimo
529 1733 628 1767 sexto,
645 1730 794 1761 videlicet
817 1730 851 1761 in
872 1730 1036 1768 barilibus,
1051 1731 1145 1772 pipis,
1161 1731 1235 1768 sale,
1251 1731 1373 1772 stipen-

316 1780 370 1811 dio
385 1780 614 1816 laborancium,
630 1783 725 1820 prout
741 1782 830 1820 patet
845 1780 879 1810 in
895 1779 977 1811 libro
1001 1780 1216 1820 computantis
1231 1781 1372 1821 particu-

317 1830 429 1861 lariter
451 1829 635 1860 examinato
663 1839 758 1870 super
788 1833 985 1870 computum,
1008 1829 1054 1870 xlj
1078 1830 1110 1861 fi.
1134 1830 1201 1871 xvij
1227 1835 1249 1862 s.
1273 1830 1320 1872 iiij
1343 1831 1373 1862 d.

316 1880 360 1911 Et
385 1879 497 1917 eidem,
528 1879 567 1910 de
598 1879 698 1910 firmis
724 1883 881 1911 terrarum
913 1879 952 1911 de
982 1879 1150 1917 Hiltoune,
1181 1880 1312 1918 Leffare,
1339 1885 1372 1912 et

319 1929 455 1972 piscaria
493 1929 532 1960 de
570 1929 772 1970 Banquhare,
803 1929 959 1960 concessis
996 1929 1182 1960 Alexandro
1215 1930 1374 1972 Flemyng

317 1981 454 2011 durante
470 1979 636 2010 voluntate
659 1979 741 2020 regis
764 1989 821 2020 pro
837 1979 929 2010 terris
952 1979 991 2010 de
1007 1978 1115 2010 Ledno
1138 1979 1173 2009 in
1189 1979 1320 2011 baronia
1335 1980 1374 2011 de

316 2029 484 2066 Methven,
497 2028 536 2060 de
552 2028 689 2059 termino
707 2028 816 2059 Sancti
832 2028 967 2059 Martini
984 2028 1081 2070 hujus
1097 2029 1248 2069 computi,
1261 2029 1329 2070 xliij
1347 2033 1371 2061 ἔ.

316 2080 364 2120 iiij
382 2079 410 2110 d.
457 2078 589 2110 Summa
612 2077 708 2118 hujus
732 2088 879 2119 expense,
902 2076 1030 2118 iij⁰lxvij
1055 2077 1125 2108 1122<
1141 2082 1162 2109 s.
1181 2078 1236 2119 viij
1254 2078 1283 2111 d.
1330 2079 1372 2110 Et

316 2130 364 2161 sic
379 2130 502 2160 restant
525 2126 560 2169 ijc
576 2127 701 2168 lxxxvij
718 2127 750 2158 fi.
778 2127 812 2167 iij
832 2134 855 2159 s.
882 2127 926 2168 vij
944 2127 973 2158 d.
1018 2128 1069 2159 De
1093 2127 1218 2168 quibus,
1231 2128 1373 2169 pendent

316 2189 413 2220 super
458 2177 657 2210 Celestinum
696 2177 735 2208 de
769 2177 890 2208 Insulis
936 2177 975 2209 de
1020 2177 1120 2208 firmis
1158 2177 1288 2209 baronie
1332 2178 1373 2209 de

315 2228 492 2261 Eddirdule
508 2227 594 2258 ultra
617 2226 830 2268 quadraginta
851 2237 974 2258 marcas
990 2227 1052 2258 eibi
1067 2226 1102 2257 in
1118 2237 1202 2258 anno
1226 2237 1283 2268 pro
1300 2237 1370 2259 cus-

315 2279 406 2312 todia
421 2277 522 2310 castri
538 2277 683 2318 ejusdem
707 2287 881 2315 concessas,
897 2277 935 2308 (10
951 2277 1088 2309 termino
1110 2277 1221 2309 Sancti
1235 2277 1372 2309 Martini
