1551 2462
354 277 393 305 86
665 275 830 307 ROTULI
855 274 1091 306 SOACOARH
1314 276 1405 306 1461.

351 370 433 399 terre
457 368 497 399 de
520 368 677 400 Westoun
700 369 735 400 in
762 368 920 406 Cromarr,
943 368 982 400 de
1011 368 1115 400 tribus
1138 367 1284 399 terminis
1307 367 1404 409 hujus

351 415 490 458 compoti
507 421 539 449 et
554 418 613 449 sub
630 417 772 459 periculo
795 419 1016 459 compotantis,
1032 429 1054 449 x
1069 417 1102 450 n.
1148 418 1191 448 Et
1213 417 1325 455 eidem,
1347 428 1405 459 per

350 467 567 499 decidenciam
582 469 789 510 antiquarum
801 468 966 499 firmarum
983 467 1118 499 dominii
1133 467 1173 498 de
1190 467 1350 505 Strathde,
1366 472 1405 499 ut

351 520 439 558 patet
468 517 503 548 in
533 518 649 549 rentali
680 522 713 549 et
742 518 776 549 in
803 518 885 548 libro
915 517 1130 558 compotantis
1168 517 1405 558 particulariter

350 567 532 598 examinato
562 578 658 608 super
687 571 880 608 compotum,
911 567 950 598 de
987 567 1084 598 dictis
1119 567 1221 598 tribus
1249 567 1404 604 terminis,

350 617 463 657 xxxvij
481 617 513 648 n'.
529 617 551 657 ij
569 621 591 648 s.
610 617 640 657 vj
658 617 687 647 d.
733 617 776 647 Et
792 627 848 658 per
863 616 1063 648 consimilem
1087 616 1305 648 decidenciam
1320 616 1404 647 anti-

350 676 487 706 quarum
502 667 666 697 firmarum
683 666 817 697 dominii
834 666 872 697 de
890 666 1075 703 Strathdon,
1090 669 1128 697 ut
1139 669 1229 707 patet
1239 666 1273 697 in
1285 666 1403 697 rentali

349 719 382 747 et
411 716 493 747 libro
523 716 737 757 compotantis
767 716 917 747 similiter
943 716 1127 748 examinato
1154 719 1187 747 et
1217 715 1257 747 de
1283 716 1404 747 eisdem

349 766 504 804 terminis,
533 766 625 807 xlviij
653 766 685 797 n
712 766 768 807 viij
792 771 814 798 s.
860 766 903 798 Et
929 766 1079 798 similiter
1103 776 1160 807 per
1185 766 1404 797 decidenciam

347 816 556 857 antiquarum
582 816 746 847 firmarum
770 816 809 847 de
833 815 971 853 Cromar,
995 820 1033 847 ut
1055 819 1145 857 patet
1171 816 1206 846 in
1232 815 1348 846 rentali
1370 818 1404 846 et

348 865 434 897 dicto
465 866 547 897 libro
577 866 790 907 compotantis
821 866 1004 897 examinato
1027 875 1124 906 super
1146 869 1340 906 compotum,
1364 865 1404 896 de

348 915 468 947 eisdem
491 916 645 953 terminis,
662 916 729 956 xvij
753 915 786 947 n.
803 916 859 956 xiij
880 920 903 947 s.
927 916 958 956 vj
976 915 1006 946 d.
1052 916 1095 946 Et
1110 915 1223 953 eidem,
1241 915 1280 946 de
1303 915 1403 946 firmis

347 968 430 996 terre
460 965 499 996 de
531 965 747 1002 Cambuskist,
770 966 922 1006 deputate
953 975 1009 1007 pro
1032 965 1150 996 foresta
1180 964 1220 995 de
1250 964 1404 995 mandato

347 1014 470 1045 domini
484 1015 566 1056 regis
577 1019 609 1046 et
621 1015 725 1046 adhuc
737 1025 800 1046 non
811 1015 963 1052 assedate,
973 1015 1012 1046 de
1023 1014 1117 1046 dictis
1130 1014 1233 1045 tribus
1248 1014 1405 1052 terminis,

345 1063 380 1104 iij
398 1063 430 1094 fi.
454 1074 496 1094 xv
514 1068 538 1096 Ξ.
583 1064 625 1095 Et
648 1064 762 1102 eidem,
777 1075 834 1105 pro
850 1064 907 1105 xiij
921 1064 1033 1095 martis
1050 1074 1124 1094 cum
1140 1063 1273 1095 dimidia
1289 1067 1404 1105 quarte

346 1113 462 1144 debitis
486 1113 524 1144 de
547 1113 689 1144 dominio
712 1114 752 1145 de
783 1113 943 1151 Strathde,
965 1113 1111 1154 precium
1140 1113 1229 1154 pecie
1260 1113 1403 1154 quinque

346 1162 440 1194 solidi
471 1162 616 1194 solvendi
646 1163 822 1194 husbandis
839 1163 918 1194 dicti
934 1163 1078 1200 dominii,
1094 1163 1128 1203 iij
1151 1162 1184 1194 fi.
1206 1173 1228 1193 v
1251 1166 1275 1194 s.
1299 1162 1343 1202 vij
1371 1162 1402 1193 d.

345 1213 388 1243 Et
411 1213 516 1243 eidem
537 1223 594 1253 pro
618 1213 649 1253 xj
674 1213 848 1254 rynmartis
871 1212 1005 1244 dominii
1029 1212 1068 1243 de
1101 1211 1299 1243 Strathdoun
1324 1211 1404 1243 dicti

344 1262 452 1303 precii,
482 1262 516 1293 lv
546 1267 569 1293 s.
615 1263 658 1293 Et
688 1273 745 1303 pro
769 1273 824 1293 sex
847 1262 1020 1303 rynmartis
1044 1261 1179 1293 dominii
1208 1261 1248 1292 de
1272 1261 1404 1293 Cromar

345 1312 489 1352 ejusdem
501 1312 608 1353 precii,
620 1323 687 1343 xxx
703 1316 728 1344 s.
774 1312 817 1343 Et
825 1323 882 1353 per
897 1312 1123 1343 liberacionem
1139 1311 1258 1342 factam
1274 1311 1402 1342 domine

344 1361 451 1402 regine
467 1372 523 1402 per
546 1372 659 1393 manus
684 1362 844 1393 Willelmi
867 1361 986 1398 Haket,
1010 1361 1140 1392 custode
1163 1360 1282 1401 privati
1304 1360 1403 1401 sigilli

344 1414 483 1442 testante
493 1415 664 1452 receptum,
680 1411 702 1452 lj
719 1411 752 1442 11.
797 1411 840 1442 Et
856 1411 967 1442 eidem.
983 1421 1040 1452 per
1048 1410 1273 1441 liberacionem
1284 1410 1402 1441 factam

129 1457 330 1510 ξᾶζξζξξξξῐὲαι-
344 1460 524 1500 Margarete
547 1460 586 1491 de
610 1461 769 1497 Balfoure,
792 1461 852 1491 sub
875 1460 986 1491 eodem
1008 1460 1202 1497 testimonio,
1224 1459 1259 1490 lx
1282 1459 1324 1497 l-i„
1344 1470 1402 1500 pro

130 1505 197 1540 'foui'
344 1509 462 1550 quibus
477 1510 688 1550 respondebit.
735 1510 777 1540 Et
793 1510 878 1540 dicto
894 1509 1018 1541 custodi
1037 1509 1155 1550 privati
1171 1509 1270 1550 sigilli
1285 1510 1418 1541 fatenti*

129 1552 310 1612 {ffffingffiffti
344 1563 518 1599 receptum,
542 1570 586 1589 xx
602 1559 644 1596 fi„
668 1569 725 1599 pro
748 1559 865 1599 quibus
888 1559 1099 1599 respondebit.
1145 1559 1188 1589 Et
1210 1559 1323 1596 eidem,
1345 1569 1402 1600 per

129 1612 209 1641 sigilli.
344 1608 539 1640 solucionem
556 1609 674 1639 factam
690 1609 829 1639 Roberto
845 1609 977 1639 Liddale
994 1619 1050 1649 pro
1064 1609 1212 1650 expensis
1225 1609 1292 1640 suis
1308 1609 1401 1640 factis

344 1657 430 1698 apud
443 1658 684 1698 Ravynniscrag
706 1661 850 1698 tempore
873 1668 936 1698 quo
952 1661 1020 1688 erat
1042 1658 1171 1695 ibidem,
1187 1658 1227 1689 de
1249 1657 1401 1688 mandato

344 1707 472 1738 domine
488 1707 604 1748 regine,
623 1707 756 1738 custode
778 1707 896 1748 privati
921 1707 1019 1749 sigilli
1041 1711 1180 1738 testante
1203 1707 1402 1749 mandatum,

343 1757 422 1796 xxiij
454 1756 486 1788 fi.
515 1757 545 1797 vj
571 1761 593 1788 s.
620 1757 675 1797 viij
707 1756 736 1788 d.
782 1757 825 1787 Et
844 1757 956 1793 eidem,
983 1767 1039 1797 per
1063 1757 1257 1788 solucionem
1281 1758 1400 1788 factam

343 1806 472 1837 domino
485 1806 653 1847 Glammys
669 1807 707 1837 de
718 1806 842 1837 duobus
855 1807 966 1847 primis
978 1807 1124 1838 terminis
1139 1807 1236 1847 hujus
1252 1807 1400 1848 compoti,

343 1860 375 1886 et
398 1856 549 1897 magistro
573 1856 699 1887 Huntle
722 1856 761 1886 de
785 1857 882 1887 tercio
901 1856 1048 1892 termino,
1069 1866 1126 1897 pro
1143 1856 1288 1887 custodia
1303 1856 1400 1887 castri

343 1905 382 1936 de
398 1905 583 1947 Kildrumy,
600 1906 638 1937 de
654 1905 753 1936 firmis
777 1909 934 1936 terrarum
950 1905 1191 1936 dominicalium
1208 1905 1351 1945 ejusdem
1367 1911 1400 1936 et,

342 1954 467 1996 Migvy‚
491 1965 557 1985 xxx
580 1954 612 1986 li.
658 1955 701 1985 Et
724 1954 828 1985 eidem
850 1954 980 1984 domino
1003 1954 1173 1994 Glammys
1192 1958 1225 1985 et
1247 1954 1399 1995 magistro

342 2004 469 2036 Huntle
493 2005 531 2036 de
555 2005 654 2036 firmis
670 2008 825 2036 terrarum
841 2003 1083 2035 dominicalium
1100 2004 1138 2035 de
1154 2003 1327 2035 Kildrocht
1341 2014 1399 2045 pro

342 2055 486 2086 custodia
502 2055 599 2086 castri
614 2054 758 2096 ejusdem
781 2054 820 2086 de
836 2054 930 2085 dictis
947 2054 1048 2084 tribus
1065 2054 1219 2091 terminis,
1242 2064 1263 2084 x
1278 2053 1310 2085 n.
1355 2054 1399 2084 Et

340 2114 398 2144 pro
423 2104 444 2144 ij
463 2104 578 2135 celdris
591 2104 611 2144 ij
638 2103 731 2135 bollis
748 2104 768 2144 ij
788 2103 910 2134 ferlotis
926 2113 1109 2140 avenarum,
1133 2104 1276 2144 precium
1293 2103 1398 2134 celdre

341 2154 485 2194 quinque
515 2153 609 2185 solidi
640 2159 673 2185 et
710 2158 846 2194 quatuor
877 2153 1008 2190 denarii,
1038 2153 1184 2184 solvendi
1221 2152 1398 2184 husbandis
1438 2152 1444 2156 ’

341 2204 512 2235 comitatus
528 2204 567 2235 de
590 2204 689 2241 Marr,
705 2204 737 2244 xj
763 2213 786 2235 s.
810 2203 840 2244 vj
863 2203 902 2240 d„
925 2213 1004 2244 quas
1029 2213 1146 2234 avenas
1169 2212 1243 2234 cum
1266 2202 1398 2243 triginta
