1551 2462
178 636 342 665 Respondebit

178 666 300 700 Kingorne
311 674 354 696 pro

177 698 267 720 marus.

395 241 434 269 58
697 239 861 270 ROTULI
876 239 1120 287 ‹SCACOARH
1351 243 1441 271 1461.

394 338 562 368 annuatim
578 337 685 369 decem
702 338 799 369 libras
816 342 970 369 terrarum
987 339 1026 370 de
1050 339 1146 370 Rowe
1162 339 1247 370 infra
1263 339 1441 370 dominium

394 387 433 418 de
459 388 617 424 Menteth,
647 398 687 419 ex
718 387 884 419 elimosina
915 388 966 428 pie
990 389 1142 419 memorie
1165 388 1279 419 Jacobi
1310 388 1441 420 secundi

393 437 484 478 regis,
498 442 537 468 ut
552 441 641 478 patet
666 438 700 468 in
719 438 831 469 rotulis
850 438 1102 478 precedentibus,
1127 438 1165 469 de
1185 449 1268 469 anno
1293 438 1442 479 compoti,

392 498 413 517 x
429 487 461 518 11.
508 488 550 518 Et
566 487 677 524 eidem,
694 488 732 518 de
749 487 848 518 firmis
865 491 1020 518 terrarum
1037 487 1075 518 de
1093 488 1198 528 Gudy,
1215 491 1440 528 occupatarum

392 547 465 567 cum
482 537 616 577 propriis
638 537 728 568 bonis
750 537 878 568 domine
898 537 1007 577 regine
1031 537 1068 568 de
1090 547 1174 567 anno
1198 537 1345 577 compoti,
1365 536 1400 567 xl
1416 541 1440 569 ἔ.

391 587 435 617 Et
458 587 559 618 eidem
583 597 639 627 pro
663 587 694 627 xj
720 587 831 618 martis
855 587 949 617 dictis
973 586 1183 617 martfodellis
1207 587 1376 617 comitatus
1400 587 1439 618 de

392 637 584 672 Stratherne,
614 637 756 667 liberatis
796 637 969 677 Kingorne‚
1000 636 1183 673 senescallo,
1213 636 1252 667 ad
1284 647 1439 677 expensas

391 686 543 717 domicilii
574 686 701 717 domine
739 686 854 727 regine,
885 696 942 726 pro
976 686 1092 726 quibus
1133 686 1345 726 respondebit,
1382 697 1439 727 pro

391 748 524 779 quarum
542 738 685 778 qualibet
704 737 861 768 allocandi
885 737 1061 768 husbandis
1085 738 1118 768 in
1142 738 1242 768 firmis
1266 738 1438 768 eorundem

390 787 532 828 quinque
545 787 647 824 solidi,
660 787 692 817 lv
705 791 727 818 s.
766 787 808 819 Et
820 787 932 823 eidem,
944 797 1000 827 per
1012 787 1206 827 superfluam
1219 787 1438 818 oneracionem

389 837 428 868 de
466 836 627 867 Parkland
658 837 696 867 de
727 837 843 867 Doune
873 846 946 867 cum
977 847 1040 876 qua
1071 840 1256 876 compotens
1292 837 1438 877 superius

389 890 546 923 oneratur,
563 897 599 917 eo
616 886 700 927 quod
716 886 800 917 dicte
817 890 898 917 terre
915 886 1145 917 assedabantur
1163 886 1224 916 nisi
1243 886 1277 916 in
1301 886 1438 917 termino

389 936 616 967 Pentheoostes
640 935 763 972 ultimo,
780 935 819 966 de
838 935 932 966 dictis
956 935 1110 971 terminis,
1127 935 1161 965 xl
1187 940 1209 967 s.
1256 936 1299 966 Et
1325 936 1438 974 eidem,

387 996 442 1026 per
467 985 661 1026 superfluam
684 985 904 1015 oneracionem
928 988 1085 1015 terrarum
1109 985 1245 1015 dominii
1269 985 1308 1016 de
1332 985 1438 1016 Buch—

387 1034 545 1075 quhidder
575 1044 648 1064 cum
679 1034 796 1074 quibus
827 1037 1012 1074 compotens
1044 1034 1189 1074 superius
1220 1038 1377 1071 oneratur,
1400 1046 1437 1066 eo

387 1085 472 1125 quod
508 1084 737 1115 assedabantur
767 1083 802 1113 in
833 1083 1044 1114 Penthecoste
1077 1083 1193 1114 ultimo
1223 1094 1280 1124 pro
1307 1088 1435 1115 centum

387 1134 599 1175 quadraginta
623 1133 737 1165 marcis
761 1137 793 1163 et
816 1137 891 1163 ante
922 1132 981 1163 hoc
1004 1143 1061 1173 pro
1086 1136 1217 1164 centum
1239 1137 1272 1164 et
1303 1134 1437 1174 triginta

386 1184 509 1221 marcis,
558 1184 596 1214 de
635 1183 729 1213 dictis
782 1182 906 1213 duobus
951 1182 1098 1213 terminis
1138 1182 1234 1223 hujus
1287 1183 1436 1224 compoti,

385 1235 416 1274 vj
434 1234 466 1265 fi.
491 1234 546 1273 xiij
572 1237 594 1264 s.
626 1233 672 1273 iiij
696 1232 724 1263 d.
770 1232 812 1263 Et
843 1242 899 1272 per
929 1232 1125 1263 solucionem
1156 1232 1276 1263 factam
1305 1233 1436 1264 Andree

385 1284 514 1315 domiuo
530 1283 707 1319 Avandale,
731 1281 927 1319 cancellario,
944 1281 982 1312 de
1001 1282 1152 1312 mandato
1168 1282 1297 1312 domine
1321 1283 1436 1323 regine,

385 1333 515 1365 custode
531 1333 648 1374 privati
665 1331 762 1373 sigilli
774 1335 909 1362 testante
926 1331 1115 1361 mandatum
1131 1341 1227 1371 super
1243 1336 1437 1372 compotum,

385 1383 423 1414 de
446 1382 546 1413 firmis
569 1381 672 1412 medie
696 1381 794 1421 partis
811 1381 888 1411 dieti
911 1380 1045 1411 dominii
1062 1380 1100 1411 de
1117 1380 1377 1420 Buehquhidder,
1396 1381 1435 1413 de

384 1433 478 1463 dictis
502 1431 655 1468 terminis,
680 1431 747 1470 xliij
772 1430 803 1461 11'.
826 1430 856 1470 vj
875 1434 897 1460 s.
926 1430 980 1470 viij
999 1429 1027 1460 d.
1074 1430 1115 1460 Et
1138 1440 1195 1470 per
1217 1430 1434 1461 decidenciam

384 1484 545 1512 firmarum
562 1480 600 1511 de
615 1481 789 1519 Drummys
804 1479 841 1509 de
858 1479 1016 1519 Kippane,
1033 1489 1095 1519 que
1108 1479 1318 1510 inveniuntur
1330 1480 1435 1511 valere

383 1532 417 1562 in
440 1531 572 1571 antiquo
597 1529 710 1560 rentali
733 1529 944 1570 quadraginta
967 1529 1092 1566 solidos,
1116 1533 1224 1561 tamen
1248 1529 1435 1560 assedantur

383 1581 423 1612 etl
447 1590 575 1622 presens
598 1590 654 1620 pro
677 1579 800 1610 duabus
828 1579 951 1615 marcis,
975 1579 1013 1609 de
1037 1589 1120 1609 anno
1144 1579 1290 1620 compoti,
1321 1579 1377 1620 xiij
1409 1584 1433 1611 s.

385 1631 430 1671 iiij
461 1630 489 1661 d.
537 1630 578 1660 Et
616 1639 672 1669 per
709 1628 902 1668 superfluam
941 1629 1161 1659 oneracionem
1200 1632 1357 1659 terrarum
1395 1628 1434 1660 de

383 1679 523 1716 Colloch,
539 1689 575 1710 eo
591 1678 676 1719 quod
692 1678 775 1708 dicte
799 1682 881 1708 terre
899 1688 961 1708 non
977 1678 1181 1718 reperiuntur
1203 1678 1238 1708 in
1253 1677 1378 1715 rentali,
1394 1677 1433 1709 de

383 1740 467 1760 anno
484 1728 629 1769 compoti,
657 1728 687 1768 vj
715 1731 737 1759 s,
764 1727 818 1767 viij
845 1727 874 1758 d.
920 1727 962 1758 Et
977 1736 1034 1767 per
1056 1727 1195 1758 similem
1211 1727 1432 1758 oneraeiouem

383 1779 520 1811 dimedie
543 1778 641 1819 partis
666 1781 822 1808 terrarum
847 1777 885 1808 de
910 1777 1169 1817 Buchquhidder,
1191 1777 1350 1817 assignat-e
1377 1787 1433 1817 per

383 1830 546 1860 dominam
568 1827 711 1868 reginam
734 1826 862 1857 domino
886 1825 1082 1862 cancellario,
1106 1826 1144 1856 de
1169 1826 1305 1856 termino
1323 1826 1433 1857 Sancti

383 1879 519 1910 Martini
545 1877 733 1918 precedente
763 1876 822 1907 hoc
845 1880 1037 1916 compotum,
1061 1886 1097 1906 eo
1128 1876 1213 1916 quod
1244 1879 1431 1917 compotens

382 1929 573 1960 onerabatur
610 1927 643 1957 in
681 1926 766 1957 dicto
796 1931 941 1966 compoto
972 1925 1006 1955 in
1044 1925 1154 1956 decem
1192 1925 1307 1956 marcis
1345 1925 1430 1956 ultra

382 1987 539 2009 summam
557 1986 653 2017 quam
676 1975 795 2016 recepit
817 1975 856 2005 de
880 1974 998 2005 eisdem
1022 1974 1122 2010 terris,
1138 1974 1171 2014 iij
1189 1974 1219 2005 ri.
1238 1975 1268 2014 vj
1287 1978 1310 2006 s.
1330 1975 1382 2015 viij
1400 1974 1430 2006 d.

383 2028 425 2058 Et,
457 2027 569 2063 eidem,
599 2026 638 2057 de
665 2025 765 2056 firmis
796 2028 952 2055 terrarum
983 2023 1021 2054 de
1050 2024 1261 2060 Dulmarnok,
1289 2024 1429 2055 existen-

382 2078 467 2108 cium
494 2077 528 2107 in
553 2075 700 2106 manibus
727 2074 866 2115 episcopi
895 2073 1134 2104 Duukeldensis
1167 2073 1200 2103 in
1226 2073 1428 2104 excambium

382 2136 438 2166 pro
462 2126 571 2156 decem
586 2124 741 2155 *marcatis
765 2126 918 2154 terrarum
943 2122 976 2152 in
1000 2122 1130 2153 baronia
1153 2122 1192 2153 de
1216 2122 1366 2153 Ballerno
1389 2122 1429 2153 de

382 2186 466 2206 anno
493 2175 641 2215 compoti,
668 2173 708 2214 ’iij
737 2173 768 2204 fi.
798 2173 827 2213 vj
856 2177 881 2203 Ξ.
913 2172 966 2213 viij
999 2172 1028 2203 d.
1083 2172 1125 2204 Et
1156 2182 1211 2213 per
1234 2172 1428 2203 solucionem
