1551 2462
147 684 272 716 Strath—

147 728 277 760 braune.

145 778 312 819 Descheyr

146 826 179 853 et
195 822 345 863 Teweyir.

147 877 207 909 Gle
212 877 335 918 nlyone.

146 927 342 968 Forthirgiu.

146 980 324 1019 Appynna·

145 1022 223 1053 dull.

147 1077 308 1108 Rannaeh.

146 1128 261 1170 Cluny.

146 1572 345 1605 Fethirkern.

361 245 423 273 230
664 241 829 273 ROTULI
853 240 1089 273 SCACCARH
1326 242 1416 270 1464.

359 335 470 367 eodem
487 338 641 376 compoto.
685 334 728 366 Et.
744 334 783 366 de
799 345 820 366 x
835 334 868 365 11.
884 333 950 374 xxij
970 331 999 365 (1,
1025 343 1082 374 per
1098 331 1255 373 arreragia
1271 332 1414 374 computi

360 385 411 416 sui
437 385 475 417 de
502 385 687 427 Kynolevin
713 385 830 416 redditi
853 384 1005 415 vicesimo
1039 382 1138 414 tercio
1164 382 1305 423 Augusti
1331 392 1416 414 anno

360 435 556 476 sexagesimo
582 434 730 471 secundo,
755 438 792 465 ut
822 437 912 475 patet
939 433 973 464 in
1004 431 1085 474 pede
1109 431 1260 472 ejusdem.
1307 431 1350 462 Et
1375 431 1414 464 de

361 483 427 525 xlvj
451 484 484 515 11.
508 494 564 525 per
586 484 743 525 arreragia
769 493 1007 525 gressumarum
1031 481 1176 522 ejusdem
1201 481 1352 522 computi,
1377 485 1415 513 ut

361 533 489 574 patetin
501 533 612 565 eodem
623 537 780 575 computo.
819 533 951 565 Summa
964 531 1203 573 arreragiorum,
1209 530 1413 573 jffizxxviijfi.

361 583 394 624 xj
415 587 437 615 ἐ.
454 593 476 614 v
491 583 520 614 d.

405 633 498 669 Item,
514 633 600 664 idem
623 636 734 665 onerat
757 643 790 664 se
813 630 852 664 de
875 632 955 673 xlvij
972 631 1003 662 11.
1022 630 1078 672 xiij
1096 635 1119 662 ἔ.
1136 630 1182 672 iiij
1208 629 1236 662 d.
1253 630 1292 663 de
1316 632 1415 663 firmis

361 682 496 713 dominii
526 682 564 713 de
597 682 827 714 Strathbraune
858 682 897 713 de
928 681 1051 713 duobus
1076 680 1222 712 terminis
1247 681 1331 712 infra
1356 681 1416 713 hoe

361 736 552 773 compotum.
598 732 641 763 Et
665 732 703 763 de
731 731 857 773 lxxxxij
883 731 917 764 11.
941 741 999 773 per
1022 731 1162 772 integras
1189 731 1289 762 firmis
1312 731 1414 763 tocius

361 782 495 813 dominii
511 782 549 813 de
567 781 730 823 Desehyer
753 784 786 813 et
801 782 933 823 Tweyer
951 792 991 813 ex
1006 784 1141 822 utraque
1157 784 1247 822 parte
1271 781 1360 812 lacus
1376 781 1414 812 de

361 832 447 873 Taya
474 832 512 863 de
536 831 655 862 eisdem
672 831 824 862 terminis.
870 830 914 862 Et
933 831 972 863 de
996 832 1107 873 xxxvij
1136 830 1168 864 11.
1195 841 1252 873 per
1276 831 1415 872 integras

360 881 467 912 firmas
483 881 616 912 dominii
626 881 665 912 de
682 880 845 921 Glenlyon
857 879 895 911 de
908 879 1028 911 eisdem
1038 880 1191 911 herminis.
1226 880 1268 910 Et
1280 880 1319 911 de
1336 880 1413 920 xviij

361 931 392 962 fi.
409 941 465 971 per
487 931 626 971 integras
647 930 754 961 firmas
775 930 904 961 baronie
925 929 963 960 de
987 929 1013 959 F
1014 929 1173 970 orthirgill
1188 928 1227 960 (18
1243 928 1338 960 dictis
1354 934 1415 960 ter—

362 981 464 1011 minis.
503 980 546 1010 Et
561 980 600 1010 de
615 979 651 1020 lij
667 979 701 1010 11.
717 979 773 1020 xiij
792 983 817 1010 ἐν
828 978 874 1019 iiij
892 978 920 1009 (1.
935 978 1063 1010 baronie
1080 979 1119 1009 de
1137 978 1358 1020 Appinnadull
1376 979 1415 1010 de

361 1029 472 1060 eodem
494 1038 586 1059 anno.
632 1029 674 1059 Et
692 1028 731 1059 de
747 1028 803 1068 viij
820 1027 852 1058 11.
870 1028 901 1068 vj
919 1031 942 1058 ἔ.
958 1027 1014 1068 viij
1031 1027 1060 1059 d.
1076 1038 1134 1069 per
1148 1028 1289 1069 integras
1305 1028 1413 1059 firmas

361 1079 490 1110 haronie
503 1078 542 1110 de
554 1077 710 1110 Rannach
723 1078 762 1109 de
774 1078 859 1109 dicto
869 1087 960 1108 anno.
999 1078 1042 1108 Et
1057 1078 1096 1109 de
1113 1078 1169 1118 xiij
1186 1077 1219 1109 Ii.
1232 1078 1263 1118 vj
1277 1081 1300 1109 ἓ.
1312 1078 1369 1119 viij
1385 1078 1415 1110 d.
1456 1101 1458 1103 -

361 1128 400 1160 de
412 1128 512 1160 firmis
524 1129 654 1160 baronie
667 1128 705 1159 de
719 1128 825 1169 Cluny
835 1138 892 1169 per
902 1128 988 1159 idem
1004 1131 1140 1169 tempus.
1178 1129 1221 1159 Et
1237 1128 1277 1159 de
1290 1128 1319 1168 vj
1331 1127 1363 1158 11.
1376 1127 1416 1159 (18

360 1179 461 1209 firmis
491 1181 646 1210 terrarum
676 1178 716 1209 de
746 1178 997 1219 Balbegynnoch
1037 1178 1123 1209 infra
1151 1177 1340 1219 thanagium
1376 1178 1415 1209 de

361 1228 481 1259 Kintor
496 1228 535 1258 de
551 1228 688 1259 termino
706 1227 816 1258 Sancti
840 1227 975 1258 Martini
990 1227 1074 1259 infra
1088 1227 1149 1259 1108
1173 1231 1368 1269 compubum,
1383 1230 1416 1258 et

361 1278 463 1308 nichil
478 1277 530 1308 1118
545 1277 585 1308 (18
601 1277 700 1308 firmis
717 1277 793 1308 dicti
810 1277 954 1318 thanagii
969 1277 1008 1309 (18
1025 1278 1161 1309 termino
1185 1277 1413 1309 Penthecostes

361 1327 437 1367 quia
466 1326 575 1357 David
606 1327 822 1368 Scrimgeoure
852 1327 1060 1358 constituitur
1083 1330 1226 1368 receptor
1256 1327 1415 1358 dictarum

361 1376 524 1406 firmarum
540 1378 572 1406 et
595 1375 729 1406 aliarum
753 1380 910 1407 terrarum
939 1376 979 1407 de
1009 1376 1095 1408 dieto
1119 1377 1263 1408 termino.
1310 1376 1352 1407 Et
1375 1376 1415 1407 (18

360 1426 394 1465 iij
412 1425 443 1456 11.
460 1425 499 1456 (18
516 1425 615 1456 firmis
632 1428 788 1456 terrarum
810 1425 850 1456 de
874 1425 1063 1457 Ballernaeh
1080 1426 1119 1457 de
1135 1426 1256 1457 eisdem
1277 1426 1414 1457 termino

360 1478 393 1505 et
409 1474 566 1515 thanagio.
613 1475 655 1505 Et
670 1474 709 1505 de
725 1485 747 1505 v
760 1474 792 1505 11.
810 1474 850 1506 (18
865 1475 965 1506 firmis
981 1478 1063 1507 terre
1080 1475 1118 1507 de
1134 1476 1352 1507 Thanistoune
1375 1476 1414 1506 de

361 1524 455 1555 dictis
470 1523 616 1555 terminis
632 1527 664 1554 et
686 1524 886 1564 proprietate.
933 1524 975 1555 Et
991 1524 1030 1556 de
1046 1525 1080 1565 iij
1098 1524 1130 1556 11.
1146 1525 1186 1556 de
1209 1524 1309 1556 firmis
1332 1528 1413 1556 terre

361 1574 399 1605 de
422 1573 567 1614 Foderay
583 1572 621 1604 de
637 1572 723 1604 dicto
745 1573 891 1605 termino.
936 1574 980 1604 Et
992 1574 1031 1605 de
1046 1574 1080 1615 iij
1097 1573 1130 1605 11.
1146 1574 1185 1606 (18
1209 1574 1309 1605 firmis
1332 1578 1414 1606 terre

360 1623 399 1654 de
415 1621 608 1654 Balnakedil
623 1621 662 1652 de
678 1621 764 1653 dicto
787 1622 934 1653 termino.
978 1623 1021 1654 Et
1044 1623 1082 1654 de
1114 1623 1190 1664 xxvj
1207 1627 1231 1655 ἓ.
1248 1624 1304 1664 viij
1321 1623 1350 1654 d.
1375 1624 1414 1655 de

359 1672 460 1703 firmis
475 1675 557 1702 terre
574 1671 612 1702 de
629 1670 790 1702 Bordland
807 1671 845 1702 de
861 1671 947 1703 dieto
963 1672 1108 1704 termino.
1154 1673 1196 1704 Et
1211 1673 1251 1704 de
1267 1683 1311 1703 xv
1326 1677 1349 1704 ἔ.
1373 1672 1412 1704 (18

359 1721 459 1752 firmis
468 1724 550 1751 terre
567 1720 605 1751 de
619 1720 841 1751 Fasdalwacht
851 1720 888 1751 de
899 1721 985 1752 dicto
997 1722 1141 1753 termino.
1173 1722 1216 1753 Et
1231 1722 1270 1753 de
1283 1733 1326 1753 xv
1337 1726 1360 1753 ἓ.
1374 1722 1412 1753 (18

359 1771 458 1802 firmis
474 1774 555 1801 terre
576 1770 615 1801 de
638 1770 923 1810 Wismanystoune
940 1770 978 1802 de
1003 1771 1089 1802 dicto
1115 1772 1259 1803 termino.
1304 1772 1347 1803 Et
1373 1771 1413 1803 de

359 1821 438 1861 xxiij
456 1824 478 1851 ἐ.
495 1820 541 1860 iiij
558 1819 587 1850 (1.
605 1819 644 1851 (18
660 1819 759 1851 firmis
775 1823 856 1851 terre
872 1820 910 1851 de
926 1820 1098 1852 Auoharne
1115 1821 1153 1852 de
1167 1821 1252 1853 dieto
1267 1822 1414 1854 termino.

358 1871 401 1901 Et
427 1870 466 1901 de
492 1880 535 1900 xx
560 1874 583 1901 ἓ.
605 1869 644 1900 (18
667 1869 767 1900 firmis
798 1872 954 1900 terrarum
977 1869 1136 1901 dictarum
1152 1871 1228 1902 Twa
1244 1871 1357 1902 Parkis
1373 1871 1412 1902 de

359 1920 443 1951 dieto
459 1919 602 1951 termino.
640 1919 683 1950 Et
693 1918 731 1949 de
747 1918 768 1959 ij
787 1922 810 1949 ἒ.
823 1919 855 1959 vj
869 1918 899 1950 d.
915 1919 954 1950 de
967 1919 1067 1950 firmis
1083 1923 1165 1951 terre
1181 1920 1220 1950 de
1237 1920 1412 1951 Pariscroft
1437 1948 1442 1949 ⁷

358 1969 397 2000 de
413 1969 498 2000 djcto
514 1968 659 1999 termino.
702 1968 745 1998 Et
761 1967 799 1998 de
815 1978 837 1998 x
854 1972 877 1999 ἓ.
894 1968 933 1999 (18
950 1968 1049 1999 firmis
1066 1973 1147 2000 terre
1163 1969 1202 2000 de
1217 1969 1411 2001 Muretoune

358 2018 396 2049 de
420 2018 505 2049 dicto
529 2017 673 2048 termino.
718 2017 761 2048 Et
783 2016 822 2048 de
845 2027 867 2047 v
881 2015 913 2047 11.
931 2016 970 2048 (18
993 2017 1092 2048 firmis
1115 2021 1198 2049 terre
1221 2017 1260 2049 de
1283 2018 1412 2049 Balma-

357 2077 491 2108 cowyng
508 2066 546 2098 de
563 2066 649 2097 dicto
664 2065 809 2097 termino.
855 2065 899 2096 Et
921 2065 960 2096 de
977 2076 998 2096 v
1013 2066 1045 2098 11.
1063 2066 1101 2097 (18
1118 2067 1217 2098 firmis
1232 2067 1409 2098 molendini

356 2116 501 2156 ejusdem
516 2115 555 2146 de
571 2115 683 2146 eodem
699 2114 844 2147 termino.
890 2115 932 2146 Et
948 2115 986 2146 de
1002 2115 1025 2156 lj
1043 2119 1067 2147 S.
1083 2116 1122 2147 de
1137 2116 1237 2147 firmis
1252 2120 1408 2147 terrarum

355 2165 395 2196 de
425 2166 585 2207 Petgarvy
615 2175 688 2196 eum
714 2164 921 2207 pertinenciis
951 2164 989 2196 de
1027 2164 1113 2196 dicto
1144 2165 1288 2198 termino.
1335 2166 1404 2204 Que
