1551 2462
99 249 189 279 1462.
408 241 570 277 REGUM
594 244 841 277 SCOTORUM.
1086 247 1146 278 127

94 350 190 382 super
205 341 396 381 compotum,
411 338 466 380 xvj
483 338 515 370 fi.
560 338 604 369 Et
620 337 759 369 Roberto
775 338 894 378 Napar,
909 347 965 379 pro
981 337 1072 369 feodo
1089 348 1146 370 suo

94 389 132 421 de
146 389 248 431 primo
264 388 400 420 termino
415 387 512 429 hujus
527 388 676 429 compoti,
695 387 735 419 de
751 387 902 419 mandato
918 387 1040 419 domini
1066 388 1148 429 regis

93 439 266 470 literatorio
282 439 341 470 sub
357 438 480 479 signeto
505 441 631 469 ostenso
655 448 751 479 super
774 441 967 479 compotum,
983 438 1043 469 sub
1064 438 1146 479 peri—

93 488 165 520 'culo
181 488 400 529 compotantis,
416 488 448 528 vj
471 487 503 518 fi.
528 487 584 528 xiij
610 491 633 519 s.
657 487 703 528 iiij
728 487 757 518 d.
804 487 846 518 Et
862 487 974 525 eidem,
990 497 1047 528 per
1062 488 1146 519 solu-

94 539 219 570 cionem
241 539 360 570 factam
382 538 534 579 magistro
557 537 670 568 David
689 537 825 575 Guthre,
853 537 1060 575 thesaurario,
1090 547 1147 578 per

94 589 310 630 recepcionem
336 588 481 629 magistri
504 587 694 619 Archibaldi
721 587 894 624 Qubfflaw,
916 590 1059 627 tempore
1083 597 1146 628 quo

95 638 180 670 idem
198 638 413 669 thesaurarius
432 640 498 668 erat
515 636 550 668 in
565 636 694 678 Anglia,
709 636 778 677 ipso
796 636 924 667 domino
948 637 1144 667 thesaurario

94 688 215 719 fatente
239 691 403 729 receptum
430 697 525 728 super
552 689 744 728 compotum,
771 686 841 727 lxiij
870 686 911 724 n,
942 697 998 727 pro
1027 687 1143 727 quibus
1159 679 1208 731 {fist
1225 679 1362 738 ssffi‘ifflssau·

92 737 301 779 respondebit.
361 738 405 768 Et
434 737 546 774 eidem,
577 747 633 778 per
663 736 860 768 solucionem
889 736 1009 767 factam
1039 736 1144 767 eidem
1157 738 1240 762 rarius.

88 786 286 819 'thesaurario
301 797 357 828 per
372 787 591 828 recepcionem
613 787 636 818 J
637 786 773 818 ohannis
796 786 975 817 Lardenare
996 797 1036 818 ex
1051 791 1142 827 parte

91 837 234 878 ejusdem
270 837 468 875 thesaurarii,
505 838 574 878 ipso
612 836 741 868 domino
779 836 976 868 thesaurario
1017 836 1139 867 fatente

90 890 252 928 receptum
265 897 360 928 super
372 890 564 928 compotum,
580 886 662 927 xliiij
679 886 721 924 li,
731 896 788 927 pro
802 886 919 926 quibus
929 885 1140 927 respondebit.
1216 890 1261 914 Do.

90 936 133 967 Et
153 937 264 974 eidem,
287 947 344 978 per
370 936 566 967 solucionem
592 936 711 967 factam
735 935 839 967 eidem
862 935 1061 967 thesaurario
1084 946 1141 977 per

89 986 307 1027 recepcionem
331 986 490 1017 Willelmi
511 985 673 1022 Halkhed,
699 985 769 1026 ipso
795 985 992 1017 thesaurario
1016 986 1138 1017 fatente

89 1039 254 1077 receptum
270 1046 365 1081 super
387 1038 579 1076 compotum,
596 1046 617 1066 x
639 1034 682 1072 n,
705 1045 763 1075 pro
787 1035 904 1075 quibus
927 1035 1140 1076 respondebit.
1215 1041 1260 1065 Do.

27 1109 32 1113 .
90 1085 133 1116 Et
159 1095 215 1125 per
239 1085 436 1116 solucionem
459 1085 578 1115 factam
604 1084 709 1115 eidem
734 1084 930 1115 thesaurario
955 1094 1012 1125 per
1033 1095 1141 1126 recep-

25 1131 32 1133 *
89 1134 214 1165 cionem
259 1134 382 1165 domini
425 1134 584 1165 Willelmi
628 1134 815 1174 Bikyrtone,
860 1134 1035 1171 senescalli,
1073 1134 1142 1175 ipso

90 1183 286 1215 thesaurario
303 1184 425 1215 fatente
447 1187 610 1224 receptum
634 1194 729 1225 super
752 1186 944 1225 compotum,
967 1184 1002 1215 lv
1016 1183 1048 1215 fi.
1065 1184 1099 1225 iij
1119 1188 1141 1216 ἕ.

89 1233 145 1273 viij
163 1232 201 1270 d„
216 1243 274 1274 pro
290 1233 407 1274 quibus
430 1233 515 1264 idem
532 1233 747 1264 thesaurarius
769 1233 982 1274 respondebit.
1028 1233 1070 1265 Et
1086 1244 1142 1275 per
1215 1241 1260 1265 Do.

89 1282 285 1314 solucionem
316 1283 432 1314 factam
464 1282 568 1314 eidem
598 1283 803 1321 thesaurario,
834 1283 951 1314 fatenti
976 1288 1141 1325 receptum

89 1341 185 1372 super
207 1335 398 1373 compotum,
415 1343 436 1363 x
451 1332 492 1370 Π,
508 1342 565 1372 pro
581 1333 698 1373 quibus
722 1332 822 1363 eciam
841 1332 1052 1373 respondebit.
1099 1334 1141 1365 Et
1213 1342 1251 1365 Do

89 1381 201 1419 eidem,
217 1391 274 1422 pro
289 1381 335 1422 iiij
353 1381 467 1412 celdris
484 1381 559 1412 salis
576 1381 641 1412 albi
656 1382 773 1422 emptis
786 1391 843 1422 per
859 1385 1095 1423 compotantem
1108 1386 1141 1414 et

88 1430 200 1463 locatis
222 1431 258 1462 in
279 1431 391 1463 castris
415 1431 454 1463 de
477 1431 636 1472 Invernys
660 1434 692 1463 et
715 1431 821 1472 Elgyn
844 1441 901 1472 per
923 1431 1054 1472 equales
1069 1443 1140 1473 por-

54 1497 58 1499 >
90 1481 204 1519 ciones,
219 1481 258 1513 de
274 1482 425 1513 mandato
442 1481 564 1513 domini
579 1482 660 1522 regis
683 1481 859 1512 literatorio
883 1481 990 1512 clauso
1013 1492 1140 1523 compo-

89 1531 173 1562 tanti
187 1531 306 1562 directo
322 1541 379 1572 pro
401 1531 583 1572 provisione
599 1534 631 1562 et
646 1531 825 1562 lai-denaria
841 1531 995 1562 faciendis
1011 1531 1140 1570 ibidem,

89 1590 151 1621 que
180 1583 290 1621 postea
313 1583 487 1618 cessarunt,
510 1581 653 1621 precium
683 1580 767 1612 belle
790 1584 855 1612 tres
885 1581 980 1612 solidi
1003 1585 1140 1622 quatuor

89 1629 220 1667 denarii,
243 1641 264 1661 x
278 1630 311 1662 fi.
336 1631 392 1671 xiij
409 1634 433 1662 s.
456 1630 502 1671 iiij
521 1630 560 1668 d„
582 1641 640 1671 pro
664 1640 727 1671 quo
751 1630 817 1662 sale
839 1630 926 1662 idem
948 1635 1136 1672 compotens
1154 1630 1318 1683 Respondebit

88 1680 298 1721 respondebit.
344 1681 386 1711 Et
409 1680 521 1717 eidem,
536 1691 594 1721 pro
617 1680 766 1721 expensis
789 1683 822 1712 et
838 1680 990 1722 carriagio
1006 1681 1139 1722 triginta
1152 1667 1350 1719 ῑοῑῗὲἕῗυῖξςεέῑῖζ.

87 1733 262 1761 martarum
278 1730 317 1761 de
334 1730 492 1771 Invernys
505 1730 544 1761 ad
561 1733 689 1771 portum
705 1731 743 1761 de
761 1730 870 1771 Lossy,
886 1732 918 1762 et
934 1731 1139 1772 septuaginta

89 1779 231 1820 quinque
261 1783 437 1811 marterum
468 1780 507 1811 de
537 1780 710 1811 lardinaria
740 1780 780 1811 de
810 1780 917 1821 Elgyn
947 1780 988 1811 ad
1015 1780 1138 1812 dictum

86 1832 224 1869 portum,
246 1829 345 1860 trium
369 1830 517 1870 piparum
549 1830 690 1870 precium
714 1829 789 1871 pipe
818 1833 883 1861 tres
914 1829 1017 1867 solidi,
1041 1831 1137 1863 unius

23 1891 26 1896 ·
87 1877 164 1909 dolii
186 1878 285 1919 precii
308 1883 445 1920 quatuor
467 1878 648 1916 solidorum,
674 1879 714 1910 ad
737 1879 992 1911 conservandum
1018 1884 1137 1912 martas

85 1927 253 1968 predictas,
268 1928 371 1960 tribus
393 1928 486 1960 bollis
503 1929 586 1967 salis,
602 1929 745 1970 precium
768 1929 852 1960 bolle
876 1928 1018 1969 quinque
1035 1929 1138 1968 solidi,

86 1986 142 2017 pro
169 1978 320 2021 predictis
352 1978 464 2009 martis
487 1978 652 2015 salsandis,
675 1981 713 2010 ut
736 1981 825 2019 patet
848 1978 882 2008 in
905 1977 987 2009 h'bro
1010 1988 1136 2019 compo-

87 2026 186 2057 tantis
209 2021 650 2067 particulariterexaminato
674 2038 769 2069 super
793 2031 986 2069 compotum,
1002 2028 1094 2070 xlviij
1111 2033 1136 2061 ἕ.

86 2075 129 2106 Et
151 2076 353 2108 carnificibus
376 2077 591 2108 mactantibus
622 2081 742 2109 martas
765 2080 798 2108 et
823 2077 1003 2108 locantibus
1027 2087 1079 2109 eas
1102 2079 1136 2110 in

26 2131 28 2133 ’
86 2123 266 2156 lardinariis
296 2126 457 2167 predictis,
489 2137 532 2157 xx
556 2131 578 2158 s.
639 2127 682 2159 Et
713 2127 825 2164 eidem,
855 2137 910 2167 per
940 2126 1137 2159 solucionem

87 2173 206 2206 factam
227 2174 356 2207 domino
372 2176 556 2208 Alexandro
580 2176 698 2218 Napar,
714 2179 792 2207 tune
808 2179 1027 2217 compotorum
1049 2181 1135 2209 rotu-
