1551 2462
103 300 192 329 1460.
414 297 576 328 REGUM
599 296 845 329 SCOTORUM.
1110 300 1149 329 43

100 389 201 430 xxxiij
218 394 240 421 ἔ.
262 389 308 430 iiij
334 389 362 421 d.
408 390 451 421 Et
473 390 644 421 heredibus
668 389 830 431 quondam
853 389 992 421 Gilberti
1015 390 1151 426 Wricht,

99 439 348 480 percipientibus
371 440 539 470 annuatim
569 440 712 480 quinque
744 439 841 470 libras
874 439 912 470 de
943 438 1042 470 firmis
1073 439 1152 470 dicti

99 489 199 530 burgi,
215 489 350 520 Ricardo
373 489 412 520 de
440 489 582 528 Kinttor,
598 492 801 530 procuratore
817 489 895 520 dicti
911 489 1079 527 Willelmi,
1094 500 1151 530 per

98 549 171 570 suas
193 538 301 570 literas
324 539 447 570 fatente
469 543 633 580 receptum
663 549 759 580 super
782 542 975 579 compotum,
999 539 1038 570 de
1065 539 1150 570 dicto

98 589 234 619 termino
257 591 289 619 et
311 588 371 619 sub
394 588 535 628 periculo
559 588 808 629 compotantis,l
832 592 854 619 s.
900 588 943 618 Et
965 588 1151 620 Alexandro

99 637 217 674 Leslee,
239 638 339 668 tutori
363 637 498 669 Walteri
521 637 657 678 Barclay
688 638 726 669 de
759 637 929 679 Grantuly,
961 638 1151 679 percipienti

99 687 266 718 annuatim
289 688 431 728 quinque
453 687 551 718 libras
581 687 620 718 de
651 687 751 718 firmis
782 687 860 718 dieti
890 687 990 728 burgi,
1022 687 1150 718 domino

100 736 237 768 Roberto
259 737 351 778 Leys,
375 737 539 778 capellano
566 736 605 768 de
628 736 806 774 Aberdene,
837 740 1039 777 procuratore
1071 737 1149 768 dicti

99 786 285 823 Alexandri,
315 797 372 828 per
401 787 509 818 literas
547 786 743 826 subscriptas
781 796 880 816 manu
911 786 990 817 dicti
1028 786 1151 818 domini

101 835 232 866 Roberti
248 835 286 867 de
302 840 428 877 recepto
445 840 586 868 ostensas
610 846 705 877 super
720 839 914 876 compotum,
930 835 969 866 de
986 835 1071 867 dicto
1087 839 1149 867 ter-

102 884 196 922 mino,
219 884 231 915 l
254 889 278 916 Ξ.
322 886 364 916 Et
387 896 443 926 per
473 885 668 917 solucionem
698 885 816 916 factam
842 884 1008 916 Willelmo
1040 885 1150 916 comiti

101 928 280 966 Mareschel
310 938 342 966 et
371 935 500 966 domino
530 935 628 972 Keth,
665 935 826 976 assignato
863 934 983 965 Thome
1020 935 1150 966 domino

102 983 238 1025 Erskyn,
253 984 442 1025 percipienti
456 984 623 1016 annuatim
638 987 768 1015 centum
783 984 881 1015 libras
897 984 935 1015 de
952 984 1051 1015 firmis
1072 985 1151 1016 dicti

102 1033 203 1074 burgi,
218 1033 303 1064 dicto
319 1034 433 1064 comite
449 1044 504 1074 per
520 1044 592 1064 suas
607 1033 717 1065 literas
734 1033 887 1074 sigillatas
904 1033 1027 1064 fatente
1043 1043 1150 1074 recep-

103 1084 172 1112 tum
188 1092 283 1122 super
298 1086 481 1123 compotum
497 1082 535 1114 de
549 1083 684 1113 termino
701 1083 871 1123 compoti,l
885 1082 917 1114 l'i.
962 1083 1005 1113 Et
1020 1083 1150 1114 Endure

104 1131 262 1171 signifero,
278 1131 317 1163 de
332 1132 482 1163 mandato
506 1132 627 1163 domini
649 1132 730 1173 regis
753 1132 928 1163 literatorio
951 1133 1010 1163 sub
1027 1133 1150 1174 signeto

103 1183 229 1212 ostenso
245 1191 339 1222 super
354 1185 536 1222 compotum
559 1181 825 1212 custumariorum
848 1181 925 1212 dicti
949 1182 1049 1223 burgi,
1065 1183 1150 1214 dicto

103 1230 232 1262 Endure
247 1241 304 1272 per
319 1241 392 1262 suas
407 1231 516 1262 literas
533 1231 652 1263 fatente
668 1235 832 1272 receptum
856 1242 951 1272 super
966 1235 1150 1273 compotum

103 1279 143 1310 de
169 1279 254 1310 dicto
280 1280 424 1317 termino,
440 1280 541 1321 xxxiij
567 1284 590 1312 s.
608 1280 654 1321 iiij
679 1280 708 1312 d.
755 1280 814 1321 [To
839 1281 956 1312 Mastar
971 1281 1210 1331 AlemnderRes
1229 1309 1329 1333 undabit

102 1329 246 1369 Murray,
261 1330 337 1360 „1:³22
351 1330 415 1361 138.
432 1330 484 1368 bd.
528 1329 615 1367 Sam,
631 1331 729 1361 ,8106
744 1331 807 1362 138.
818 1331 870 1368 ᾴίῑ.
914 1331 1058 1368 Balanea,
1074 1332 1150 1370 2340
1164 1316 1269 1368 Musliay.

101 1379 165 1410 103.
182 1379 246 1419 803]

145 1477 336 1518 Oompotum
358 1478 550 1509 ballivorum
575 1478 668 1520 burgi
690 1478 728 1510 de
753 1479 856 1516 Banff,
878 1478 1041 1520 redditum
1063 1480 1148 1521 apud
1164 1479 1264 1511 Banff.

101 1526 287 1569 Edinburgh
310 1538 366 1568 per
388 1528 553 1559 Andream
575 1528 771 1566 Alansoune,
794 1529 924 1561 nomine
948 1533 980 1560 et
1002 1540 1040 1561 ex
1058 1533 1149 1571 parte

101 1577 299 1614 ballivorum,
317 1577 374 1618 [23
388 1578 499 1609 March
514 1579 609 1616 1460,
624 1579 707 1616 from
723 1579 766 1610 17
781 1579 861 1620 July
876 1580 963 1617 1460
976 1591 983 1618 3
1005 1581 1025 1610 1
1042 1583 1127 1611 term.

145 1626 269 1667 Charye.
313 1627 443 1664 Berones,
459 1628 495 1668 by
502 1628 707 1668 feu-charter,
722 1629 799 1660 ³316
813 1630 877 1660 133.
894 1629 960 1670 bd]

143 1676 192 1708 De
219 1687 281 1717 qua
312 1687 445 1713 summa,
475 1677 609 1708 allocate
640 1678 836 1719 compotanti
866 1689 922 1719 per
948 1678 1145 1710 solucionem

100 1725 217 1756 factam
243 1726 389 1767 episcopo
416 1726 638 1758 Aberdonensi
664 1738 720 1768 pro
751 1728 899 1758 secundis
930 1728 1062 1759 decimis
1085 1728 1147 1759 sibi

100 1774 214 1806 debitis
225 1775 264 1806 de
273 1786 397 1807 summa
407 1776 758 1817 oneracionispredicta,
768 1777 837 1818 ipso
850 1777 971 1809 fatente
983 1781 1146 1819 receptum

99 1834 193 1865 super
217 1829 400 1866 compotum
424 1825 463 1857 de
489 1826 574 1857 dicto
601 1827 746 1864 termino,
772 1827 874 1867 xxxiij
903 1831 925 1858 s.
953 1827 1001 1868 iiij
1029 1828 1057 1858 d.
1103 1829 1146 1859 Et

98 1874 121 1905 J
123 1875 218 1906 acobo
255 1875 294 1906 de
325 1876 541 1907 Edmonstone
578 1875 617 1907 de
656 1876 775 1914 eodem,
813 1877 919 1914 militi,
957 1877 1146 1918 percipienti

98 1925 263 1955 annuatim
288 1935 343 1957 sex
370 1935 490 1957 marcas
518 1926 682 1956 derfirmis
709 1926 788 1956 dicti
811 1927 912 1967 burgi,
940 1930 977 1957 ut
999 1931 1089 1967 patet
1111 1927 1146 1958 in

98 1973 210 2005 rotulis
225 1974 477 2015 precedentibus,
494 1975 532 2006 de
549 1975 685 2006 termino
709 1975 848 2016 compoti
872 1979 904 2007 et
928 1977 987 2007 sub
1003 1976 1145 2017 periculo

97 2024 317 2064 compotantis,
333 2024 367 2055 xl
382 2029 405 2056 ἔ.
452 2024 552 2065 [Sum
567 2026 622 2056 ³33
636 2025 700 2056 138.
717 2025 767 2063 ᾇῑῖ.
813 2025 1071 2066 Βαίαησσ,’;6913.]

143 2121 333 2163 Compotum
348 2123 540 2155 ballivorum
556 2124 649 2165 burgi
665 2124 703 2156 de
726 2125 861 2161 Lanark,
877 2124 1038 2156 redditum
1059 2126 1144 2166 apud
1159 2127 1293 2161 Lanark.

98 2171 284 2213 Edinburgh
314 2183 369 2214 per
392 2173 564 2214 Georgium
595 2174 700 2212 Leich,
731 2185 832 2205 unum
855 2174 1054 2212 ballivorum,
1087 2175 1143 2215 [28

97 2221 207 2252 March
229 2223 325 2261 1461,
345 2223 435 2264 from
456 2223 479 2254 5
499 2223 578 2264 July
599 2224 685 2262 1460
712 2228 741 2255 to
772 2225 981 2265 lez‘tszmclay
1004 2228 1072 2255 next
1084 2235 1097 2261 ,·
1121 2226 1142 2256 2

96 2273 194 2302 term-3.
