1551 2462
141 363 306 393 Respondebit

139 393 302 416 thesaurarius

141 423 234 446 Guthre

140 459 184 482 pro
195 453 220 475 xl
231 452 259 475 1⁴1.

140 529 306 558 Respondebit

139 558 305 582 thesaurarius

139 595 183 617 pro
194 589 219 622 x}

139 625 232 641 marcis.

139 1007 273 1038 Farrina

139 1051 314 1083 avenatiea.

140 1153 215 1184 Car-

139 1196 294 1238 mychael.

142 1799 306 1829 Respondebit

143 1829 290 1858 Culquhoue,

141 1860 265 1883 rotulator.

358 267 374 294 2
381 266 417 295 76
668 263 832 296 ROTULI
858 262 1094 295 SCACCARH
1317 264 1330 291 1
1337 263 1407 292 464.

356 357 516 388 saurarius
546 357 759 398 respondebit,
790 355 942 387 videlicet
972 355 1184 396 quadraginta
1213 354 1313 391 libris,
1340 353 1409 395 ipso

356 406 478 438 fatente
502 406 724 437 vendicionem
747 408 779 437 et
801 405 1019 446 reoepcionem
1044 415 1140 445 super
1169 407 1365 445 computum,
1388 414 1410 434 x

356 456 468 488 celdre.
514 456 556 487 Et
579 456 692 493 eidem,
707 466 765 497 per
787 455 1009 487 vendicionem
1033 458 1104 485 octo
1128 454 1307 485 oeldrarum
1322 453 1410 485 ordei

356 506 559 537 venditarum
575 516 632 547 per
648 506 784 537 eundem
801 505 1036 537 thesaurarium
1059 504 1081 536 J
1084 503 1204 535 ohanni
1220 502 1410 544 Culquhone

356 556 394 587 de
411 556 484 592 Lus,
500 556 605 593 militi,
621 556 764 596 precium
788 555 893 586 celdre
916 554 1059 595 quinque
1083 563 1197 590 marce,
1212 563 1270 594 pro
1293 552 1410 594 quibus

355 605 441 636 idem
463 605 681 637 thesaurarius
703 605 919 646 respondebit,
935 604 1086 635 videlicet
1109 603 1224 644 viginti
1247 613 1304 634 sex
1319 602 1410 633 libris

354 655 524 686 tresdecim
554 655 664 686 soh'dis
694 658 726 686 et
748 657 886 695 quatuor
915 654 1063 690 denariis,
1085 653 1156 694 ipso
1188 653 1310 683 fatente
1339 662 1409 693 pre-

355 704 453 736 missa
469 714 564 745 super
580 707 776 745 computum,
792 704 849 744 viij
874 703 988 735 celdre.
1033 703 1076 734 Et
1098 702 1211 739 eidem,
1227 712 1284 743 per
1299 702 1410 733 vendi-

355 754 479 785 cionem
503 754 612 785 decem
628 753 786 785 bollarum
802 753 889 785 ordei
904 763 961 794 pro
977 753 1081 784 tribus
1096 752 1197 789 libris,
1212 762 1269 793 pro
1292 751 1409 792 quibus

354 803 441 834 idem
478 803 694 835 thesaurarius
732 802 945 844 respondebit,
974 802 1045 843 ipso
1085 802 1207 832 fatente
1243 804 1410 842 receptum

354 863 450 894 super
480 857 677 894 computum,
707 863 729 883 x
760 853 852 885 boUe.
898 853 1029 884 Summa
1064 861 1285 892 expensarum,
1316 850 1407 890 xxiiij

355 903 459 934 eeldre
475 903 521 943 iiij
540 902 623 934 boile
639 903 735 934 ordei.
783 903 824 934 Et
847 903 892 934 sio
914 905 1038 933 restant
1054 902 1110 942 xiij
1136 901 1240 933 celdre
1256 900 1278 941 ij
1296 900 1409 932 ferlote

355 952 446 983 ordii.

399 1002 493 1039 Item,
519 1002 605 1032 idem
632 1005 742 1032 onerat
773 1011 806 1032 se
834 1001 873 1032 de
897 1001 932 1042 iij
961 1000 1074 1032 celdris
1101 999 1220 1031 farrine
1245 999 1409 1030 avenatice

355 1051 531 1082 molendini
547 1051 585 1083 de
602 1051 686 1084 Bute
703 1051 741 1082 de
758 1051 882 1082 duobus
899 1050 991 1083 annis
1007 1050 1104 1091 hujus
1117 1049 1268 1090 computi.

399 1151 597 1192 Computum
627 1151 771 1192 magistri
797 1151 918 1182 Thome
949 1149 1170 1187 Carmichaell,
1198 1149 1411 1190 [Ediozbzcrylt‚

356 1201 399 1232 11
411 1211 414 1214 ·
440 1201 560 1232 October
589 1202 692 1242 1464]
723 1201 761 1232 de
792 1201 885 1232 restis
916 1203 1140 1242 computorum
1170 1209 1301 1231 suorum
1344 1201 1410 1230 tam

357 1251 503 1282 Moravie
519 1262 617 1292 quam
632 1251 670 1282 de
687 1251 778 1282 Marr
790 1252 824 1282 in
836 1254 986 1292 computo
999 1250 1147 1281 scaccarii
1159 1249 1289 1281 domine
1303 1249 1412 1290 regine

357 1301 440 1332 bone
456 1301 616 1338 memorie,
632 1304 670 1331 ut
684 1303 774 1341 patet
790 1301 824 1331 in
839 1300 954 1332 rotulis
969 1299 1222 1341 precedentibus.

400 1351 492 1382 Idem
515 1354 625 1382 onerat
645 1361 678 1381 se
701 1351 736 1381 in
759 1350 871 1391 primis
887 1350 926 1381 de
939 1349 966 1390 j⁰
980 1349 1012 1380 fi.
1030 1360 1074 1380 xx
1096 1349 1125 1380 d.
1143 1349 1200 1386 ob„
1215 1348 1412 1380 restantibus

357 1400 391 1430 in
409 1400 489 1440 pede
514 1400 655 1441 computi
678 1400 727 1431 sui
750 1400 867 1431 redditi
890 1399 996 1440 xxiiij⁰
1012 1398 1159 1430 Octobris
1183 1408 1267 1429 anno
1283 1408 1411 1439 sexage-

358 1450 537 1481 simotereio
560 1450 599 1481 de
622 1449 715 1481 restis
738 1449 881 1490 computi
905 1449 955 1480 sui
977 1452 1135 1480 terrarum
1158 1448 1244 1479 ultra
1265 1447 1412 1488 Speyam,

357 1502 396 1530 ut
412 1502 501 1540 patet
516 1499 550 1530 in
566 1499 647 1540 pede
664 1499 813 1539 ejusdem.
860 1499 902 1530 Et
913 1498 954 1529 de
965 1498 988 1539 13·
1005 1498 1038 1530 fi.
1051 1499 1083 1539 xj
1097 1502 1120 1528 s.
1133 1497 1155 1538 ij
1172 1497 1201 1528 d.
1216 1497 1412 1528 restantibus

357 1549 391 1580 in
408 1552 557 1590 computo
574 1556 631 1580 suo
654 1548 738 1579 facto
762 1548 890 1579 domine
912 1547 1030 1589 regine,
1045 1550 1082 1578 ut
1104 1549 1194 1588 patet
1209 1547 1243 1577 in
1260 1549 1411 1587 computo

357 1598 434 1629 anni
464 1598 653 1639 sexagesimi
683 1597 823 1634 secundi,
847 1597 885 1628 de
923 1596 1015 1628 terris
1046 1596 1216 1627 comitatus
1246 1595 1286 1627 de
1312 1596 1409 1627 Marr.

359 1648 491 1679 Summa
506 1647 615 1678 totalis
631 1647 835 1685 oneracionis,
849 1645 898 1687 j⁰lj
915 1646 946 1677 ri.
964 1646 1009 1686 xij
1025 1650 1050 1678 ἓ.
1067 1656 1088 1676 x
1103 1645 1132 1676 d.
1149 1645 1197 1676 οἵ).

400 1698 556 1738 Expense.
603 1697 643 1727 In
656 1696 776 1737 primis,
789 1696 924 1727 allocate
934 1695 1136 1736 computanti
1146 1705 1203 1736 per
1215 1694 1411 1726 solucionem

358 1747 476 1778 factam
499 1746 628 1779 domino
651 1746 795 1777 Johanni
819 1745 1008 1786 Cuiquhone
1032 1745 1070 1776 de
1094 1745 1168 1782 Lus,
1184 1747 1408 1785 computorum

357 1796 532 1833 rotulatori‚
559 1796 675 1828 fatenti
700 1798 864 1837 receptum
895 1805 990 1836 super
1015 1797 1211 1835 computum,
1233 1804 1254 1825 v
1284 1793 1316 1824 fi.
1341 1803 1362 1824 x
1385 1798 1408 1826 ἓ.

356 1846 413 1887 viij
438 1846 476 1883 d„
493 1856 549 1887 pro
573 1845 689 1886 quibus
706 1845 917 1886 respondebit.
964 1845 1007 1875 Et
1030 1844 1143 1882 eidem,
1167 1845 1298 1884 propter
1313 1844 1411 1875 vasti-

357 1899 458 1927 tatem
481 1899 594 1936 quarte
609 1894 709 1936 partis
732 1895 809 1926 ville
833 1894 872 1925 de
888 1894 1064 1925 Westoune
1085 1893 1120 1924 in
1143 1893 1320 1930 Croomarr,
1336 1903 1410 1924 cum

357 1946 473 1987 quibus
490 1948 678 1986 computans
694 1945 885 1975 onerabatur
901 1944 934 1974 in
951 1946 1101 1984 computo
1117 1942 1265 1974 scaccarii
1281 1942 1409 1974 domine

357 1995 473 2036 regine,
491 1995 619 2026 domino
643 1994 785 2025 Henrico
809 1993 847 2024 de
870 1993 1037 2033 Kingorne
1061 1994 1200 2024 testante
1223 1992 1410 2032 hujusmodi

356 2045 542 2076 vastitatem
558 2054 653 2085 super
670 2047 857 2084 computum
873 2043 912 2074 de
928 2043 1031 2074 tribus
1055 2042 1208 2079 ter-minis,
1223 2042 1258 2083 iij
1275 2041 1307 2073 ii
1325 2052 1368 2073 xv
1384 2046 1407 2073 s.

357 2095 400 2126 Et
415 2094 527 2130 eidem,
544 2096 672 2134 propter
688 2093 871 2124 vastitatem
893 2096 1052 2124 terrarum
1074 2091 1113 2123 de
1129 2092 1359 2123 Innernerness
1374 2091 1408 2121 in

359 2143 552 2175 Strathdone
568 2143 606 2174 de
622 2143 725 2174 tribus
749 2142 894 2174 terminis
918 2141 1002 2173 infra
1017 2145 1144 2182 tempus
1168 2141 1319 2181 computi,
1336 2140 1370 2171 xl
1385 2151 1407 2171 s.

358 2194 401 2225 Et
413 2193 524 2230 eidem,
529 2203 585 2234 pro
598 2193 692 2224 certis
703 2192 851 2233 expensis
861 2191 954 2223 factis
963 2201 1020 2233 per
1028 2191 1217 2233 magistrum
1226 2190 1248 2222 J
1250 2190 1409 2222 ohannem
