1551 2462
118 247 121 250 y
161 199 264 235 Μῦες
304 228 311 233 .
468 201 630 234 REGUM
654 182 900 235 so'oroizUM.
1142 208 1203 236 583

154 304 228 326 suas
257 294 295 326 de
321 297 470 335 precepto
496 297 528 326 et
556 294 640 326 dicte
667 294 815 326 Eufamie
842 296 881 327 de
907 299 1034 338 recepto
1061 299 1203 328 ostensas

102 366 114 375 1
154 353 250 384 super
269 348 464 385 computum,
481 344 519 375 de
535 354 618 375 auno
635 344 786 385 computi,
802 344 834 385 vj
852 344 883 375 fi.
909 345 964 385 xiij
983 350 1005 376 s.
1023 345 1069 386 iiij
1087 345 1115 377 d.
1161 346 1203 376 Et

38 415 46 424 .
92 409 107 414 --
121 415 129 421 .
154 392 262 424 David
270 393 434 425 Humede
444 393 694 430 Wedderburne,
711 393 816 431 militi,
833 394 1022 435 percipienti
1036 395 1204 425 annuatim

123 441 125 443 ’
154 442 270 483 viginti
289 442 368 474 duas
390 442 490 474 libras
512 442 676 474 trisdecim
702 443 822 474 solidos
849 446 882 475 et
907 447 1044 484 quatuor
1060 444 1204 475 denarios

21 517 29 528 μ
92 483 93 486 ¹
127 499 133 502 ·
155 502 210 534 pro
234 495 301 524 toto
331 495 473 533 tempore
501 492 566 523 vite
591 503 656 529 sue,
682 495 720 523 ut
748 495 839 533 patet
863 503 920 534 per
947 493 1055 524 literas
1082 493 1205 524 domini

153 542 234 583 regis
257 541 316 573 sub
331 542 457 583 privato
473 544 505 572 et
521 541 599 573 dicti
622 542 730 573 David
753 543 792 573 de
807 545 933 583 recepto
950 546 1093 574 ostensas
1109 554 1205 584 super

16 581 46 598 ⁴⁴
63 598 66 602 ·
87 585 107 624 {Tr
154 594 348 632 computum,
365 591 403 622 de
420 600 503 622 anno
519 592 662 632 computi
679 595 711 623 et
727 591 766 623 de
782 602 846 623 uno
863 593 1000 623 termino
1016 593 1205 634 precedente

11 641 35 671 ε’
56 640 58 642 ’
154 640 216 672 hoc
243 644 438 681 computum,
468 640 582 681 xxxiiij
615 640 660 672 fi.1
714 641 757 672 Et
787 652 843 682 per
867 642 1063 673 solucionem
1086 642 1227 682 factam*

127 726 130 728 v
155 689 318 721 Willelmo
345 690 469 731 Rogeri,
493 690 607 721 clerico
631 690 666 721 in
693 690 817 731 capella
848 691 931 732 regis
954 691 1152 723 ministranti
1170 692 1205 722 in

154 739 275 780 capella
290 739 380 780 regis,
397 739 436 770 de
460 739 612 770 mandato
638 739 764 770 domini
790 740 872 781 regis
895 740 956 782 sub
978 740 1103 781 privato
1126 741 1204 772 alias

150 791 277 821 ostenso
292 798 388 829 super
404 792 602 830 computum,
613 789 654 820 de
666 789 772 830 primo
790 790 925 822 termino
941 790 1038 831 hujus
1054 791 1205 831 computi,

11 871 20 885 ι,
108 851 118 860 2
153 848 175 869 x
189 837 230 875 Ti„
246 841 278 870 et
293 838 394 869 nichil
407 838 462 869 hie
485 838 524 870 de
540 838 680 870 secundo
697 839 833 870 termino
849 839 945 880 hujus
962 840 1113 883 computi,
1130 840 1202 881 quia

10 892 19 913 i
64 887 68 889 ’
97 902 106 913 -
153 887 214 919 sibi
242 888 407 929 provisum
438 890 487 919 est
518 888 558 919 de
588 888 743 929 hospitali
774 889 884 920 Sancti
914 889 1070 920 Leonardi
1107 899 1205 930 prope

153 931 267 968 Pebh's.
313 936 356 968 Et
370 947 428 978 per
453 937 649 968 solucionem
665 938 784 968 factam
803 937 971 969 Elizabeth
993 938 1142 978 priorisse
1166 938 1204 969 de

66 980 105 1021 sſs
145 986 380 1028 ‘Hadingtoune
418 997 475 1028 pro
514 987 664 1028 expensis
706 987 834 1018 domiue
874 988 1055 1029 Margarete
1089 988 1203 1019 sororis

153 1035 273 1068 domini
287 1036 369 1076 regis
385 1046 442 1077 pro
458 1036 524 1067 suis
541 1036 712 1067 esculentis
736 1040 768 1067 et
793 1036 982 1077 poculentis,
998 1037 1036 1068 de
1052 1037 1203 1068 mandato

153 1084 273 1116 domini
287 1085 389 1116 nostri
404 1086 487 1127 regis
503 1086 581 1117 alias
598 1088 725 1117 ostenso
741 1096 837 1127 super
853 1090 1049 1127 computum,
1065 1086 1104 1117 de
1119 1097 1203 1117 anno

153 1134 302 1176 computi,
315 1134 369 1175 xiij
384 1134 416 1166 fi.
434 1135 465 1176 vj
485 1139 507 1166 s.
520 1135 577 1176 viij
595 1135 624 1166 d.
670 1135 712 1166 Et
725 1135 853 1173 eisdem,
867 1135 906 1167 de
922 1136 1045 1167 duobus
1061 1136 1160 1167 saccis
1172 1139 1205 1167 et

152 1183 288 1223 sedecim
303 1185 402 1225 petris
417 1184 491 1216 lane
508 1185 546 1216 de
569 1185 703 1226 propriis
724 1185 871 1226 gregibus
888 1185 1011 1216 abbatis
1028 1185 1067 1216 de
1084 1185 1204 1217 Melros

142 1234 340 1275 ‘custumatis
353 1235 438 1276 apud
454 1234 592 1276 burgum
604 1234 793 1275 predictum,
810 1245 849 1266 ex
865 1236 1066 1266 concessione
1083 1235 1205 1266 domini

145 1283 242 1325 regis,
271 1287 310 1315 ut
332 1288 423 1325 patet
450 1294 507 1325 per
531 1284 641 1315 literas
666 1295 739 1316 suas
767 1285 827 1315 sub
854 1285 976 1325 signeto
1001 1285 1039 1316 de
1054 1289 1204 1326 precepto

86 1365 107 1374 ‚⁴
153 1337 295 1366 ostensas
321 1344 416 1375 super
442 1337 639 1375 computum,
666 1333 700 1374 iij
718 1333 749 1364 fi.
775 1334 808 1375 xj
832 1338 856 1365 Ξ.
879 1334 938 1375 jd.
964 1335 1012 1366 ob.
1058 1335 1101 1365 Et
1127 1335 1204 1365 Nic-

79 1379 109 1405 C
153 1382 258 1415 holaio
309 1383 407 1421 Fiale,
448 1384 645 1417 numeratori
679 1384 823 1424 pellium,
861 1395 900 1415 ex
949 1385 1204 1416 consideracione

89 1435 106 1462 's
144 1433 345 1470 ‘auditorum
372 1443 428 1474 pro
460 1434 526 1465 suis
550 1434 729 1475 diligenciis
759 1434 794 1465 in
820 1434 1007 1475 hujusmodi
1029 1435 1140 1472 officio,
1165 1435 1204 1465 de

170 1531 310 1557 *¹Jaeobus
327 1531 375 1556 Dei
392 1532 477 1564 gracia
493 1540 537 1556 rex
555 1532 694 1562 Scotorum,
710 1532 872 1557 custumariis
889 1540 980 1564 magne
992 1535 1107 1557 custume
1119 1535 1204 1557 nostre

154 1570 184 1595 de
195 1570 377 1603 Hadingtoune
390 1571 511 1595 Salutem.
550 1570 614 1600 Quia
631 1578 662 1594 ex
677 1573 764 1595 nostra
776 1571 859 1603 gracia
871 1571 987 1596 dedimus
999 1574 1024 1596 et
1036 1572 1204 1596 concessimus

153 1616 182 1633 ac
193 1611 279 1634 tenore
290 1609 447 1641 presencium
459 1608 548 1633 damus
566 1610 592 1634 et
603 1609 763 1633 concedimus
781 1609 874 1634 dilecto
892 1612 918 1634 et
934 1610 1003 1634 fideli
1021 1613 1107 1635 nostro
1120 1610 1204 1635 David

154 1647 238 1672 Hume
255 1647 286 1672 de
303 1647 500 1677 Wedderburne,
521 1647 607 1677 militi,
622 1655 702 1679 usque
714 1647 746 1671 ad
764 1650 877 1672 nostram
894 1650 988 1672 etatem
1011 1648 1105 1680 viginti
1127 1649 1204 1673 unius

153 1694 285 1717 annorum,
305 1694 383 1711 unam
401 1694 512 1712 annuam
529 1687 677 1718 pensionem
695 1687 790 1719 viginti
811 1687 918 1711 duarum
935 1687 1057 1712 librarum
1075 1688 1204 1713 trisdecim

91 1721 100 1728 ⁴
140 1724 291 1750 'solidorum
330 1727 356 1749 et
395 1727 505 1758 quatuor
543 1725 704 1750 denariorum
743 1725 839 1749 usualis
873 1728 974 1750 monete
1007 1726 1078 1758 regni
1112 1727 1201 1757 nostri,

80 1795 86 1802 ,
120 1759 129 1763 l
154 1764 288 1790 annuatim
320 1763 455 1788 levandam
483 1763 514 1788 de
542 1764 641 1795 magnis
670 1763 794 1788 custumis
821 1763 896 1795 burgi
923 1764 1003 1788 nostri
1030 1764 1138 1795 predicti
1171 1764 1204 1789 ad

127 1803 142 1808 '⁴
154 1802 216 1828 duos
233 1803 295 1827 anni
312 1802 434 1827 terminos
445 1802 558 1831 usuales,
580 1802 755 1826 Pentichostes
772 1801 892 1826 videlicet
910 1804 935 1826 et
952 1803 1040 1826 Sancti
1058 1803 1164 1827 Martini
1176 1803 1204 1827 in

102 1844 106 1848 '
128 1852 132 1858 ·
155 1849 243 1873 yeme3
261 1841 342 1872 Quare
361 1841 434 1866 vobis
446 1841 600 1873 precipimus
620 1843 646 1865 et
667 1840 817 1864 mandamus
837 1843 962 1872 quatenus
980 1841 1075 1865 dictam
1093 1849 1204 1866 annuam

153 1880 302 1913 pensionem
323 1880 419 1912 viginti
441 1880 549 1904 duarum
571 1880 692 1904 librarum
717 1879 847 1903 trisdecim
875 1879 1013 1904 solidorum
1042 1882 1068 1904 et
1096 1883 1204 1912 quatuor

157 1919 316 1945 denariorum
327 1919 441 1952 predicto
453 1918 539 1943 David
557 1918 642 1942 Hume
660 1919 714 1942 sine
731 1918 862 1942 obstaculo
880 1918 949 1943 dicto
967 1919 1075 1943 durante
1092 1922 1203 1951 tempore

155 1958 312 1991 persolvatis,
324 1966 402 1990 quam
414 1965 539 1982 summam
557 1957 629 1981 vobis
641 1957 668 1980 in
680 1956 771 1981 vestris
784 1957 909 1988 computis
921 1958 1054 1982 annuatim
1068 1957 1202 1982 reddendis

156 2004 200 2029 per
210 1996 337 2022 auditores
348 1996 465 2021 scaccarii
482 1996 563 2020 nostri
575 1995 620 2027 qui
632 2002 677 2027 pro
694 1996 806 2027 tempore
820 1995 915 2019 fuerint
927 1996 1078 2028 precipimus
1089 1996 1199 2027 auocari,

157 2036 264 2060 ostensis
276 2035 352 2060 semel
365 2035 524 2067 presentibus
536 2034 618 2059 literis
630 2041 712 2058 coram
725 2033 801 2058 dietis
813 2033 971 2059 auditoribus
992 2037 1017 2060 et
1034 2035 1061 2059 in
1084 2037 1203 2067 computo

156 2074 296 2107 rotulorum
318 2074 467 2107 registratis,
490 2081 552 2106 quas
569 2073 637 2097 dicto
658 2072 743 2096 David
761 2073 846 2096 Hume
866 2080 910 2105 per
928 2081 973 2097 vos
996 2074 1062 2098 visas
1083 2076 1108 2098 et
1126 2074 1204 2099 lectas

157 2113 275 2138 volumus
287 2113 426 2138 deliberari.
457 2113 552 2138 Datum
565 2112 612 2137 sub
624 2114 711 2136 nostro
724 2114 817 2136 secreto
829 2111 913 2144 sigillo
926 2112 992 2144 apud
1005 2112 1083 2137 Parth
1094 2113 1204 2138 secundo

164 2151 205 2176 die
215 2152 309 2177 mensis
321 2152 386 2177 Julii
398 2160 464 2177 anno
477 2151 547 2184 regni
559 2151 640 2176 nostri
652 2150 767 2182 septimo.
