1551 2462
373 248 434 277 314
686 246 851 278 ROTULI
876 245 1114 278 SCACCARII
1335 249 1426 278 1465.

371 339 563 371 instanciam
578 339 601 371 J
603 339 737 371 ohannis
744 338 885 381 ‘Murray
898 340 932 370 in
945 340 1033 371 curia
1045 339 1270 380 computantis,
1282 338 1424 371 remissis

371 399 428 430 per
443 390 609 420 dominum
626 400 742 431 regem,
758 393 796 421 ut
811 393 901 430 patet
916 400 973 430 per
988 389 1098 421 literas
1122 400 1196 420 suas
1219 389 1279 420 sub
1302 390 1425 430 signeto

371 439 410 470 de
425 439 610 471 remissione
627 442 769 471 ostensas
792 449 888 479 super
909 441 1106 479 computum,
1128 441 1166 469 ut
1189 438 1302 470 asserit
1324 438 1425 469 eciam

371 492 560 530 computans
576 490 610 520 in
627 500 683 520 suo
696 489 879 529 juramento
896 488 935 519 de
953 498 1086 519 numero
1105 488 1425 519 amerciamentorum

370 548 466 579 super
482 542 677 580 computum,
694 539 751 579 viij
768 538 799 569 fi.
846 538 889 569 Et
906 538 1106 579 computanti
1121 548 1178 578 pro
1195 537 1286 569 feodo
1303 548 1368 575 suo,
1384 547 1425 569 ex

371 588 626 619 consideracione
643 588 826 619 auditorum
842 587 883 618 ad
898 597 1036 627 presens
1052 587 1084 628 vj
1102 586 1133 618 Η,
1150 587 1206 628 viij
1221 591 1243 618 ἔ.
1292 587 1426 618 Summa

371 647 592 678 expensarum,
612 636 719 678 j⁰lxxv
740 637 772 667 fi.
797 637 851 677 xvj
876 636 905 667 d.
951 636 994 667 Et
1017 636 1062 667 sic
1085 638 1209 667 restant
1232 636 1288 667 xix
1308 636 1341 668 fi.
1358 646 1379 666 x
1394 636 1424 668 d.

370 687 393 728 ij
426 688 529 719 boves.
578 688 626 718 De
661 687 786 727 quibus,
814 686 947 717 allocate
975 686 1175 727 computanti
1204 685 1243 717 de
1271 685 1422 717 amercia-

370 741 480 769 mento
502 738 537 768 in
560 747 623 778 quo
647 735 848 777 adjudicatus
871 739 940 766 erat
967 735 1152 767 Wisselmus
1179 735 1362 767 Grersoune
1388 735 1424 766 in

371 787 486 818 itinere
520 786 698 828 justiciarie
735 788 824 816 tento
854 784 941 825 apud
979 785 1212 816 Kirkcubricht
1250 795 1334 816 anno
1365 788 1423 816 etc.

371 836 637 878 quinquagesimo
658 838 758 872 sexto,
778 844 840 875 que
865 835 1027 866 restabant
1049 835 1084 865 in
1107 838 1257 876 computo
1280 835 1424 866 Donaldi

371 885 562 923 M²Clelane,
577 889 655 916 tunc
678 884 845 916 senescalli
865 883 904 915 de
927 884 1192 922 Kirkoudbricht,
1215 894 1289 915 cum
1305 885 1422 925 quibus

372 940 561 976 computans
577 935 724 975 superius
740 937 898 971 oneratur,
914 944 954 964 ex
970 944 1006 964 eo
1023 933 1107 974 quod
1124 933 1229 965 dictus
1240 934 1424 965 Willelmus

371 985 473 1016 nichil
500 985 638 1016 habebat
660 985 694 1015 in
717 983 809 1015 bonis
834 983 1056 1024 distringibi]e‚
1079 983 1135 1014 sed
1158 984 1238 1014 obiit
1261 984 1296 1014 in
1319 984 1426 1015 warda
1457 1008 1475 1025 r
1547 962 1551 973 Ι

372 1035 495 1066 domini
510 1034 591 1076 regis
607 1044 664 1075 pro
682 1033 748 1065 suis
771 1032 1084 1074 transgressionibus,
1107 1042 1147 1063 ex
1169 1033 1426 1065 consideracione

372 1085 556 1116 auditorum
572 1084 611 1115 ad
626 1093 765 1125 presens,
781 1093 803 1113 x
818 1082 850 1113 Π.
897 1082 1030 1113 Summa
1045 1081 1142 1122 hujus
1166 1092 1305 1123 expense
1327 1086 1424 1124 patet.

371 1135 414 1166 Et
440 1135 486 1166 sic
515 1136 639 1165 restant
667 1133 702 1164 ix
716 1132 749 1164 n„
773 1143 794 1163 x
810 1132 838 1163 d.
862 1132 885 1172 ij
910 1132 1015 1164 boves.
1059 1132 1110 1163 De
1141 1132 1266 1173 quibus,
1290 1132 1425 1164 ancate

371 1184 572 1225 computanti
601 1193 658 1224 pro
686 1182 779 1214 certis
810 1182 921 1213 ferreis
952 1182 992 1213 ad
1023 1181 1164 1213 officium
1191 1182 1339 1223 janitoris
1367 1192 1424 1223 pro

371 1234 515 1265 custodia
531 1233 773 1265 malefactorum
788 1231 872 1263 infra
888 1231 1024 1272 burgum
1037 1231 1075 1262 de
1087 1231 1329 1269 Kirkeubricht,
1341 1242 1386 1263 xx
1397 1236 1421 1263 ἔ.

153 1288 319 1324 Respondebit
372 1285 431 1325 [To
448 1285 624 1320 Treasurcr,
648 1283 703 1320 EA
725 1282 789 1320 148.
809 1281 860 1313 ΞΜ.
905 1281 994 1318 Sum,
1016 1281 1072 1312 „6²5
1094 1282 1159 1319 143.
1183 1281 1233 1313 ed.
1279 1281 1424 1319 Balanea,

152 1319 317 1372 &ueffffiffiffi
369 1335 425 1365 293
441 1335 481 1365 6s.
498 1334 560 1371 gd„
576 1334 597 1364 a
612 1332 713 1372 omem]

155 1436 336 1468 Comitatus
413 1432 611 1473 Computum
627 1430 765 1462 Simonis
792 1429 933 1467 Salman,
949 1428 1120 1470 receptoris
1147 1429 1314 1460 firmarum
1337 1439 1426 1461 com-

155 1479 308 1511 Marchie.
369 1483 469 1514 itatus
486 1481 630 1513 Marchie
648 1480 857 1521 [Edinburgyh,
872 1480 916 1510 225
930 1479 960 1510 J
958 1490 1015 1509 wne
1031 1479 1131 1519 1465]
1149 1479 1190 1509 ab
1206 1479 1342 1510 introitu
1365 1489 1422 1510 suo

369 1532 405 1563 in
435 1532 520 1563 dicto
544 1531 646 1562 officio
672 1533 744 1571 post
760 1529 885 1560 obitum
908 1529 1024 1569 regine,
1048 1528 1200 1559 videlicet
1221 1528 1325 1568 primo
1341 1528 1424 1559 Maii

370 1581 448 1612 anni
472 1584 528 1612 etc.
556 1579 744 1621 sexagesimi
770 1578 884 1619 quarti,
900 1588 1002 1618 usque
1025 1578 1086 1609 hoc
1110 1581 1307 1618 computum,
1330 1582 1362 1608 et
1377 1578 1424 1609 sic

370 1631 410 1662 de
438 1630 542 1661 tribus
571 1628 716 1660 terminis
755 1628 840 1658 infra
869 1627 929 1658 hoc
968 1629 1163 1668 computum.
1208 1627 1260 1658 De
1297 1626 1422 1658 duobus

270 1707 275 1713 .
369 1679 516 1711 terminis
539 1677 781 1719 precedentibus
808 1676 867 1707 hoc
891 1678 1087 1717 computum,
1113 1675 1260 1707 videlicet
1283 1676 1421 1707 Penthe-

155 1708 276 1761 zoxiiffinffl
287 1710 345 1731 sunt
370 1732 472 1760 costes
489 1732 521 1760 et
537 1727 646 1759 Sancti
658 1726 794 1757 Martini
810 1725 887 1756 anni
897 1725 1031 1756 Domini
1047 1728 1103 1756 etc.
1116 1725 1307 1765 sexagesimi
1322 1725 1422 1762 tercii,

156 1768 289 1797 Hepburne
368 1778 612 1810 intromiserunt
634 1780 666 1808 et
681 1778 869 1817 receperunt
893 1775 998 1806 firmas
1022 1774 1100 1806 dicti
1122 1774 1292 1805 comitatus
1315 1774 1422 1806 Adam

156 1797 302 1850 ἓξῃῖῗὲῐῐέῗθ
370 1828 409 1860 de
438 1828 616 1869 Hepburne
646 1829 679 1857 et
708 1825 845 1856 Thomas
872 1824 1015 1856 Sinclare
1044 1827 1187 1865 tempore
1217 1823 1334 1865 regine,
1363 1834 1422 1865 pro

155 1857 273 1909 {lffliirlisis
369 1878 487 1919 quibus
503 1877 636 1908 reddent
653 1877 840 1916 computum
855 1877 887 1906 et
902 1874 1149 1915 respondebunt.

414 1927 506 1959 Idem
536 1929 647 1958 onerat
676 1935 709 1956 se
739 1925 774 1955 in
799 1924 912 1965 primis
942 1924 982 1955 de
1011 1922 1106 1964 ij⁰xiij
1129 1922 1161 1954 n'.
1186 1933 1208 1954 x
1230 1926 1253 1954 ἓ.
1270 1923 1302 1963 xj
1319 1921 1348 1954 d.
1365 1930 1422 1963 per

369 1977 527 2018 arreragia
542 1975 685 2016 computi
700 1974 750 2006 sui
764 1973 882 2005 redditi
897 1973 931 2004 in
954 1983 1062 2004 mense
1077 1973 1099 2004 J
1101 1973 1171 2004 unii
1186 1983 1270 2004 anno
1292 1982 1421 2013 sexage-

370 2027 452 2058 simo
467 2036 524 2067 per
547 2025 724 2056 Robertum
746 2023 863 2055 Ledale
887 2026 920 2054 et
943 2024 1193 2063 computantem,
1216 2025 1253 2053 ut
1275 2024 1366 2063 patet
1386 2021 1419 2053 in

370 2077 452 2118 pede
468 2075 618 2116 ejusdem.
1177 2100 1180 2103 ,

416 2131 510 2167 Item,
525 2130 610 2161 idem
626 2131 736 2160 onerat
758 2138 792 2159 se
815 2127 854 2159 de
877 2126 945 2168 lxxj
962 2126 994 2158 n
1019 2126 1050 2167 vj
1068 2130 1091 2158 ἔ.
1115 2126 1147 2167 vj
1165 2125 1193 2157 d.
1210 2136 1267 2167 per
1282 2125 1422 2167 integras

373 2181 480 2212 firmas
505 2183 661 2211 terrarum
688 2178 728 2209 de
753 2177 945 2209 Ersildoune
967 2176 1007 2208 de
1029 2176 1134 2208 tribus
1157 2175 1301 2207 terminis
1324 2175 1420 2216 hujus
