1551 2462
0 1999 18 2262 ·'⁹·'1*·‘¹'0'⁷⁷·.¹''·'?⁹⁷'*·
0 1943 7 1962 -ι,
0 1889 8 1922 .η
0 1860 2 1862 «
0 1799 8 1835 γη
0 1769 9 1776 ;
3 1726 10 1730 ,
0 1583 16 1709 qvam-nu>
0 1535 8 1550 av
0 1499 3 1511 -
12 1459 15 1466 ἡ

150 243 241 274 1462.
459 240 620 273 REGUM
644 241 890 273 SCOTORUM.
1135 246 1194 274 149

147 341 179 369 et
195 338 348 370 chandria
363 339 479 380 emptis
495 339 535 370 ab
551 339 661 370 eodem
677 342 709 370 et
731 339 859 370 intratis
881 339 916 370 in
931 339 1021 371 libris
1037 339 1196 371 dietarum

145 398 202 428 per
213 391 340 429 tempus
352 388 494 429 computi
506 391 580 419 ante
592 389 760 419 introitum
770 388 960 420 thesaurarii
972 390 1006 420 in
1017 400 1074 421 suo
1085 390 1196 427 officio,

145 441 178 468 et
192 437 373 478 expenditis
388 441 530 479 tempore
547 448 610 478 quo
622 438 807 469 Alexander
821 439 854 469 Ν
856 449 959 479 apare,
971 439 1072 476 miles,
1085 441 1197 471 minis-

145 488 289 518 travitin
309 488 410 519 officio
426 491 649 528 computorum
671 488 864 525 rotulatoris,
887 488 927 519 de
939 489 1056 529 quibus
1071 489 1196 520 nullam

146 537 372 569 allocacionem
385 538 477 579 cepit,
487 541 524 568 ut
533 541 622 578 patet
634 538 668 568 in
681 538 800 569 eisdem
812 537 902 569 libris
915 541 947 569 et
957 542 1107 579 computo
1118 538 1196 569 dicti

145 587 332 624 Alexandri,
345 586 384 628 jol
399 587 430 618 H.
447 587 503 628 viij
521 587 550 618 d.
596 587 639 618 Et
665 587 778 625 eidem,
793 598 851 628 per
867 587 1061 618 solucionem
1077 588 1196 619 factam

145 637 253 669 David
266 637 402 669 Stewart
411 648 468 678 pro
480 637 653 671 falcacione
664 640 696 668 et
705 637 885 668 lucracione
897 637 981 678 prati
991 637 1030 668 de
1041 637 1197 678 Lestalrig

145 687 184 718 de
207 697 324 728 croppo
340 688 417 718 anni
432 687 565 718 Domini
580 690 638 718 etc.
662 687 851 727 sexagesimi
871 687 977 727 primi,
991 686 1030 717 de
1046 686 1196 717 mandato

145 736 268 767 domini
291 736 469 767 Alexandri
498 737 531 767 N
533 747 636 777 apare,
658 739 736 768 tunc
760 740 982 777 computorum
1004 736 1197 774 rotulatoris,

90 798 95 802 ·
145 786 214 826 ipso
245 785 366 817 fatente
396 785 585 816 mandatum
608 796 704 826 super
730 789 926 827 computum,
950 786 984 816 xl
1007 790 1029 816 s.
1075 786 1118 816 Et
1140 797 1197 827 per

144 835 370 867 liberacionem
386 835 505 866 factam
520 835 664 866 Johanni
679 835 822 876 Haliday
838 846 895 876 pro
911 845 975 866 uno
991 845 1073 875 equo
1089 839 1196 876 empto

145 886 186 916 ab
196 885 305 916 eodem
316 888 348 916 et
357 885 491 916 liberato
501 885 621 916 Thome
633 885 775 926 Squyare
786 885 824 916 de
835 885 984 916 mandato
995 884 1197 915 dominorum

145 934 184 965 de
200 934 493 984 consilio‚’domino
516 934 701 969 Alexandro
724 934 757 965 N
759 944 853 975 apare
876 937 909 965 et
931 934 1081 975 magistro
1097 934 1196 965 Alex-

145 983 242 1014 andro
273 984 408 1024 Murray
431 984 625 1014 testantibus
656 983 844 1014 mandatum
875 993 970 1023 super
1001 986 1197 1024 computum,

143 1033 210 1063 ixii.
235 1043 256 1063 x
287 1037 309 1063 s.
366 1033 409 1063 Et
438 1042 494 1073 pro
525 1033 657 1072 triginta
687 1032 811 1063 duabus
841 1032 999 1063 mensuris
1029 1032 1196 1064 cordarum

144 1082 238 1113 dictis
268 1081 446 1122 faddomys,
476 1082 592 1122 emptis
622 1092 679 1122 per
716 1082 952 1122 compotantem
983 1084 1015 1112 et
1051 1081 1195 1113 liberatis

143 1131 287 1163 Johanni
309 1131 465 1162 Kirkwod
481 1141 538 1172 pro
553 1132 665 1162 martis
688 1131 874 1171 pendendis,
889 1131 1032 1171 precium
1047 1141 1196 1162 mensure

144 1184 280 1221 quatuor
291 1180 421 1217 denarii,
434 1191 455 1211 x
471 1185 493 1211 ἒ.
507 1180 563 1221 viiJ'
580 1180 608 1211 d.
655 1181 698 1211 Et
713 1191 770 1221 pro
783 1180 905 1212 duabus
922 1180 1028 1221 parvis
1041 1180 1196 1212 duodenis

143 1230 348 1271 perapsidum
378 1233 410 1261 et
432 1230 566 1261 totidem
589 1230 748 1260 discorum
772 1233 804 1260 et
827 1233 963 1270 quatuor
987 1229 1196 1270 cbargeouris,

143 1280 395 1320 ponderantibus
433 1289 489 1310 sex
519 1282 626 1320 petras
656 1282 779 1320 septem
809 1279 907 1310 libras
945 1289 1018 1309 cum
1056 1279 1196 1311 dimedia

142 1329 291 1370 ponderis
306 1328 345 1359 de
361 1332 460 1369 troye,
475 1329 618 1368 precium
634 1328 714 1359 libre
730 1328 891 1359 sexdecim
911 1328 1042 1366 denarii,
1051 1329 1194 1360 liberatis

142 1377 286 1408 Johanni
310 1377 460 1414 Darrach‚
476 1380 554 1408 tunc
570 1377 752 1414 senescallo,
768 1381 801 1409 et
816 1388 880 1408 non
903 1378 1030 1408 intratis
1046 1378 1081 1408 in
1103 1378 1194 1410 libris

143 1427 309 1463 dietarum,
325 1427 355 1467 vj
373 1426 404 1457 11.
432 1427 487 1468 va'
505 1431 527 1458 s.
545 1427 613 1467 viiij
630 1427 658 1458 d.
705 1427 748 1458 Et
769 1438 826 1468 pro
846 1428 938 1458 firma
953 1427 1065 1458 domus
1081 1428 1115 1458 iu
1131 1439 1195 1469 qua

143 1476 302 1516 recipiunt
317 1479 468 1516 computa
490 1479 637 1507 custume
653 1476 691 1507 de
708 1477 802 1508 dictis
817 1476 920 1507 tribus
939 1477 1094 1514 terminis,
1110 1478 1144 1518 iij
1161 1478 1193 1509 fi.

142 1526 186 1556 Et
206 1536 265 1567 pro
288 1526 436 1566 expensis
459 1526 553 1557 factis
577 1526 659 1557 circa
681 1526 920 1567 reparacionem
935 1529 1027 1557 trone
1050 1527 1085 1557 in
1101 1527 1194 1558 scalis

142 1578 174 1607 et
189 1576 300 1613 cordis,
316 1576 347 1616 vj
365 1580 388 1607 s.
412 1576 435 1616 ij
452 1576 481 1607 d.
527 1576 569 1606 Et
592 1575 728 1607 Ricardo
754 1576 892 1613 Roberti,
918 1576 1114 1616 presbytero,
1138 1586 1195 1617 pro

142 1625 299 1666 scriptura
321 1625 499 1656 rotulorum
525 1626 681 1666 presentis
709 1625 857 1666 compoti,
880 1635 900 1656 v
923 1625 954 1655 fi.
1001 1625 1044 1656 Et
1066 1626 1195 1663 eisdem,

141 1685 198 1715 per
222 1675 418 1706 solucionem
444 1675 564 1706 factam
590 1675 674 1706 dicto
699 1675 896 1706 thesaurario
913 1675 946 1705 in
963 1675 1057 1705 certis
1070 1675 1194 1706 denari-

141 1725 202 1756 atis
225 1725 360 1765 receptis
376 1725 416 1756 ab
439 1735 475 1756 eo
497 1735 554 1766 per
577 1725 740 1756 Andream
762 1724 940 1756 Craufurde
956 1734 995 1755 ex
1012 1727 1101 1764 parte
1117 1724 1195 1755 dicti

141 1773 331 1805 thesaurarii
347 1774 381 1805 in
394 1778 492 1815 parte,
504 1775 573 1815 ipso
586 1774 707 1805 fatente
717 1778 881 1815 receptum
892 1783 987 1814 super
1003 1777 1193 1814 compotum,
1207 1774 1372 1826 Respondent

141 1823 195 1864 xvj
212 1823 243 1854 fi.
256 1823 311 1864 xiij
330 1827 352 1854 s.
369 1823 416 1864 iiij
433 1823 472 1861 d„
482 1834 539 1864 pro
555 1824 671 1864 quibus
687 1823 898 1864 respondebit.
937 1823 979 1853 Et
995 1822 1098 1854 eidem
1114 1823 1192 1860 Ade,
1207 1812 1370 1857 Gletsffganus

140 1872 184 1913 [to
209 1872 388 1911 Treasurer,
397 1873 454 1913 for
476 1873 647 1910 household,
663 1873 760 1913 ‚3301
806 1872 849 1902 Et
872 1871 984 1908 eidem,
1000 1881 1056 1912 per
1079 1872 1192 1902 libera·
1206 1873 1372 1925 Respondebit

140 1922 263 1953 cionem
276 1922 394 1953 factam
405 1923 534 1954 Andree
551 1922 683 1953 Balfour
699 1922 738 1953 ad
754 1932 849 1953 usum
865 1921 986 1952 domini
998 1921 1088 1961 regis,
1104 1921 1191 1952 vide·
1206 1910 1368 1955 thsffizrfrrms

139 1970 216 2002 licet
227 1971 262 2002 in
273 1971 389 2012 viginti
402 1971 524 2002 duabus
540 1971 626 2003 ulnis
642 1971 727 2002 lanei
743 1971 826 2012 nigri
842 1971 880 2001 de
897 1970 1031 2011 Rysillis
1047 1973 1079 2000 et
1095 1970 1192 2011 Myn-

140 2020 265 2061 nyngis,
276 2024 413 2060 quatuor
422 2020 507 2051 ulnis
519 2021 618 2061 panni
628 2021 723 2061 gresii
735 2021 773 2051 de
786 2021 811 2050 F
813 2019 945 2056 landria,
958 2029 1021 2049 una
1033 2019 1110 2050 ulna
1120 2030 1193 2050 cum

142 2068 281 2100 dimedia
303 2070 403 2110 panni
418 2070 541 2101 veredis
558 2069 696 2107 Cortrik,
711 2069 814 2100 tribus
831 2069 916 2099 ulnis
933 2068 1056 2099 duobus
1073 2069 1194 2108 quamtis

142 2128 215 2148 oum
231 2118 369 2149 dimedio
385 2119 483 2159 panni
499 2119 658 2157 subrubei,
675 2119 817 2160 quinque
832 2118 918 2149 ulnis
934 2118 1033 2158 pauni
1049 2119 1140 2149 serici
1156 2119 1195 2149 de

143 2167 303 2198 Damasco
315 2170 421 2206 tanne,
432 2168 605 2200 duodecem
615 2169 700 2200 ulnis
711 2172 743 2200 et
753 2168 914 2209 quarteria
923 2178 995 2198 cum
1007 2167 1145 2198 dimedia
1157 2168 1195 2199 de
