1551 2462
146 209 236 238 1464.
456 205 618 238 REGUM
643 205 889 238 SOOTORUM.
1135 209 1194 238 239

143 299 251 332 David
281 299 507 342 Scrymgeoure
537 299 576 332 de
606 299 757 331 mandato
788 299 870 341 regis
900 300 1090 331 intromittit
1121 310 1194 331 cum

144 350 272 381 eisdem.

187 399 280 431 Idem
294 402 405 431 onerat
416 409 449 431 se
461 399 494 431 in
506 399 618 441 primis
629 398 668 431 de
681 399 792 441 xxxvij
804 403 826 431 s.
835 400 847 440 j
865 399 893 431 d.
906 399 954 431 ob.
971 409 1027 441 per
1040 399 1195 440 arreragia

143 448 252 480 ultimi
275 449 414 491 compoti
436 449 486 481 sui
501 449 615 481 redditi
640 449 769 481 domine
784 449 892 490 regine
915 450 967 490 pie
989 450 1139 481 memorie
1156 449 1194 480 de

143 498 272 537 eisdem,
287 502 324 531 ut
339 502 428 540 patet
450 499 486 530 in
507 499 587 540 pede
611 499 763 540 ejusdem,
778 500 814 530 in
835 499 941 531 rotulo
965 499 1049 531 dicte
1067 499 1195 530 domine

143 549 251 589 regine
267 548 306 580 de
321 559 404 580 anno
419 549 614 589 sexagesimo
629 549 736 580 tercio.
783 549 916 580 Summa
932 549 1081 591 arreragii
1096 552 1199 590 patet,

144 608 219 629 cum
231 609 252 629 x
268 598 362 630 bollis
378 609 551 630 avenarum
567 602 599 630 et
614 599 636 640 ij
654 599 809 630 duodenis
824 599 1023 640 gallinarum.

188 647 281 686 Item,
306 648 392 680 idem
417 651 528 680 onerat
552 658 585 680 se
609 648 648 680 de
670 648 704 679 ix
726 648 759 679 H.
785 649 816 689 vj
844 653 868 680 s.
895 648 996 690 iiij‘d.
1022 649 1062 680 de
1093 648 1194 679 firmis

143 700 300 729 terrarum
315 697 353 729 de
376 698 594 730 Balnabreche
616 698 656 729 de
679 698 820 730 dominio
841 698 881 730 de
897 698 1035 730 Breohin
1051 698 1090 730 de
1108 698 1193 729 dicto

144 747 280 778 termino
303 747 413 779 Sancti
435 748 580 785 Martini,
595 748 679 779 infra
694 748 756 779 hoo
772 750 964 789 compotum.
1010 748 1054 780 Et
1069 748 1108 779 de
1123 758 1144 778 v
1160 747 1191 779 fi.

144 797 183 829 de
199 797 298 829 firmis
320 801 478 829 terrarum
504 798 543 830 de
568 798 786 830 Kindrochatt
807 798 847 829 de
871 798 965 829 dictis
992 797 1134 829 dominio
1162 801 1195 829 et

145 846 288 877 termino.
333 847 376 877 Et
391 846 430 878 de
447 846 490 887 vij
508 846 541 879 fi.
564 847 595 887 vj
613 846 642 877 d.
659 846 698 878 de
720 847 821 879 firmis
837 850 993 878 terrarum
1008 847 1047 878 de
1063 846 1195 887 Petpul-

144 895 227 927 lokis
252 896 292 927 de
318 896 438 927 eisdem
459 896 600 927 dominio
626 899 659 927 et
682 896 826 928 termino.
872 897 915 927 Et
945 896 984 927 de
1013 896 1084 927 xlix
1110 900 1132 927 s.
1158 896 1197 927 de

145 946 246 977 firmis
261 946 300 977 de
317 945 542 977 Pettindreich.
588 946 631 977 Et
653 945 692 977 de
715 946 749 986 iij
773 945 807 978 E.
829 946 861 986 vj
880 950 904 976 s.
921 944 977 987 v'iij
995 945 1024 977 d.
1041 946 1080 977 de
1095 946 1196 977 firmis

146 995 185 1026 de
200 995 372 1026 Buthirkil.
417 996 460 1026 Et
475 995 514 1026 de
531 995 575 1036 vij
592 994 623 1026 fi.
642 995 694 1035 xvj
713 999 736 1026 ἓ.
752 995 791 1026 (18
807 995 906 1026 firmis
923 995 962 1026 de
972 995 1196 1027 Pettintoskal·

145 1045 189 1076 Et
204 1044 243 1076 de
266 1044 313 1085 liij
338 1048 361 1076 Ξ.
385 1055 407 1075 x
429 1044 459 1076 d.
483 1044 522 1076 de
550 1044 649 1076 firmis
671 1044 853 1075 medietatis
876 1044 916 1076 de
931 1045 1054 1076 Arrate.
1099 1044 1142 1075 Et
1158 1043 1197 1076 de

147 1095 214 1135 xlvj
231 1098 254 1126 s.
272 1094 327 1135 viij
345 1094 374 1126 d.
391 1094 430 1126 de
446 1094 546 1126 firmis
569 1093 746 1126 molendini
769 1094 807 1125 de
824 1094 946 1126 Arrate.
990 1094 1033 1126 Et
1049 1094 1088 1125 de
1103 1104 1149 1125 xx
1163 1093 1195 1125 Η.

147 1143 187 1175 (18
202 1143 301 1175 firmis
317 1146 473 1175 terrarum
489 1143 528 1175 de
544 1143 687 1184 Kincrag
696 1146 729 1174 et
743 1143 920 1175 molendini
935 1143 974 1175 de
990 1143 1146 1184 Balbirny
1158 1143 1197 1175 de

145 1292 212 1333 xvij
230 1297 254 1325 s.
270 1293 301 1334 vj
318 1292 347 1324 d.
364 1292 403 1324 de
419 1302 525 1324 annuo
551 1291 680 1324 redditu
705 1292 745 1324 de
769 1292 1032 1324 Carraldestoune
1056 1292 1094 1324 de
1112 1292 1197 1324 dicto

145 1342 281 1373 termino
291 1342 401 1374 Sancti
417 1341 564 1379 Martini,
580 1341 655 1382 quia
670 1344 748 1373 tunc
759 1341 903 1373 redditur
918 1344 1053 1373 tantum.
1099 1342 1142 1373 Et
1157 1341 1197 1373 de

145 1391 180 1432 iij
196 1391 228 1423 fi.
245 1391 302 1433 xiij
321 1396 344 1424 ἔ.
371 1391 418 1433 iiij
445 1391 474 1423 d.
492 1391 531 1423 de
555 1391 656 1423 firmis
680 1394 836 1423 terrarum
864 1391 903 1422 de
929 1391 1130 1433 Tuliquhilly
1157 1392 1197 1423 de

145 1440 286 1472 dominio
315 1441 353 1472 de
379 1440 527 1473 Nethver
551 1440 591 1472 de
617 1440 729 1472 eodem
759 1440 894 1472 termino
919 1441 1028 1472 Sancti
1050 1440 1194 1473 Martini.

145 1490 188 1521 Et
210 1490 249 1522 de
265 1500 332 1521 xxx
346 1494 371 1522 ἕ.
395 1490 435 1522 (18
461 1489 561 1521 firmis
577 1489 616 1521 de
640 1490 815 1522 Lethindee
842 1490 881 1521 de
896 1489 991 1522 dietis
1006 1490 1148 1522 dominio
1165 1495 1197 1522 et

145 1539 288 1571 termino.
333 1540 376 1571 Et
400 1539 439 1571 de
462 1540 497 1580 iij
520 1539 553 1571 fi.
573 1539 612 1571 (18
635 1539 735 1571 firmis
751 1540 790 1571 de
813 1539 1004 1572 Ballernooh
1022 1540 1059 1571 de
1075 1540 1195 1572 eisdem

146 1589 286 1621 dominio
316 1593 349 1621 et
384 1590 528 1622 termino.
573 1590 616 1621 Et
643 1589 682 1621 de
706 1589 753 1631 liij
779 1594 802 1621 ἔ.
827 1590 874 1631 iiij
901 1589 929 1621 d.
957 1590 996 1622 de
1026 1590 1126 1622 firmis
1157 1590 1196 1621 de

145 1639 301 1671 Nathrow
317 1639 356 1672 de
373 1639 467 1671 dictis
483 1639 624 1671 dominio
648 1643 680 1671 et
695 1639 838 1671 termino.
884 1640 927 1671 Et
942 1639 981 1671 de
996 1639 1043 1681 liij
1061 1644 1084 1671 s.
1102 1640 1148 1681 iiij
1166 1639 1194 1670 d.

145 1691 300 1721 terrarum
314 1689 354 1722 de
369 1689 580 1731 Tulyarblath
596 1689 635 1722 de
650 1688 745 1721 dictis
761 1689 902 1721 dominio
917 1691 950 1721 et
966 1699 1056 1720 anno.
1102 1689 1145 1720 Et
1157 1689 1196 1720 de

145 1739 223 1780 xxvj
241 1742 264 1772 ἓ.
280 1739 336 1782 viij
355 1739 384 1776 d,
401 1739 440 1771 de
463 1739 563 1771 firmis
578 1738 756 1772 molendini
778 1738 946 1770 bladorum
969 1738 1047 1769 dicti
1062 1738 1196 1769 dominii

146 1788 186 1820 de
202 1788 313 1820 eodem
335 1789 482 1822 termino.
525 1789 569 1820 Et
591 1788 630 1820 de
652 1799 720 1825 xxx
743 1792 765 1821 ἔ.
790 1787 829 1820 (18
852 1788 1032 1829 Tulybirny
1054 1788 1093 1820 de
1109 1788 1195 1819 dicto

145 1838 290 1873 termino,
327 1838 370 1870 Et
382 1838 420 1871 de
433 1838 467 1880 iij
480 1842 504 1871 s.
518 1838 549 1879 vj
563 1837 592 1877 d,
603 1838 642 1870 de
654 1838 754 1869 firmis
765 1838 900 1871 duarum
910 1837 1083 1869 croftarum
1095 1838 1196 1869 dicta-

145 1896 217 1918 rum
232 1887 492 1923 Browstarecroft
507 1881 540 1923 et
555 1887 758 1929 Smedycroft
770 1887 809 1919 de
825 1887 919 1920 dictis
935 1887 1076 1919 dominio
1088 1890 1121 1918 et
1132 1890 1195 1919 ter-

147 1987 374 2020 constabularii
389 1988 428 2020 de
445 1988 583 2020 Brechin
599 1989 637 2020 de
653 1988 738 2020 dicto
755 1988 898 2025 termino,
914 1988 1000 2029 quod
1018 1987 1195 2029 pomerium

147 2046 222 2068 cum
244 2047 317 2071 acra
339 2037 481 2079 predicta
504 2041 553 2069 est
575 2038 609 2069 in
632 2037 738 2069 warda
768 2048 824 2079 per
846 2037 1011 2069 decessum
1033 2037 1196 2078 quondam

147 2085 170 2117 J
172 2086 262 2117 aoobi
274 2086 461 2119 Wisoharte.
492 2087 534 2118 Et
550 2087 588 2118 de
604 2087 648 2128 xij
660 2087 689 2118 d.
699 2097 756 2128 per
768 2087 989 2118 vendicionem
1004 2087 1100 2118 unius
1116 2087 1196 2119 libre

152 2135 263 2167 cimini
275 2136 346 2168 albe
362 2136 451 2171 firme
463 2139 620 2172 terrarum
637 2136 675 2173 de
690 2136 881 2184 Newbiggin
897 2136 936 2173 de
951 2136 1037 2173 dicto
1053 2137 1196 2177 terminQ
