1551 2462
107 576 234 607 Responde
234 579 272 603 bit

107 606 208 636 Walloe,

105 637 233 661 mtnlator.

105 723 291 767 Linlithqw.

327 291 391 320 534
551 281 555 284 “
637 290 802 323 11011111
825 291 1063 323 SGACCARH
1285 293 1380 325 1468.
1447 272 1485 330 j
1546 305 1549 311 ⁴

324 381 422 424 hujus
437 383 623 424 pendencie,
639 385 762 425 xxxviij
779 384 812 415 11.
831 385 886 426 xiij
904 389 926 416 ἑ
943 385 990 425 iiij
1007 384 1036 415 d.
1083 384 1125 415 Et
1141 384 1187 416 sic
1202 386 1325 416 restant
1338 382 1375 425 ij‘*

323 432 356 463 11.
373 433 440 473 xvij
464 434 514 474 §.j
539 433 567 465 d„
593 444 615 464 v
637 438 738 465 marte
763 438 795 465 et
815 434 974 466 salmones
995 434 1139 476 predicti.
1184 435 1235 465 De
1250 434 1376 476 quibus,

323 486 401 513 sunt
415 482 455 514 de
477 483 650 524 grassumis
673 484 908 525 quinquaginta
931 485 1075 525 quinque
1089 484 1179 521 libre,
1195 484 1235 515 de
1249 484 1376 525 quibus.

323 531 457 564 allocate
481 533 682 574 computanti
703 543 760 574 per
784 534 980 565 solucionem
1005 534 1124 565 factam
1145 534 1230 565 dicto
1245 544 1374 575 compu-

321 584 429 613 torum
443 583 610 614 rotulatori
633 583 801 624 recipienti
816 594 912 625 super
934 588 1132 625 computum,
1155 584 1211 625 viij
1228 583 1260 614 11.
1277 583 1324 624 iiij
1341 587 1376 622 Ξ,

320 641 379 672 pro
393 632 511 673 quibus
526 633 737 674 respondebit.

364 730 557 772 Oompotum
596 731 729 763 Patricii
769 731 792 763 J
794 731 962 769 ohnesone
1000 732 1172 773 receptoris
1209 732 1373 763 firmarum

319 772 443 817 domini
457 781 560 812 nostri
573 781 656 822 regis
667 781 753 812 infra
764 781 1006 822 Lithqwschire,
1016 781 1226 823 [Edinbarqffl
1238 782 1282 812 15
1292 781 1322 811 J
1319 781 1373 822 aly
1439 818 1442 821 Δ
1455 826 1461 830 ⁴

318 831 414 868 1468,
421 831 512 871 from
526 832 550 862 3
563 831 643 872 July
658 832 767 869 1425(st
790 833 812 862 2
825 831 936 873 years]

363 880 456 911 Idem
485 884 598 912 onerat
626 891 660 912 se
691 881 725 912 in
751 881 872 922 primis,
889 881 928 912 de
953 880 1019 921 xlvj
1036 881 1069 912 11
1093 881 1148 922 xvj
1165 891 1189 912 s.
1212 880 1247 911 ix
1262 880 1291 911 d.
1315 867 1372 921 per

318 929 476 971 arreragia
490 929 599 960 ultimi
611 930 755 971 computi
769 929 888 961 redditi
899 940 956 971 per
967 930 990 961 J
991 930 1152 961 ohannem
1164 929 1203 960 de
1216 929 1373 967 Kincade,

317 982 397 1010 tunc
418 983 614 1020 receptorem
637 979 716 1010 dicti
738 979 881 1016 dominii,
904 983 942 1010 ut
963 983 1054 1021 patet
1075 979 1111 1010 in
1125 979 1206 1020 pede
1229 979 1372 1020 computi

319 1028 369 1059 sui
387 1039 405 1060 a
418 1029 478 1060 nni
537 1028 590 1062 iti.
634 1029 677 1060 Et
693 1030 732 1061 de
748 1029 783 1060 xl
798 1034 821 1061 ἓ.
835 1030 874 1061 (18
884 1029 1001 1071 quibus
1011 1029 1191 1061 onerandus
1204 1032 1253 1060 est
1265 1029 1370 1060 dictus
1396 1054 1402 1055 γ
1438 1042 1450 1049 -

318 1080 340 1111 J
343 1079 485 1112 ohannes
501 1080 541 1111 de
556 1080 704 1111 Kincade
720 1080 759 1112 de
775 1080 877 1112 firmis
899 1085 1059 1112 terrarum
1073 1083 1106 1111 et
1121 1090 1266 1111 acrarum
1281 1089 1370 1120 spec-
1431 1114 1435 1116 v
1450 1089 1458 1096 ·

317 1130 463 1161 tancium
477 1129 618 1161 Mariote
635 1130 747 1161 Sibffle
770 1130 941 1167 Persoune,
957 1140 1032 1161 cum
1054 1129 1171 1171 quibus
1193 1129 1370 1161 vicecomes

317 1179 358 1210 de
372 1178 551 1220 Linlithqw
573 1179 718 1210 oneravit
741 1179 880 1210 eundem
902 1179 925 1210 J
927 1179 1087 1210 ohannem
1109 1179 1144 1209 in
1167 1178 1252 1209 dicto
1275 1188 1368 1210 anno.
1417 1175 1469 1232 ,ᾗ

316 1228 361 1259 Et
375 1228 416 1260 de
430 1239 453 1259 x
466 1228 499 1259 11.
514 1228 552 1260 de
568 1228 815 1260 amerciamento
831 1228 990 1260 Willelmi
1005 1228 1236 1269 Hamystoune,
1251 1227 1291 1259 de
1306 1237 1370 1268 quo

316 1278 404 1309 idem
419 1278 595 1309 vicecomes
617 1278 760 1319 seipsum
782 1278 969 1309 exoneravit
983 1278 1018 1308 111
1033 1277 1146 1317 eodem
1161 1280 1312 1318 computo
1327 1287 1381 1308 ex⁷

317 1338 354 1359 eo
370 1327 455 1369 quod
470 1328 578 1369 ipsum
590 1327 780 1359 deliberavit
795 1328 881 1359 dicto
903 1328 926 1359 J
928 1327 1049 1359 ohanni
1063 1328 1099 1358 in
1119 1337 1255 1368 presona
1277 1326 1368 1368 regis,

318 1380 356 1408 ut
371 1381 461 1418 patet
475 1377 511 1408 in
526 1377 638 1408 eodem
653 1381 811 1418 computo.
858 1377 990 1409 Summa
1006 1377 1244 1419 arreragiomm,
1253 1376 1323 1417 lviij
1335 1375 1368 1407 11

319 1427 373 1468 xvj
391 1431 413 1458 ἒ.
429 1427 464 1458 ix
479 1427 508 1458 d.

362 1476 456 1513 Item,
471 1477 556 1508 idem
579 1480 690 1508 onerat
712 1487 746 1508 se
768 1476 833 1508 (181
850 1477 882 1508 11.
906 1477 963 1518 xiij
981 1481 1004 1508 ἒ.
1028 1477 1074 1518 iiij
1099 1476 1128 1508 d.
1149 1487 1208 1517 per
1228 1476 1369 1517 integras

318 1526 426 1556 firmas
463 1529 620 1557 terrarum
657 1526 697 1558 de
733 1527 888 1558 Kincavil
917 1527 957 1558 de
995 1527 1119 1558 duobus
1149 1527 1242 1557 annis
1273 1526 1370 1566 hujus
1421 1546 1427 1549 -
1451 1514 1454 1519 ’

318 1575 469 1616 computi.
515 1575 558 1606 Et
573 1575 612 1606 de
628 1575 673 1616 xlj
690 1575 722 1606 11.
739 1576 783 1616 xij
802 1580 825 1606 ἓ.
841 1586 899 1616 per
914 1576 1054 1617 integras
1070 1576 1177 1606 firmas
1193 1576 1233 1607 de
1248 1576 1368 1606 Drum-
1428 1608 1433 1618 Ι

318 1635 388 1656 cors
418 1625 458 1656 de
489 1624 583 1656 dictis
614 1625 714 1656 anuis.
760 1626 803 1655 Et
829 1625 920 1666 xxxij
950 1625 983 1656 11.
1013 1635 1070 1666 per
1095 1625 1235 1666 integras
1262 1625 1370 1657 firmas

317 1677 475 1705 terrarum
498 1674 538 1705 de
561 1674 776 1715 Bonyntoune
800 1675 839 1706 de
862 1675 956 1706 dictis
972 1675 1072 1705 annis.
1119 1675 1163 1706 Et
1177 1674 1267 1705 dex]
1282 1679 1305 1706 ἒ.
1330 1674 1370 1706 (18

272 1721 279 1727 ”
317 1724 517 1766 Kingisfeild
539 1723 578 1755 de
594 1723 688 1755 dictis
711 1724 812 1756 annis.
857 1724 901 1755 Et
917 1725 956 1756 de
973 1724 1026 1765 xvj
1044 1724 1076 1755 11.
1093 1724 1132 1755 (18
1155 1724 1255 1755 firmis
1270 1727 1369 1755 terra-

317 1784 390 1805 rum
412 1773 452 1805 de
474 1773 643 1814 Lochsyde
666 1773 706 1804 de
728 1773 848 1805 eisdem
879 1774 979 1804 annis.
1025 1774 1067 1804 Et
1090 1773 1129 1805 de
1152 1772 1278 1804 xxixii.
1294 1773 1329 1804 ix
1343 1777 1368 1805 ἓ.

317 1824 353 1864 iij
370 1823 399 1855 d.
416 1823 456 1855 de
465 1824 566 1855 firmis
581 1833 730 1854 acrarum
742 1823 865 1854 domini
876 1823 959 1864 regis
971 1827 1038 1854 tam
1051 1823 1256 1854 orientalium
1270 1833 1368 1866 quam

319 1873 567 1904 occidentalium
588 1883 687 1914 prope
702 1872 839 1913 Lithqw,
854 1883 994 1903 unacum
1010 1883 1117 1903 annuo
1133 1872 1259 1904 redditu
1275 1872 1368 1913 quin-

319 1933 381 1964 que
396 1923 571 1954 soh'dorum
586 1923 756 1954 annuatim
770 1923 809 1954 de
825 1922 1018 1954 Fiddallaris
1034 1922 1126 1954 Croft
1141 1926 1174 1954 et
1190 1921 1368 1953 Lambartis

317 1972 435 2010 Yarde,
451 1972 490 2003 de
506 1972 626 2003 eisdem
642 1972 742 2002 annis.
781 1972 824 2002 Et
839 1971 878 2003 de
894 1972 950 2013 xxj
967 1971 998 2003 11.
1012 1972 1044 2013 vj
1061 1976 1084 2003 ἔ.
1098 1972 1154 2012 viij
1171 1971 1199 2003 d.
1213 1971 1252 2003 de
1267 1971 1373 2002 firmis
1417 1984 1441 2014 s,

318 2025 475 2053 terrarum
490 2021 530 2052 de
547 2021 625 2052 Wra
640 2021 679 2052 de
695 2021 789 2052 dictis
804 2021 957 2052 terminis.
1003 2021 1045 2052 Et
1060 2021 1100 2052 de
1114 2021 1150 2052 xl
1164 2020 1198 2052 11.
1213 2021 1253 2052 (18
1267 2019 1367 2052 firmis
1399 2041 1402 2043 ,
1417 2024 1422 2031 '
1442 2032 1445 2033 ⁷
1501 2033 1508 2040 ·

318 2075 475 2103 terrarum
505 2070 545 2102 de
574 2069 766 2101 Houstoune
795 2070 881 2102 ins-ra
911 2071 1075 2102 baroniam
1097 2070 1137 2101 de
1161 2069 1313 2102 Strabrok
1327 2068 1367 2101 de
1420 2094 1438 2106 -V
1500 2104 1502 2106 ,

318 2121 414 2153 dietis
429 2121 530 2152 annis.
575 2120 618 2151 Et
640 2120 680 2151 de
703 2121 780 2161 xxvj
797 2120 829 2151 11
846 2121 903 2161 xiij
921 2125 944 2152 ς.
968 2120 1014 2161 iiij
1031 2120 1066 2152 (1-
1077 2120 1116 2152 de
1140 2120 1240 2152 firmis
1261 2120 1366 2153 medie
1422 2112 1433 2127 '¹
1496 2128 1501 2133 ,

318 2171 419 2211 partis
449 2174 606 2201 terrarum
636 2169 878 2201 dominicalium
908 2170 947 2202 (le
978 2170 1170 2202 Houstoune
1207 2170 1247 2202 de
1270 2169 1364 2202 dictis
1423 2182 1454 2218 Η·

318 2220 419 2251 annis.
464 2220 506 2251 Et
523 2219 562 2251 de
578 2230 621 2251 xx
635 2219 668 2250 11.
685 2219 724 2251 (18
750 2219 848 2251 firmis
871 2223 1027 2251 terrarum
1049 2219 1089 2251 de
1112 2219 1258 2252 Kirkhill
1280 2219 1364 2252 dicte
1418 2235 1424 2238 ·
1447 2266 1454 2273 ,
