1551 2462
328 250 390 298 266
655 266 820 299 norum
845 266 1082 298 SOACOARH
1289 268 1381 298 1464.

334 360 499 398 Uroharde,
515 361 568 392 ,ΕΙ
586 362 626 392 63.
643 361 708 399 8d.;
732 360 912 392 Alexander
927 360 1075 400 Rccmsay,
1093 360 1134 391 63.
1151 359 1215 397 8cz.;
1240 359 1327 390 Zaird
1349 359 1387 400 of

328 413 572 453 Munquhaomy,
588 414 643 444 ,25³2
658 413 722 444 133.
739 413 804 450 4⁶17·
829 413 894 443 and
918 412 1067 452 clmplain
1083 415 1116 442 at
1133 411 1249 452 Οοῖαοζιχ,
1266 412 1321 442 ,ΕΒ
1337 412 1378 442 63.

326 463 391 500 8d.;
410 473 483 503 asp.
499 463 565 493 196
574 474 586 501 ;
603 463 662 493 last
678 465 711 493 at
723 462 812 503 risam]
851 462 893 492 Et
905 461 1003 492 Leoni
1018 461 1085 502 regi
1101 460 1380 501 armorum,perci-

326 513 429 553 pienti
453 512 620 544 annuatim
643 511 759 553 viginti
792 521 914 542 marcas
943 511 979 541 in
1008 511 1101 542 feodo
1124 520 1190 548 suo,
1221 510 1260 541 de
1294 509 1380 541 dicto

326 562 465 594 termino
481 561 512 603 vj
529 562 562 594 11.
579 562 635 603 xiij
648 566 671 593 s.
681 561 728 603 iiij
742 561 772 593 d.
816 561 859 592 Et
881 561 903 592 J
905 561 1025 591 ohanni
1038 560 1198 597 Balfoure,
1211 560 1380 590 constabu-

326 612 406 644 lario
428 609 524 644 castri
540 613 578 643 de
601 610 792 648 Fauclande,
814 620 872 652 pro
897 610 1042 642 custodia
1065 610 1208 651 ejusdem
1231 609 1270 641 de
1293 609 1379 640 dicto

327 662 472 699 termino,
485 660 519 693 ix
534 662 566 693 11.
604 661 647 693 Et
663 661 798 702 Georgio
814 661 853 692 de
869 660 1093 701 Bannachtyn,
1105 670 1161 701 pro
1177 659 1380 700 reparacione

327 715 359 743 et
382 712 617 743 sustentacione
640 721 733 753 parce
756 711 795 742 de
818 708 991 747 Faucland,
1007 708 1196 751 percipienti
1212 709 1380 740 annuatim

327 761 537 802 quadraginta
559 760 684 798 solidos,
701 761 739 791 de
762 760 899 791 termino
915 760 1011 801 huJus
1035 758 1253 800 computi,‘xx
1269 763 1292 790 ἔ.
1338 759 1381 789 Et

327 808 492 843 VVillelmo
508 810 668 848 Draware,
683 821 739 851 pro
756 809 992 841 sustentacione
1012 809 1211 850 aqueductus
1227 808 1268 839 ad
1290 818 1380 839 man-

327 861 430 892 erium
467 860 505 892 de
537 860 700 891 Faucland
731 859 769 891 de
801 858 885 890 dicto
916 856 1062 896 termino,
1092 869 1113 889 v
1143 862 1166 889 s.
1198 858 1230 898 vj
1263 857 1292 889 d.
1337 857 1380 888 Et

329 910 522 942 Lancelotho
539 908 738 950 Abernethy,
753 909 944 950 percipienti
960 907 1126 940 annuatim
1149 907 1257 939 decem
1282 907 1380 938 libras

327 971 385 1001 pro
401 960 493 991 feodo
509 967 566 990 suo
583 959 622 990 de
638 958 730 990 terris
747 958 786 990 de
801 956 1038 990 Thomastoune
1061 959 1197 989 durante
1213 957 1380 988 voluntate

327 1009 418 1050 regis,
435 1009 473 1040 (16
488 1008 625 1040 termino
641 1008 785 1049 computi
799 1011 832 1039 et
847 1008 907 1039 sub
923 1007 1065 1048 periculo
1076 1006 1296 1048 computantis,
1310 1017 1330 1038 v
1346 1006 1377 1037 11⁵„

327 1059 370 1090 Et
392 1058 535 1089 Johanni
559 1057 789 1098 Skrimgeoure,
813 1055 979 1098 clavigero,
1001 1055 1190 1098 percipienti
1214 1056 1381 1088 annuatim

327 1109 437 1140 decem
459 1117 581 1139 marcas
603 1117 661 1148 pro
685 1106 777 1138 feodo
801 1117 858 1138 suo
881 1106 920 1138 de
935 1107 1020 1138 dicto
1044 1106 1189 1143 termino,
1204 1102 1238 1147 iij
1256 1103 1288 1137 n.
1306 1105 1338 1146 vj
1356 1109 1380 1137 ἔ.

327 1156 383 1199 viij
401 1157 430 1189 d.
468 1157 511 1188 Et
526 1157 664 1188 Roberto
676 1153 814 1193 Hunter,
827 1155 1019 1197 percipienti
1031 1155 1198 1187 annuatim
1210 1154 1378 1187 duodecim

326 1208 424 1239 libras
446 1217 503 1248 pro
521 1205 611 1238 feodo
634 1216 701 1243 suo,
725 1206 763 1238 de
787 1205 904 1247 quibus
927 1204 1148 1237 allocabantur
1170 1205 1204 1235 in
1228 1208 1379 1245 computo

326 1256 497 1289 Michaelis
513 1256 552 1288 de
568 1254 718 1287 Balfoure
729 1256 768 1287 de
780 1255 917 1287 termino
932 1255 1041 1286 Sancti
1057 1254 1193 1286 Martini
1204 1254 1239 1285 in
1255 1258 1379 1295 partem

327 1306 498 1339 solucionis
515 1305 658 1347 ejusdem
681 1314 805 1336 summe
827 1305 961 1346 triginta
983 1307 1047 1336 tres
1071 1301 1165 1335 solidi
1187 1306 1220 1335 et
1243 1308 1380 1345 quatuor

327 1356 458 1393 denarii,
487 1356 522 1387 in
548 1355 677 1396 plenam
707 1355 903 1386 solucionem
934 1355 1012 1386 dicti
1042 1354 1127 1385 feodi
1149 1353 1200 1384 sui
1222 1352 1262 1385 de
1285 1353 1379 1384 dictis

326 1403 472 1437 terminis
497 1404 606 1436 Sancti
628 1404 763 1435 Martini
786 1408 819 1436 et
841 1404 1076 1441 Penthecostes,
1100 1414 1121 1433 x
1136 1400 1168 1434 fi„
1184 1402 1216 1444 vj
1234 1406 1258 1434 ἕ.
1274 1403 1329 1444 viij
1348 1402 1377 1433 d.

326 1456 369 1486 Et
384 1465 440 1496 pro
463 1455 562 1496 gagiis
585 1457 618 1485 et
640 1454 788 1495 expensis
811 1454 1006 1485 verletorum
1029 1453 1069 1484 de
1092 1452 1217 1483 stabulo
1240 1452 1322 1493 regis
1345 1454 1379 1483 et

327 1505 462 1536 aliorum
477 1502 668 1535 servitorum
684 1503 836 1544 ejusdem,
852 1513 976 1534 necnon
986 1512 1042 1543 pro
1055 1502 1212 1533 ferra-tura
1221 1512 1378 1542 equorum

290 1547 294 1550 ’
327 1553 448 1585 domini
458 1553 548 1594 regis,
558 1553 651 1583 factis
664 1555 696 1583 et
706 1553 788 1583 datis
798 1552 884 1593 apud
896 1551 1060 1582 Faucland
1072 1561 1090 1582 a
1102 1550 1252 1582 vicesimo
1263 1551 1377 1591 quinto

326 1603 377 1635 (116
404 1603 522 1634 mensis
549 1601 664 1633 Marcii
694 1601 860 1638 inclusive,
883 1611 985 1641 usque
1015 1600 1050 1630 in
1080 1600 1166 1631 diem
1188 1600 1378 1631 vicesimum

326 1655 455 1684 sextum
477 1651 596 1682 mensis
619 1651 742 1692 Aprilis
765 1650 936 1687 exclusive,
959 1652 992 1681 et
1018 1660 1036 1680 a
1059 1649 1182 1680 decimo
1204 1650 1302 1681 tercio
1326 1650 1377 1682 die

326 1698 445 1733 mensis
462 1701 483 1733 J
486 1701 556 1732 unii
568 1700 668 1732 eciam
684 1699 840 1731 inclusive
851 1709 952 1740 usque
962 1698 1151 1730 vicesimum
1163 1699 1248 1730 diem
1258 1700 1377 1731 mensis

325 1751 420 1783 Junii
449 1750 620 1787 exclusive,
643 1759 767 1781 necnon
790 1759 846 1790 pro
871 1752 1001 1780 centum
1030 1748 1154 1779 thravis
1185 1749 1377 1780 straminum

325 1801 441 1842 emptis
465 1802 497 1832 et
527 1797 707 1841 expenditis
731 1799 841 1830 eodem
864 1801 1014 1839 tempore,
1037 1800 1075 1829 ut
1097 1801 1185 1839 patet
1208 1799 1240 1829 in
1265 1799 1378 1830 cedula

326 1849 542 1892 computantis
565 1848 798 1890 particulariter
815 1848 996 1879 examinata
1012 1855 1108 1888 super
1131 1850 1328 1888 computum,
1344 1851 1378 1879 et

325 1901 365 1932 de
402 1900 554 1931 mandato
592 1898 736 1939 magistri
772 1897 881 1928 David
915 1897 1048 1934 Guthre,
1079 1897 1277 1934 thesaurarii,
1307 1897 1377 1938 ipso

325 1951 448 1982 fatente
470 1948 659 1980 mandatum
682 1947 783 1979 eciam
806 1956 901 1987 super
923 1950 1119 1987 computum,
1142 1946 1186 1987 xij
1211 1946 1242 1977 11.
1266 1947 1322 1988 xvj
1346 1946 1375 1978 d.

324 2000 372 2031 ob.
417 1997 460 2030 Et
482 1997 594 2035 eidem,
625 2007 680 2038 pro
710 1995 807 2027 naulo
830 1996 984 2027 frumenti
1007 1999 1040 2027 et
1062 1996 1159 2027 brasii
1183 2006 1218 2027 ac
1241 1995 1378 2027 aliorum

323 2049 513 2080 victualium
537 2056 593 2088 per
616 2048 859 2087 computantum
883 2056 992 2076 versus
1016 2045 1214 2086 Edinburgh,
1237 2055 1274 2077 ac
1305 2045 1376 2077 aliis

324 2098 458 2130 diversis
474 2097 607 2128 minutis
624 2094 771 2137 expensis
788 2105 849 2136 que
872 2095 1024 2126 dicuntur
1040 2098 1185 2126 oncostez
1201 2095 1294 2126 factis
1317 2105 1376 2136 per

323 2152 451 2189 tempus
474 2146 617 2188 computi
640 2155 696 2186 per
718 2144 863 2181 eundem,
879 2148 916 2175 ut
939 2147 1028 2185 patet
1044 2144 1078 2175 in
1100 2144 1180 2175 libro
1197 2144 1275 2175 dicti
1290 2154 1375 2175 com-

323 2197 464 2238 potantis
494 2200 620 2228 ostenso
643 2199 676 2226 et
699 2194 935 2236 particulariter
965 2194 1146 2225 examinato
1169 2204 1264 2234 super
1287 2203 1373 2225 com-
