1551 2462
386 288 426 317 50
691 286 856 318 ROTULI
880 286 1116 319 SCACCARII
1342 288 1441 318 -1461,

384 379 533 420 expensis
563 390 620 420 per
649 380 756 411 firmas
787 383 820 411 et
850 380 956 412 exitus
980 380 1139 411 dictorum
1169 379 1384 411 dominiorum
1407 383 1440 410 et

384 429 555 460 comitatus
578 440 597 460 a
620 430 714 470 κ1111]ο
736 430 787 461 (118
810 430 930 461 mensis
953 430 1070 461 Marcii
1093 430 1167 461 anni
1193 433 1250 461 etc.
1268 432 1323 460 LX⁰
1339 439 1441 470 usque

383 478 418 509 in
434 478 521 510 diem
535 479 632 520 hujus
649 479 797 520 compoti,
813 483 845 511 et
860 479 906 510 sic
922 479 961 511 de
974 480 1096 511 duobus
1115 479 1261 511 terminis
1276 479 1362 510 infra
1377 479 1438 510 hoc

384 531 576 569 compotum.

428 577 520 608 Idem
536 582 647 609 onerat
663 589 696 610 se
719 578 759 610 de
782 579 837 619 xxj
862 579 894 610 fi.
911 579 955 620 vij
973 584 996 610 ἓ.
1014 580 1045 620 vj
1063 579 1091 610 d.
1103 580 1116 620 j
1135 578 1240 610 celdra
1263 578 1320 619 xiij
1345 577 1440 609 bouis

384 627 481 658 brasii
496 638 553 668 per
567 628 707 669 integras
720 629 826 659 firmas
843 629 972 660 baronie
985 629 1024 660 de
1038 629 1145 662 Skeok
1161 639 1234 660 cum
1247 628 1439 660 molendinis

383 679 416 707 et
446 677 692 718 Ingramishnd,
716 681 782 710 tam
813 679 1021 720 pecuniarum
1054 690 1151 720 quam
1181 688 1361 720 granorum,
1384 688 1441 718 per

382 730 510 767 tempus
534 729 680 768 compoti.
726 729 770 759 Et
792 728 831 760 de
855 729 886 769 vj
911 729 942 759 fi.
967 729 1024 769 xiij
1049 733 1072 760 ἒ.
1096 729 1142 769 111]
1168 728 1196 759 d.
1220 731 1378 759 terrarum
1400 727 1440 758 de

382 776 551 817 Auldpark
575 777 615 808 de
639 788 722 809 anno
753 778 900 819 compoti.
946 779 989 809 Et
1020 779 1059 809 de
1082 778 1138 819 viij
1163 778 1195 809 11.
1219 781 1376 809 terrarum
1400 777 1439 807 de

382 826 544 867 Roploche
561 827 600 858 de
617 828 702 859 dicto
715 838 806 860 anno.
852 829 895 859 Et
910 828 949 859 de
966 839 1009 859 xx
1026 831 1217 859 §.terrarum
1234 828 1274 859 de
1290 827 1438 868 Blaregib

382 876 421 907 de
438 876 548 907 eodem
565 887 656 908 anno.
702 878 745 908 Et
761 878 800 909 de
816 878 862 918 iiij
880 878 911 909 fi.
928 882 1087 909 terrarum
1105 878 1144 909 de
1161 877 1382 918 Quenishalgh
1398 877 1437 908 de

381 926 467 957 dicto
494 937 586 958 anno.
632 928 675 958 Et
706 928 745 959 de
776 929 834 969 xiij
866 928 899 960 fi.
922 929 954 969 vj
980 933 1002 959 ἔ.
1027 928 1083 969 viij
1116 928 1145 959 d.
1172 928 1272 959 annui
1295 927 1439 959 redditus

381 979 538 1007 terrarum
554 976 593 1008 de
610 977 763 1018 Cragorth
777 978 815 1009 de
832 979 942 1010 eodem
958 989 1050 1009 anno.
1096 978 1139 1008 Et
1155 978 1193 1009 de
1206 989 1226 1008 x
1242 977 1275 1009 fi.
1291 977 1313 1018 ij
1325 977 1440 1008 celdris

381 1025 537 1057 frumenti
552 1027 574 1067 ij
592 1027 706 1058 celdris
717 1027 803 1059 ordei
819 1032 852 1059 et
867 1028 889 1069 ij
903 1028 1018 1059 celdris
1035 1038 1209 1059 avenarum
1225 1031 1383 1058 terrarum
1399 1026 1439 1058 de

382 1076 579 1107 Inneraloun
593 1077 632 1108 de
649 1077 760 1108 eodem
778 1088 869 1109 anno.
916 1078 958 1109 Et
974 1077 1013 1109 de
1029 1088 1050 1108 x
1060 1077 1091 1108 11²„
1104 1081 1261 1109 terrarum
1277 1076 1316 1107 de
1327 1076 1438 1107 Fosso-

381 1125 471 1166 quhy
482 1125 520 1157 de
537 1126 648 1157 eodem
665 1137 757 1158 anno.
806 1128 848 1158 Et
865 1127 903 1158 (18
914 1138 934 1158 x
950 1127 983 1159 11.
1000 1131 1153 1158 terrarum
1172 1127 1210 1158 de
1227 1126 1382 1168 Lupnoch
1398 1126 1438 1157 de

381 1175 492 1206 eodem
509 1186 602 1208 anno.
647 1177 690 1207 Et
706 1177 745 1208 de
763 1188 782 1207 x
799 1177 832 1208 fi.
843 1180 1001 1208 terrarum
1018 1177 1056 1208 de
1073 1176 1308 1219 Lossintrulrde
1324 1176 1436 1208 eodem

380 1234 471 1255 anno.
518 1225 561 1256 Et
577 1225 615 1256 de
631 1225 678 1266 111]
697 1230 719 1257 ἔ.
737 1226 784 1266 111]
809 1226 839 1258 d.
863 1226 885 1267 ij
903 1226 1018 1258 celdris
1031 1226 1128 1257 brasii
1143 1226 1221 1263 ville
1237 1225 1276 1257 de
1293 1226 1379 1267 Logy
1397 1225 1436 1257 (18

379 1274 474 1306 dietis
487 1275 642 1312 terminis,
652 1275 707 1306 sed
724 1276 892 1307 consueviss
904 1276 1042 1307 assedari
1055 1276 1090 1306 in
1102 1275 1236 1316 antiquo
1249 1275 1366 1307 rentali
1378 1285 1436 1316 pro

379 1324 482 1356 tribus
498 1325 588 1356 libris
604 1325 739 1366 pecunie
763 1328 795 1356 et
818 1326 962 1366 quinque
978 1325 1093 1357 celdris
1110 1325 1215 1362 brasii,
1232 1329 1269 1356 ut
1292 1328 1380 1366 patet
1400 1325 1434 1356 in

379 1374 497 1405 eodem.
543 1375 586 1405 Et
602 1375 640 1406 de
656 1375 703 1415 111]
717 1374 749 1405 fi.
762 1375 775 1415 j
790 1375 897 1406 celdra
913 1375 1067 1406 frumenti
1076 1375 1089 1415 j
1108 1374 1213 1406 celdra
1228 1375 1327 1406 brasii
1337 1378 1434 1406 terra-

379 1434 451 1454 rum
468 1424 506 1455 de
522 1424 693 1465 Blarelogy
709 1424 748 1455 de
765 1425 850 1456 dicto
866 1428 958 1456 anuo.
1005 1425 1047 1455 Et
1064 1424 1102 1455 de
1118 1424 1149 1464 vj
1167 1424 1198 1454 fi.
1218 1424 1231 1465 j
1249 1424 1355 1455 celdra
1368 1425 1435 1455 fru-

379 1473 481 1503 menti
494 1474 506 1513 ]
519 1473 625 1504 celdra
635 1473 730 1504 brasii
744 1476 898 1504 terrarum
913 1474 952 1504 de
963 1474 1067 1505 Powis
1078 1474 1117 1505 de
1130 1474 1241 1505 eodem
1254 1484 1345 1504 auno.
1392 1474 1434 1504 Et

379 1522 418 1553 de
431 1522 475 1563 xlj
489 1522 520 1553 Ti.
535 1523 590 1563 xiij
603 1527 625 1554 ἓ.
639 1523 696 1563 viij
709 1522 738 1553 d.
752 1523 784 1563 xj
797 1523 912 1554 celdris
928 1523 983 1564 viij
1000 1523 1094 1554 bollis
1111 1523 1208 1554 brasii
1221 1534 1277 1564 per
1292 1524 1432 1565 integras

377 1572 486 1604 firmas
501 1573 631 1604 baronie
648 1572 686 1604 de
702 1573 887 1610 Tulicultre,
904 1576 970 1604 tam
993 1573 1202 1614 pecuniarum
1226 1583 1323 1614 quam
1338 1583 1431 1614 gran-

376 1632 477 1659 orum,
493 1622 532 1653 de
548 1622 667 1653 eisdem
683 1623 836 1653 terminis.
882 1623 925 1653 Et,
948 1623 986 1654 de
1010 1633 1031 1653 v
1045 1623 1077 1654 u.
1095 1623 1134 1654 de
1158 1623 1257 1654 firmis
1273 1627 1430 1655 terrarum

376 1671 415 1703 de
446 1671 716 1703 Lethbertschelis
747 1675 779 1703 et
803 1672 974 1704 Sandelich
998 1672 1037 1703 de
1068 1672 1154 1704 dicto
1184 1683 1275 1704 anno.
1321 1673 1364 1703 Et
1391 1673 1430 1703 de

376 1721 408 1762 vj
432 1721 464 1752 li.
488 1721 544 1762 xiij
570 1726 592 1752 ἑ.
612 1722 658 1762 iiij
683 1721 712 1752 d.
737 1726 892 1753 terrarum
916 1723 954 1754 de
978 1723 1246 1764 Litilsauchquhy
1263 1723 1302 1755 de
1318 1723 1428 1754 eodem

376 1781 466 1802 anno.
512 1771 554 1802 Et
570 1771 609 1802 de
625 1772 701 1812 xxvj
719 1776 741 1802 ἔ.
761 1772 815 1812 ν11]
833 1772 861 1802 d.
880 1772 918 1803 de
936 1773 1034 1803 firmis
1051 1773 1090 1804 de
1113 1772 1236 1804 Torhed
1252 1773 1292 1804 de
1319 1773 1429 1804 eodem

374 1831 468 1857 anno,
498 1821 554 1852 sed
584 1821 671 1852 valet
701 1821 913 1862 quadraginta
950 1822 1074 1853 solidos.
1124 1822 1257 1853 Summa
1294 1823 1429 1863 pecunie

374 1920 487 1952 eeldre.
533 1920 665 1951 Summa
681 1920 786 1957 brasii,
799 1921 864 1961 xvij
883 1921 987 1952 celdre
1003 1932 1025 1951 v
1045 1921 1138 1953 bolle.
1185 1922 1317 1953 Summa
1332 1922 1428 1960 ordei,

373 1971 396 2012 ij
414 1972 526 2003 eeldre.
574 1972 705 2003 Summa
722 1982 904 2009 avenarum,
918 1971 939 2011 ij
959 1971 1071 2003 celdre.

417 2021 665 2052 Memorandum
688 2021 773 2063 quod
797 2024 982 2061 compotans
1006 2031 1071 2052 non
1095 2025 1206 2053 onerat
1221 2032 1255 2053 se
1271 2022 1310 2053 de
1326 2022 1428 2053 firmis

372 2073 528 2102 terrarum
560 2071 598 2102 de
629 2071 733 2102 Powis
765 2071 803 2102 de
835 2071 943 2108 Plane,
974 2081 1035 2112 que
1067 2074 1141 2102 sunt
1173 2071 1212 2102 de
1248 2075 1425 2112 conquestu

372 2120 500 2152 domine
523 2121 639 2162 regine,
662 2131 741 2162 quas
765 2121 914 2161 magister
936 2121 959 2151 J
962 2121 1103 2152 ohannes
1127 2121 1203 2162 Tyri
1227 2121 1347 2162 recepit
1370 2131 1426 2162 per

304 2203 308 2207 ,
371 2172 499 2210 tempus
516 2171 600 2211 quod
619 2171 749 2201 fuerunt
771 2171 804 2201 iu
829 2171 977 2201 manibus
995 2170 1123 2201 domine
1147 2171 1264 2211 regine,
1280 2181 1337 2211 pro
1353 2170 1424 2211 qui-

156 2202 322 2262 gffigendemt
370 2219 430 2250 bus
446 2220 658 2261 respondebit.
703 2221 773 2252 Nec
795 2220 835 2251 de
858 2220 958 2251 firmis
981 2223 1137 2251 terrarum
1160 2219 1200 2251 de
1223 2220 1345 2261 Lekky,
1361 2230 1424 2260 que
