1551 2462
111 287 201 316 1466.
418 283 578 315 REGUM
603 283 848 315 SOOTORUM.
1093 286 1152 314 415

108 376 231 409 custodi
246 377 341 408 castri
351 376 389 408 de
402 377 572 417 Dernway,
585 377 623 408 de
634 377 732 408 firmis
748 380 904 408 terrarum
915 376 1155 407 dominicalium

108 427 258 468 ejusdem,
288 437 427 457 unacum
458 426 655 463 Colnakevil,
687 426 878 467 Logyhalch,
920 426 1078 467 Litiltary,
1124 430 1156 456 et

109 475 394 512 Counstablefelde„
432 475 471 507 de
515 475 659 507 terminis
697 475 794 516 hujus
839 476 989 516 computi,
1030 476 1083 515 xvj
1123 475 1155 506 ri.

108 525 151 556 Et
174 534 261 555 maro
285 524 324 555 de
348 525 451 565 Elgin,
475 535 531 566 pro
556 525 648 556 feodo
679 535 735 556 suo
767 525 805 556 de
836 535 919 556 anno
944 525 1094 566 computi,
1121 525 1156 555 xl

109 579 132 606 ὅ.
177 574 219 605 Et
234 584 320 605 maro
344 574 382 605 de
405 575 510 612 Fores,
526 585 582 615 pro
599 574 692 605 feodo
715 585 771 605 suo
787 575 826 605 de
843 575 952 606 eodem
969 585 1061 611 anno,
1077 575 1152 615 xxvj

109 628 133 655 ἔ.
143 624 198 664 viij
210 624 238 655 d.
277 624 319 655 Et
334 624 445 661 eidem,
461 634 517 664 pro
534 624 632 655 tercia
645 624 751 655 debita
767 625 851 656 dicte
867 635 980 665 sponse
997 625 1018 655 J
1021 624 1155 655 ohannis

111 673 228 715 Ogilvy
253 673 292 705 de
316 674 446 705 baronia
469 674 508 704 de
531 674 661 705 Leffaris
689 674 728 705 de
756 674 873 706 eisdem
901 675 1056 711 terminis,
1079 685 1100 704 x
1123 673 1154 704 fi.

110 734 132 754 x
158 727 181 755 ἓ.
206 723 240 754 ix
267 723 296 755 d.
341 723 384 754 Et
410 723 522 760 eidem,
545 723 583 754 de
608 724 707 755 firmis
736 727 891 755 terrarum
920 724 1031 765 quinte
1055 724 1155 764 partis

110 773 149 805 de
164 773 348 814 Burmukty
364 783 438 804 cum
453 773 568 804 annuis
583 773 762 804 redditibus
779 774 922 814 ejusdem
938 784 994 814 per
1013 773 1157 814 spacium

111 833 166 854 sex
181 833 345 859 annorum,
362 832 400 853 ex
417 832 456 853 eo
470 822 556 863 quod
577 823 728 863 magister
744 823 881 854 Thomas
898 822 1108 864 Carmychale
1125 826 1156 853 et

114 871 293 904 Alexander
318 872 455 903 Dunbar
477 872 515 903 de
551 870 737 909 Westfelde,
766 873 868 909 miles,
892 873 970 904 olim
993 872 1157 903 camerarii

111 921 262 959 Moravie,
285 925 318 953 et
341 925 538 962 computans,
561 922 769 953 reddiderunt
792 922 826 953 in
850 926 939 963 parte
970 925 1157 962 computum
1216 923 1218 925 '

111 970 149 1002 de
165 970 283 1002 eisdem
299 970 339 1002 de
355 971 497 1011 quinque
518 972 610 1002 annis
626 975 659 1002 ct
681 982 745 1002 uno
761 972 898 1003 termino
914 971 1157 1012 precedentibus

110 1020 170 1051 hoc
186 1024 381 1061 computum,
396 1024 433 1051 ut
449 1024 538 1062 patet
556 1021 591 1051 in
614 1021 733 1052 eisdem
755 1021 992 1062 particulariter
1015 1021 1157 1052 examin-

111 1069 172 1101 atis
188 1080 283 1110 super
299 1074 493 1110 computum,
509 1070 588 1111 xlvij
606 1070 637 1101 fi.
662 1071 695 1111 xj
720 1075 742 1102 s.
759 1071 814 1111 viij
840 1070 869 1102 d.
915 1071 957 1101 Et
973 1071 1084 1107 eidem,
1101 1080 1158 1110 pro

110 1119 210 1151 tercia
231 1119 339 1150 debita
361 1119 470 1151 relicte
495 1120 656 1160 quondam
679 1120 838 1152 Johannis
861 1120 900 1151 cle
927 1119 1094 1151 Dumbrek
1118 1120 1158 1150 de

111 1169 230 1200 eisdem
246 1169 347 1206 terris,
363 1170 401 1201 de
417 1169 555 1201 termino
579 1170 688 1201 Sancti
703 1170 840 1201 Martini
854 1170 938 1201 infra
953 1170 1013 1201 hoc
1029 1180 1158 1210 compu-

111 1221 191 1255 tum,
202 1219 236 1259 iij
250 1218 280 1249 fi.
294 1220 325 1260 vj
341 1223 365 1250 ἓ.
378 1220 434 1260 viij
448 1219 476 1250 d.
517 1220 648 1251 Summa
664 1229 885 1260 expensarum,
897 1218 987 1260 vj⁰xx
1002 1219 1035 1250 n.
1048 1219 1114 1259 xvij
1128 1218 1157 1250 d.

112 1268 154 1299 Et
170 1267 214 1299 sic
230 1270 352 1299 restant
369 1266 580 1309 jmviij⁰xxxix
596 1269 627 1300 fi.
644 1269 698 1309 xvj
717 1273 738 1300 s.
757 1269 788 1309 xj
806 1268 834 1299 d.
873 1269 924 1299 De
940 1269 1065 1309 quibus,
1081 1268 1158 1299 allo-

112 1320 181 1348 cate
197 1318 396 1358 computanti
411 1328 468 1359 per
490 1318 717 1350 liberacionem
734 1318 852 1349 factam
868 1318 996 1349 domino
1020 1318 1158 1349 Patricio

113 1366 244 1408 Flegier,
264 1367 415 1408 magistro
439 1367 557 1399 fabrice
580 1368 677 1398 castri
700 1368 739 1398 de
763 1368 926 1404 Invernes,
950 1368 989 1398 ad
1006 1368 1158 1399 fabricam

113 1417 263 1458 ejusdem,
279 1417 318 1448 de
333 1417 484 1448 mandato
504 1418 626 1448 domini
647 1418 729 1458 regis
748 1417 932 1454 literatorio,
948 1421 983 1448 ut
999 1420 1088 1458 patet
1104 1428 1160 1457 per

114 1466 204 1498 binas
218 1467 326 1498 literas
343 1477 415 1498 suas
439 1467 498 1498 sub
521 1467 644 1508 signeto
667 1470 700 1498 et
723 1470 787 1498 tres
810 1466 919 1498 literas
943 1467 1021 1498 dicti
1038 1467 1159 1498 domini
1173 1480 1337 1511 Respondebit

113 1516 242 1547 Patricii
258 1516 297 1547 de
313 1519 438 1557 recepto
455 1520 597 1548 ostensas
619 1527 715 1557 super
737 1519 934 1557 computum,
950 1517 1030 1547 lxxx
1046 1517 1087 1553 n,
1103 1527 1159 1557 pro
1173 1512 1362 1563 {tlffffi'rigffiia

112 1565 227 1606 quibus
253 1565 474 1606 respondebit·
513 1566 555 1596 Et
582 1566 695 1603 eidem,
725 1575 782 1606 per
814 1564 1010 1597 solucionem
1040 1566 1159 1597 factam
1173 1571 1293 1593 Invernes.

113 1614 253 1645 Johanni
276 1614 465 1656 Culquhone
492 1615 530 1646 de
558 1615 678 1652 eodem,
701 1615 806 1652 militi,
830 1619 1053 1655 computorum
1073 1618 1159 1646 rotu-

113 1662 214 1701 latori,
229 1664 268 1695 ad
284 1674 440 1705 expensas
457 1664 612 1695 domicilii
628 1665 750 1696 domini
766 1665 856 1706 regis,
872 1665 941 1705 ipso
958 1665 1079 1696 fatente
1096 1674 1158 1705 per.

115 1713 220 1745 decem
248 1714 356 1745 literas
383 1715 442 1745 sub
469 1725 525 1746 suo
550 1715 673 1756 signeto
701 1718 733 1746 et
758 1712 992 1756 subscripcione
1018 1714 1160 1745 manuali

116 1763 253 1805 signatas
269 1767 410 1795 ostensas
423 1774 518 1805 super
534 1768 729 1805 computum,
745 1763 875 1805 iiij⁰lxiij
893 1764 923 1795 fi.
942 1765 995 1804 xvj
1011 1769 1033 1795 ἔ.
1048 1764 1102 1804 viij
1121 1764 1159 1801 d„
1173 1755 1337 1813 ἓξῗξξζζὲξξῖὲ

115 1822 171 1854 pro
186 1813 302 1854 quibus
317 1814 528 1854 respondebit.
573 1814 615 1845 Et
631 1814 742 1851 eidem,
759 1824 815 1854 per
830 1814 1024 1844 solucionem
1041 1814 1160 1844 factam
1173 1814 1299 1837 rotulator.

115 1861 199 1893 dicto
215 1865 435 1903 computorum
450 1863 618 1894 rotulatori
637 1863 677 1894 ad
697 1873 852 1904 expensas
869 1862 1022 1893 domicilii
1039 1863 1161 1894 domini

115 1911 196 1952 regis
224 1911 260 1942 in
289 1912 382 1943 certis
413 1912 524 1942 martis
555 1915 587 1943 et
611 1912 659 1943 lez
687 1912 828 1943 uncostis
858 1911 985 1942 intratis
1012 1911 1047 1942 in
1070 1911 1159 1943 libris

116 1959 276 1998 domicilii,
299 1961 367 2001 ipso
390 1961 512 1992 fatente
535 1964 699 2001 receptum
722 1971 817 2001 super
840 1964 1034 2000 computum,
1057 1960 1161 1991 lxxxx

116 2010 160 2050 vij
188 2011 219 2042 li.
248 2011 315 2052 xiiij
342 2011 382 2049 ἃ,
412 2022 466 2053 pro
493 2012 609 2053 quibus
636 2012 848 2053 respondebit.
896 2012 939 2042 Et
966 2012 1077 2049 eidem,
1105 2022 1160 2052 per
1233 2021 1277 2043 Do.

79 2062 84 2063 ⁷
117 2059 308 2091 solucionem
324 2061 442 2092 factam
458 2061 575 2092 foreste
588 2061 626 2092 de
643 2062 798 2101 Ternway
811 2071 867 2102 per
877 2061 1060 2092 husbandos
1077 2062 1159 2101 ejus-

117 2107 189 2140 dem
215 2119 271 2150 pro
302 2110 323 2151 ij
351 2111 464 2151 martis
490 2111 585 2142 dictis
616 2111 789 2152 rynmartis
814 2111 853 2142 de
884 2111 1020 2142 termino
1052 2111 1161 2143 Sancti

118 2157 252 2189 Martini
277 2159 373 2200 hujus
401 2160 544 2201 computi
568 2163 600 2191 et
630 2160 652 2201 ij
681 2161 792 2192 martis
815 2161 854 2192 de
885 2161 1020 2192 termino
1052 2161 1161 2192 Sancti

85 2242 87 2244 ,
119 2205 251 2239 Martini
275 2212 348 2240 ante
375 2208 434 2240 hoc
459 2213 654 2250 computum,
676 2220 732 2251 pro
759 2220 892 2251 quarum
919 2210 1061 2251 qualibet
1084 2211 1160 2242 allo-
