1551 2462
134 264 224 294 1462.
444 262 606 294 REGUM
630 261 876 294 SOOTORUM.
1122 266 1178 294 131

129 356 164 387 xl
190 360 213 388 ἔ,
258 356 301 387 Et
325 355 437 394 eidem,
459 366 516 397 per
533 356 730 387 solucionem
754 356 872 387 factam
895 355 1024 386 domino
1040 355 1183 386 Johanni

130 405 169 437 de
200 406 343 443 Dunbar,
377 406 483 444 militi,
516 417 574 447 pro
606 406 698 437 feodo
732 416 790 437 suo
825 405 863 437 de
898 405 1013 436 ultimo
1045 406 1182 436 termino

130 455 227 496 hujus
264 456 412 497 compoti,
450 456 489 488 de
527 456 679 487 mandato
717 455 920 487 dominorum
959 455 997 486 de
1041 455 1182 492 consilio,

128 505 279 547 magistro
309 505 425 543 David,
456 505 660 543 thesaurario,
690 508 830 537 testante
868 505 1057 536 mandatum
1087 515 1182 545 super

129 558 321 597 compotum,
347 555 432 587 dicto
459 556 608 587 Johanne
633 556 755 587 fatente
781 558 946 596 receptum
973 564 1068 595 super
1095 564 1180 585 com-

127 607 249 646 potum,
265 615 287 636 x
309 604 342 637 fi.
389 605 521 637 Summa
543 605 657 636 harum
681 615 902 660 expensarum,
926 604 993 645 xlvj
1018 603 1049 635 fi.
1075 604 1130 644 xiij
1156 614 1179 635 s.

129 654 216 696 iiijd.
260 655 303 685 Et
315 654 360 686 sic
372 655 515 686 restant
507 666 540 696 113
544 653 598 695 evij
616 654 648 687 11.
666 655 722 696 xiij
739 666 761 686 s
779 654 835 695 viiJ'
853 654 881 686 d.
899 654 947 685 ob.
993 654 1043 685 De
1054 653 1180 694 quibus,

129 705 270 746 pendent
285 705 324 736 de
339 705 439 736 firmis
462 708 618 736 terrarum
638 704 681 736 ¹de
703 704 962 735 Westircotheris
985 703 1020 734 in
1037 703 1178 734 dominio

129 754 168 786 de
199 754 280 786 Coul
309 757 342 786 et
373 755 480 786 Oneill
503 765 598 796 super
624 755 828 786 Willelmum
856 754 1023 785 Pantoune
1051 753 1116 794 qui,
1141 759 1179 783 ut

129 804 287 841 asseritur,
310 805 509 845 recuperavit
538 805 691 836 saisinam
715 804 889 835 earundem
919 806 994 834 ante
1020 803 1174 834 terminos

128 854 284 894 presentis
311 854 460 894 compoti,
486 854 526 885 de
552 854 655 885 tribus
680 854 826 885 terminis
851 853 948 894 hujus
979 853 1120 894 compoti
1148 855 1181 883 et

129 903 272 944 quinque
309 903 454 935 terminis
491 903 735 944 precedentibus
773 903 833 934 hoc
871 905 1065 944 compotum,
1103 912 1179 933 cum

129 953 246 993 quibus
270 956 456 994 compotans
481 956 632 984 oneratur
658 953 692 984 in
717 964 801 984 anno
832 953 870 984 de
901 953 1045 994 quinque
1075 952 1176 989 fibris,

128 1001 204 1033 licet
228 1002 309 1033 liber
331 1002 573 1042 responsionum
596 1003 681 1033 dicat
704 1002 924 1033 vicecomitem
947 1002 987 1036 (10
1010 1002 1180 1033 Aberdene

129 1051 243 1082 debere
254 1051 447 1092 respondere
460 1062 516 1092 pro
533 1055 669 1092 quatuor
684 1052 773 1082 libris
790 1061 846 1092 pro
862 1051 981 1082 relevio
994 1051 1178 1087 earundem,

130 1101 190 1132 sub
200 1101 341 1142 periculo
353 1102 578 1141 computantis,
594 1112 639 1132 xx
653 1101 695 1139 11,
712 1111 807 1142 super
822 1111 885 1141 quo
901 1101 1088 1132 consulendi
1100 1103 1176 1131 sunt
1194 1094 1227 1117 Co
1229 1094 1312 1117 ¹¹¹²⁵¹¹¹⁶
1315 1094 1350 1129 ὼ.

131 1150 253 1181 domini
272 1150 312 1182 de
335 1150 476 1182 consilio
523 1150 655 1182 Summa
677 1150 773 1191 huJ'us
798 1150 972 1191 pendencie
996 1153 1093 1191 patet.
1138 1150 1181 1180 Et
1194 1124 1351 1177 coutudlgsmiUi
1326 1153 1380 1183 egii.

70 1210 72 1212 ’
130 1200 176 1231 sic
203 1203 334 1237 restant,
360 1210 501 1231 unacum
527 1200 677 1231 undecim
699 1200 789 1231 libris
817 1199 985 1231 duodecim
1010 1199 1120 1231 solidis
1148 1202 1181 1230 et

130 1249 273 1290 quinque
289 1249 427 1281 denariis
444 1250 499 1290 qui
514 1250 678 1282 restabam:
693 1250 727 1280 111
750 1250 830 1290 pede
846 1249 985 1290 compoti
1001 1252 1180 1280 martarum

128 1299 243 1330 redditi
271 1299 306 1330 in
331 1309 440 1330 mense
463 1299 604 1341 Augusti
628 1310 712 1331 anno
735 1299 869 1331 Domini
892 1303 949 1331 etc.
974 1299 1181 1340 sexagesimo,

129 1347 259 1379 levandi
289 1348 328 1379 de
358 1348 527 1380 heredibus
563 1350 693 1381 Patricii
725 1350 847 1381 domini
878 1349 1056 1390 Glammys,
1087 1353 1183 1390 prout

130 1397 215 1429 dicto
231 1398 428 1438 compotanti
448 1399 668 1436 mandabatur,
684 1398 861 1440 ij⁰lxxxxix
875 1398 907 1430 11.
932 1399 963 1439 vj
989 1403 1011 1430 s.
1033 1399 1045 1439 J'
1071 1398 1100 1430 d.
1124 1399 1182 1436 ob„
1196 1408 1280 1431 Debet.

131 1457 210 1488 quos
226 1447 328 1479 debet.

172 1497 266 1535 Item,
281 1497 367 1529 idem
383 1500 494 1529 onerat
516 1499 549 1529 se
573 1498 611 1529 de
635 1498 656 1539 ij
681 1498 792 1530 martis
815 1508 872 1539 per
894 1497 1050 1539 arreragia
1071 1497 1180 1528 ultimi
1196 1500 1309 1532 Marte.

129 1547 268 1588 compoti
283 1547 342 1584 sui,
358 1550 395 1578 ut
410 1550 500 1588 patet
521 1548 556 1578 in
578 1548 659 1588 pede
682 1547 833 1588 ejusdem.
881 1547 1013 1578 Summa
1029 1547 1179 1588 arreragii
1196 1544 1357 1576 Mutones.

128 1600 225 1637 patet.
271 1597 365 1634 Item,
381 1596 466 1628 idem
490 1600 599 1628 onerat
620 1607 653 1628 se
676 1598 716 1628 de
739 1597 761 1637 iJ'
785 1597 959 1637 rynmartis
982 1596 1116 1628 dominii
1140 1596 1178 1627 de

130 1645 228 1676 Coule
255 1648 288 1677 et
317 1645 426 1677 0110111
456 1646 495 1677 (10
526 1647 663 1678 termino
691 1646 801 1678 Sancti
833 1646 969 1677 Martini
1003 1646 1089 1677 infra
1121 1646 1182 1677 hoc

129 1699 322 1737 compotum,
360 1696 436 1737 quia
480 1699 558 1728 tunc
602 1696 746 1728 redditur
784 1699 919 1727 tantum.
965 1696 1007 1727 Et
1045 1696 1085 1727 de
1122 1696 1180 1736 viij

129 1744 314 1786 hujusmodi
328 1746 440 1777 martis
457 1746 627 1777 comitatus
643 1746 788 1778 Moravie
811 1746 896 1777 infra
916 1746 1181 1777 vicecomitatum

132 1794 172 1826 de
195 1794 301 1836 Elgyn
324 1794 363 1826 de
386 1795 498 1826 eodem
521 1796 666 1827 termino.
721 1796 764 1827 Et
786 1796 826 1827 de
850 1796 881 1836 vj
906 1795 1079 1836 rynmartis
1102 1795 1182 1825 dicti

129 1844 300 1875 comitatus
315 1844 398 1876 infra
414 1845 673 1876 vicecomitatum
697 1845 736 1876 (10
752 1845 847 1876 Fores
871 1845 910 1875 de
933 1844 1018 1875 dicto
1034 1844 1178 1875 termino.

130 1892 176 1924 Et
198 1893 237 1925 (10
257 1893 269 1934 j
294 1896 458 1934 rynmarta
481 1894 597 1925 foreste
621 1894 659 1926 de
683 1895 838 1935 Ternway
858 1904 913 1934 per
935 1894 1021 1924 idem
1046 1897 1182 1934 tempus,

129 1941 268 1983 demptis
284 1943 390 1974 terciis
407 1943 523 1975 debitis
547 1954 662 1984 sponse
685 1944 807 1975 domini
830 1944 852 1974 J
855 1943 989 1975 ohannis
1006 1943 1125 1984 Ogilby
1141 1943 1180 1974 de

129 1991 214 2023 dicto
244 1993 406 2023 comitatu.
465 1993 508 2024 Et
548 1993 587 2024 de
618 1994 662 2034 vij
694 1993 867 2034 rynmartis
898 1993 936 2023 de
968 1993 1110 2023 dominio
1141 1992 1181 2023 de

131 2041 228 2082 Petty
244 2044 276 2073 et
292 2041 455 2083 Brachlyn
470 2042 508 2074 de
525 2042 611 2074 dicto
633 2043 779 2075 termino.
825 2043 868 2073 Et
884 2042 922 2073 de
946 2042 990 2082 xij
1009 2041 1120 2072 martis
1137 2042 1181 2082 iij.

133 2091 255 2131 quartis
279 2095 380 2123 marte
403 2091 538 2123 dominii
561 2092 601 2123 de
621 2092 850 2124 Ardmannach
874 2092 913 2122 de
937 2091 1021 2122 dicto
1037 2092 1182 2123 termino.

131 2139 174 2170 Et
190 2139 228 2170 de
251 2140 285 2180 iij
310 2142 482 2181 rynmartis
505 2141 544 2173 de
568 2142 699 2174 Leffaris
722 2153 779 2183 per
801 2142 887 2173 idem
907 2144 1041 2182 tempus.
1087 2142 1129 2172 Et
1145 2142 1184 2173 de

131 2198 152 2219 v
168 2189 280 2220 martis
296 2189 334 2221 de
350 2190 511 2232 heryeldis
527 2195 685 2223 certorum
704 2191 945 2223 husbandorum
962 2191 1184 2223 decidencium
