1551 2462
389 284 452 311 554
693 281 807 313 ROTU
814 282 857 313 LI
881 281 1117 314 SCACCARII
1346 285 1436 317 1468.

387 372 516 405 v⁰aridis
543 374 683 415 piscibus
709 375 808 406 annui
837 375 980 406 redditus
1005 375 1172 416 cujusdam
1200 376 1376 408 tenementi
1399 376 1434 408 in

386 422 560 455 Montrose.
604 424 647 455 Et
677 424 715 455 de
753 425 796 465 xij
836 424 928 455 ferris
965 435 1118 466 equorum
1157 426 1300 457 redditus
1337 426 1435 458 assiae

339 478 341 480 '
385 472 552 513 cujusdam
577 477 659 504 terre
686 474 860 514 spectantis
884 474 1058 506 Laurencio
1085 474 1200 516 Smyth
1226 475 1260 506 in
1289 475 1367 506 villa
1395 475 1435 507 de

386 522 531 554 Brechin.
577 523 619 553 Et
634 523 673 554 de
690 534 711 554 x
727 522 819 554 bollis
836 533 1010 554 avenarum
1026 524 1048 564 ij
1065 524 1222 555 duodenis
1236 524 1432 565 gannarum

385 571 542 603 dictarum
559 576 714 604 terrarum
730 573 769 604 de
792 573 975 605 Kindrocht
998 573 1037 604 de
1061 574 1146 605 dicto
1169 574 1308 605 termino
1324 574 1434 606 Sancti

385 621 520 653 Martini
551 623 634 653 infra
663 622 722 654 hoc
749 627 942 664 computum.
990 623 1123 654 Summa
1146 623 1243 664 hujus
1268 623 1382 660 oneris,
1403 623 1430 664 ³¹⁰

429 720 522 758 Item,
537 721 620 752 idem
638 724 747 752 onerat
763 731 796 752 se
812 721 850 752 (18
867 722 922 762 xxj
939 722 970 752 ri.
997 722 1029 762 xj
1047 732 1070 754 s.
1094 722 1140 763 iiij
1157 722 1186 753 (1.
1204 722 1242 754 (18
1257 722 1431 764 grassumis

358 767 360 771 ’
383 774 542 801 certorum
578 771 764 802 tenencium
801 770 881 802 (11811
918 771 1052 802 dominii
1089 771 1129 803 (18
1167 772 1252 803 (11818
1290 772 1432 804 1811111110.
1462 775 1468 779 ”

384 819 517 851 Summa
531 824 627 861 patet.

427 869 559 900 Summa
575 869 683 900 totalis
699 869 894 901 oneracionis
918 873 1024 910 preter
1046 871 1211 911 arreragia,
1224 869 1320 911 j‘lxvj
1337 870 1369 901 fi.
1386 870 1431 912 vij

382 922 405 949 8.
423 918 454 959 vj
471 918 500 950 d.
546 919 678 950 Summa
694 919 803 950 totalis
820 920 1018 951 oneracionis
1034 930 1108 951 oum
1124 920 1298 962 arreragiis,
1313 919 1430 961 iij⁶lxiij
1477 917 1482 920 ⁴

381 967 413 998 fi.
437 968 507 1008 xiiij
531 972 554 999 a.
578 978 600 999 v
621 968 650 999 d.
675 979 696 998 x
719 968 804 999 bolle
829 978 1004 999 avenarum
1027 969 1049 1010 ij
1073 969 1218 1001 duodene
1240 969 1432 1011 gallinarum
1483 982 1491 1006 T

381 1015 414 1048 ve
428 1018 509 1048 aridi
523 1018 626 1059 pisces
641 1018 686 1059 xij
704 1018 787 1049 ferra
802 1028 963 1059 equorum.

424 1067 573 1108 Expense
595 1068 745 1108 ejusdem.
792 1068 832 1098 In
855 1068 976 1108 primis,
999 1068 1132 1100 allocate
1153 1068 1353 1109 computanti
1376 1078 1433 1110 per
1481 1090 1497 1100 .

381 1117 576 1148 solucionem
592 1118 711 1148 factam
732 1117 831 1158 priori
846 1117 884 1148 de
909 1117 1059 1149 Rostinot
1081 1118 1121 1149 de
1143 1117 1236 1149 terris
1260 1118 1299 1148 de
1315 1117 1430 1149 Balna-

380 1167 485 1204 brech,
501 1167 693 1208 percipienti
708 1166 875 1198 annuatim
891 1167 1102 1209 quadraginta
1117 1178 1173 1199 sex
1189 1167 1306 1199 solidos
1317 1170 1350 1198 et
1361 1170 1432 1199 octo
1490 1191 1498 1215 3

380 1215 535 1255 denarios,
557 1217 597 1248 de
622 1227 705 1248 anno
732 1216 874 1257 computi
899 1220 932 1248 81
954 1218 1013 1248 sub
1040 1217 1181 1258 periculo
1207 1217 1438 1258 computandas
1495 1217 1497 1221 ’

379 1266 447 1307 xlvj
478 1271 501 1297 ἓ.
529 1267 585 1307 viij
614 1266 643 1298 d.
688 1267 731 1297 Et
757 1266 865 1297 abbati
891 1267 930 1298 de
962 1267 1067 1307 Cupro
1097 1267 1137 1298 (18
1167 1276 1274 1298 annuo
1303 1266 1431 1298 redditu

379 1316 502 1347 fabrilis
518 1316 557 1348 de
573 1315 721 1353 Brechin,
736 1316 927 1357 percipienti
944 1316 1117 1348 dimediam
1133 1326 1272 1347 marcam
1287 1316 1322 1347 in
1337 1326 1436 1354 811110,

379 1363 418 1397 (18
434 1376 518 1397 anno
541 1365 692 1407 computi,
714 1366 746 1406 vj
763 1370 786 1397 ἑ.
810 1366 866 1406 viij
891 1365 919 1396 d.
965 1366 1008 1397 Et
1029 1366 1215 1397 Alexandro
1239 1366 1377 1398 Setoune
1391 1366 1432 1398 (18
1480 1374 1498 1380 ·

379 1415 547 1452 Parbroth,
567 1415 757 1456 percipienti
779 1415 947 1446 annuatim
963 1416 1174 1457 quadraginta
1196 1415 1313 1447 solidos
1332 1415 1432 1447 annui
1487 1432 1493 1435 -ν

379 1465 522 1496 redditus
539 1465 578 1496 de
593 1465 687 1496 terris
703 1464 743 1495 de
765 1464 917 1506 Kincrag,
932 1465 971 1496 de
987 1465 1098 1497 eodem
1121 1476 1205 1496 anno
1221 1468 1255 1496 et
1269 1465 1330 1497 sub
1345 1465 1431 1497 dicto
1473 1503 1477 1506 ι

377 1514 528 1555 periculo,
552 1514 585 1545 xl
608 1518 630 1545 S.
676 1515 719 1545 Et
741 1514 826 1545 dicto
849 1515 947 1555 priori
970 1515 1010 1546 (18
1032 1515 1188 1552 Rostinot,
1204 1525 1262 1556 pro
1282 1515 1430 1546 secundis

377 1563 510 1595 decimis
527 1564 588 1595 sibi
604 1563 720 1595 debitis
736 1564 774 1594 de
798 1564 883 1595 dicto
905 1564 1047 1596 dominio
1063 1565 1101 1596 de
1125 1565 1263 1595 Brechin
1278 1568 1384 1605 preter
1399 1563 1429 1596 ie

377 1613 485 1644 Halch
509 1613 548 1645 (18
572 1614 709 1645 termino
733 1614 842 1644 Sancti
864 1613 1008 1651 Martini,
1032 1625 1053 1644 x
1075 1614 1108 1646 Ii.
1131 1614 1188 1654 xiij
1217 1617 1240 1644 ἓ.
1265 1624 1285 1644 ν
1312 1613 1341 1645 d.
1387 1614 1430 1645 Et
1547 1610 1549 1618 '

378 1663 490 1700 eidem,
505 1674 563 1704 pro
579 1663 727 1695 secundis
743 1663 875 1695 decimis
898 1664 937 1695 de
952 1663 982 1695 lc
999 1663 1105 1695 Halch
1128 1663 1167 1695 de
1183 1663 1320 1694 Brechin
1343 1663 1429 1695 dicto
1468 1667 1471 1670 ’

378 1713 515 1744 1811111110
532 1713 641 1745 Sancti
664 1713 809 1750 Martini,
824 1713 856 1754 vj
881 1717 904 1745 s.
920 1714 976 1754 viij
1001 1713 1029 1744 d.
1075 1713 1118 1744 Et
1140 1713 1252 1750 eidem,
1274 1713 1313 1744 de
1329 1713 1430 1745 firmis
1464 1724 1472 1744 ᾳ

379 1765 535 1793 terrarum
551 1763 590 1794 (18
607 1762 832 1794 Pettintoskell
857 1766 889 1794 et
912 1762 1114 1804 Tuliquhilly
1129 1763 1286 1794 concessis
1301 1763 1428 1804 Marga-
1466 1793 1480 1809 s

376 1815 443 1843 rete
459 1812 619 1853 Lindesay
635 1811 794 1843 comitisse
811 1811 850 1843 de
868 1811 1008 1853 Douglas
1024 1822 1064 1843 ex
1079 1812 1185 1854 gracia
1201 1812 1322 1843 domini
1337 1812 1429 1853 regis,

377 1861 417 1892 (18
441 1871 524 1892 anno
547 1861 691 1902 computi
715 1865 748 1893 et
774 1861 833 1893 sub
857 1861 999 1902 periculo
1022 1861 1246 1903 computantis,
1269 1862 1371 1902 xxxiij
1395 1861 1428 1893 fi.

378 1911 433 1951 viij
452 1915 475 1942 ἓ.
493 1911 548 1951 viij
566 1911 595 1942 d.
642 1911 684 1942 Et
700 1911 812 1948 eidem,
827 1919 884 1951 pro
905 1911 1053 1952 expensis
1068 1911 1292 1952 computantis,
1307 1911 1429 1942 domini
1447 1927 1450 1930 -
1470 1917 1478 1935 ι’

379 1960 516 1992 Η8111181
543 1960 719 2002 Kingorne,
741 1964 774 1991 et
799 1960 919 1992 Thome
950 1961 1076 1999 Forbes,
1098 1961 1190 1992 factis
1220 1960 1255 1991 in
1285 1960 1429 2001 partibus
1459 1991 1461 1995 Α

377 2010 557 2042 borealibus
573 2021 657 2042 anuo
673 2010 868 2052 sexagesimo
884 2014 982 2050 sexto,
996 2010 1034 2041 de
1047 2010 1198 2041 mandato
1213 2009 1335 2041 domini
1346 2007 1428 2052 regia
1452 2022 1455 2023 ⁷

375 2059 551 2091 literatorio
567 2060 626 2091 sub
638 2060 761 2101 signeto
776 2060 814 2091 de
827 2064 976 2100 precepto
989 2063 1115 2091 ostenso
1127 2070 1222 2101 super
1232 2063 1426 2101 computum,
1455 2070 1468 2083 ‘-

375 2112 414 2140 111
431 2109 542 2141 assen‘t
565 2113 752 2151 computans
775 2109 809 2140 in
825 2120 882 2140 suo
901 2110 1084 2150 juramento
1100 2109 1139 2141 de
1161 2110 1326 2151 arreragiis
1341 2109 1445 2141 com-‘

377 2159 448 2199 puti
471 2159 530 2196 sui,
550 2169 570 2190 x
587 2158 618 2189 15.
665 2159 708 2190 Et
730 2159 842 2197 eidem,
866 2169 921 2200 per
943 2159 1137 2190 solucionem
1161 2159 1277 2190 factam
1301 2158 1425 2190 cuidam
1442 2184 1464 2203 ·:

376 2207 543 2249 capellano
577 2207 753 2240 celebranti
787 2208 820 2240 in
851 2208 984 2240 ecclesia
1013 2207 1189 2240 cathedrali
1220 2200 1458 2240 Brechiuenai'‚
