1551 2462
350 260 411 290 278
663 257 828 289 ROTULI
852 257 1090 289 SGACGARH
1307 257 1400 286 1464.

276 389 281 394 ‘
347 351 504 383 Thomam
530 351 648 382 Forbes
665 353 697 382 et
720 351 780 382 sibi
796 353 1000 387 retornatam,
1016 352 1112 391 prout
1128 351 1218 390 patet
1240 349 1276 380 in
1291 348 1401 380 eadem

136 389 296 442 gffitsffissdlss,
307 419 337 442 de
350 404 477 432 ostensa
501 411 596 441 super
632 404 820 441 computum
852 404 884 432 et
914 401 973 432 sub
1004 400 1147 441 periculo
1178 399 1403 440 computantis,

134 448 242 473 ⁰⁰n⁵ffi0·
350 451 439 491 xxxij
457 450 489 481 fi.
506 451 574 491 xiiij
599 455 621 481 8.
640 451 694 491 viij
713 450 751 488 (1.,
767 460 862 491 super
885 461 948 491 quo
973 449 1162 481 consulendi
1186 452 1263 480 sunt
1283 447 1405 480 domini

351 501 390 532 de
406 500 546 532 consilio.
593 500 635 531 Et
664 500 806 541 pendent
833 500 981 531 simfliter
1005 500 1041 530 10
1068 499 1217 530 manibus
1245 497 1405 530 Johannis

350 551 496 591 Duffoys,
511 550 592 581 mari
607 550 647 582 de
663 551 769 587 Foras,
782 550 822 581 de
839 550 938 581 firmis
955 550 1126 581 comitatus
1143 548 1296 585 Moravie,
1313 548 1405 588 cujus

353 603 572 632 tenementum
588 599 786 641 recognitum
802 602 851 631 est
873 600 908 630 in
931 599 1078 630 manibus
1103 599 1196 640 regis,
1212 598 1298 639 quod
1319 598 1405 638 jacet

138 651 278 694 Onerancius
289 653 325 675 est
354 650 387 680 'm
402 650 501 691 burgo
518 649 557 680 de
583 649 688 686 Foras,
705 659 779 679 cum
805 650 897 690 cujus
922 649 1023 680 firmis
1051 648 1244 680 camerarius
1260 647 1405 678 Moravie

138 688 280 734 ἷῗὶξζὲῗῖὲω
351 699 551 736 onerabatur,
567 700 600 729 et
623 698 682 729 sub
699 698 811 730 eodem
837 698 987 740 periculo,
1003 699 1057 739 xvj
1083 698 1114 729 11.
1162 698 1294 729 Summa
1309 697 1406 738 hujus

351 749 536 791 pendencie,
560 749 651 789 xlviij
677 748 709 779 11.
726 749 795 790 xiiij
824 753 848 781 ἔ.
865 749 921 790 viij
938 748 966 780 d.
1013 749 1056 779 Et
1080 748 1125 779 810
1151 750 1274 779 restant
1299 747 1344 788 lvj
1373 746 1405 777 fi.

352 799 419 840 xxij
438 799 466 830 d.
484 799 532 830 οἴ).

395 849 544 889 Expense
570 858 742 889 granorum
771 848 967 879 restancium
993 847 1028 878 in
1055 849 1204 888 computo
1231 856 1288 877 suo
1315 856 1399 876 anno

351 898 548 939 sexagesimo
571 897 719 934 secundo,
735 897 885 929 videlicet
908 897 947 928 de
970 908 1014 928 xv
1030 897 1146 928 celdris
1169 896 1225 937 viij
1251 895 1345 927 bollis
1368 895 1402 935 iiJ'

351 947 457 988 peccis
482 947 635 978 frumenti
658 947 715 987 xiij
741 947 857 978 celdris
879 947 911 987 vj
936 946 1030 978 bollis
1053 947 1087 987 iij
1112 945 1234 977 ferlotis
1259 945 1355 976 brasii
1371 948 1404 975 et

352 996 440 1028 ordei
463 997 506 1037 vij
532 996 646 1027 celdris
669 996 715 1036 xij
734 996 828 1027 bolh's
850 996 884 1037 iij
910 996 1033 1027 ferlotis
1056 996 1078 1036 ij
1103 995 1208 1036 peccis
1230 995 1264 1036 iij
1283 994 1405 1035 quartis

352 1056 448 1088 pecce
475 1046 592 1077 farrine
623 1045 796 1082 avenatice,
821 1056 867 1076 xv
893 1045 1008 1077 celdris
1035 1045 1078 1086 vij
1105 1045 1200 1076 bollis
1224 1054 1406 1081 avenarum,

351 1099 458 1137 preter
472 1095 666 1136 pendencias
683 1105 778 1136 super
794 1095 944 1126 comitem
960 1095 1078 1126 Rossie.

395 1146 437 1176 In
452 1145 573 1186 primis,
590 1145 725 1176 allocate
748 1145 949 1186 computanti
964 1155 1022 1187 per
1037 1144 1264 1176 liberacionem
1287 1144 1407 1175 factam

353 1195 524 1226 Ambrosio
563 1194 683 1232 Crawe,
721 1195 843 1235 pistori,
880 1195 977 1226 misso
1007 1205 1064 1235 per
1101 1190 1334 1225 thesaurarium
1371 1193 1407 1224 in

353 1244 500 1276 Moravia
515 1254 573 1285 pro
589 1243 783 1275 victualibus
798 1244 1008 1285 reportandis,
1017 1244 1087 1285 ipso
1104 1243 1227 1275 fatente
1243 1246 1407 1284 receptum

139 1287 304 1340 {ffissfiffissff
354 1304 450 1335 super
472 1296 669 1335 computum,
691 1294 713 1335 ij
733 1294 837 1325 celdre
853 1294 874 1335 ij
900 1294 1014 1325 ferlote
1037 1293 1200 1330 frumenti,
1216 1303 1274 1334 pro
1289 1293 1406 1334 quibus

140 1348 228 1376 Crawe,
237 1348 324 1377 pistor.
353 1343 566 1384 respondebit,

399 1394 484 1424 Item
508 1393 641 1424 allocate
665 1393 768 1425 eidem
793 1393 832 1425 de
855 1403 980 1424 summa
1002 1393 1107 1430 brasii,
1123 1392 1219 1429 ordei,
1235 1395 1267 1424 et
1289 1392 1407 1424 farrine

355 1442 520 1473 avenatice
558 1443 734 1483 prescripta
771 1443 904 1474 remissa
942 1453 999 1483 per
1035 1442 1201 1473 dominum
1231 1452 1338 1483 regem
1375 1445 1408 1473 et

356 1492 502 1523 dominos
518 1491 558 1523 de
573 1492 706 1523 consilio
724 1492 884 1523 Celestino
900 1492 939 1523 de
955 1492 1076 1523 1080118
1091 1491 1131 1523 de
1153 1491 1253 1522 firmis
1270 1491 1308 1522 de
1323 1491 1407 1522 Ard-

355 1542 483 1578 manok,
499 1544 723 1581 computorum
733 1540 906 1572 rotulatore
922 1544 1061 1572 testante
1077 1540 1296 1572 remissionem
1312 1551 1408 1581 super

356 1594 552 1632 computum,
576 1601 597 1621 v
624 1590 736 1622 celdre.
782 1590 824 1621 Et
854 1591 966 1627 eidem,
994 1600 1049 1631 per
1074 1589 1272 1621 consimilem
1297 1589 1407 1620 remis-

356 1641 479 1671 sionem
502 1640 621 1670 factam
645 1639 830 1670 Alexandro
854 1639 1012 1680 Flemyng
1034 1639 1074 1670 (le
1097 1639 1209 1670 Bossia
1233 1639 1272 1670 de
1295 1639 1406 1670 eadem

356 1699 483 1721 summa
505 1692 538 1720 et
560 1689 620 1720 sub
643 1688 753 1720 eodem
770 1689 963 1726 testimonio,
986 1689 1041 1729 viij
1067 1688 1178 1720 celdre.
1237 1689 1279 1719 Et
1295 1688 1408 1726 eidem,

357 1749 414 1780 per
436 1738 659 1770 liberacionem
685 1738 804 1769 factam
826 1738 996 1769 Ambrosio
1020 1738 1139 1775 Crawe,
1162 1738 1282 1779 pistori,
1306 1738 1406 1769 eciam

144 1783 308 1835 {25ssssssssssst
358 1788 474 1819 fatenti
497 1791 661 1829 receptum
688 1798 784 1828 super
810 1790 1007 1829 computum,
1029 1798 1051 1819 v
1076 1787 1181 1819 eeldre
1207 1787 1249 1828 vij
1276 1787 1360 1818 bolle
1383 1788 1405 1829 ij

145 1842 236 1871 crawe,
246 1843 330 1872 pistor.
359 1837 481 1875 ferlote,
495 1847 553 1878 pro
569 1837 686 1878 quibus
701 1837 913 1878 respondebit.

145 1938 250 1970 Vanis
404 1936 599 1978 Oomputum
650 1936 674 1967 J
675 1935 809 1968 ohannis
861 1936 1023 1973 MaxwelL
1076 1936 1243 1967 senescalli
1301 1935 1407 1968 Vallis

145 1981 301 2013 Anfindie·
359 1986 516 2023 Anandie,
534 1986 743 2027 [Eclfflburyk
759 1986 802 2024 24
819 1986 937 2017 October
952 1987 1047 2024 1464,
1055 1986 1145 2026 from
1162 1987 1182 2018 '7
1196 1986 1277 2026 July
1299 1986 1387 2024 1460
1395 1997 1408 2024 ;

358 2036 381 2074 4
395 2046 491 2077 years.

404 2085 530 2125 Gharye.
575 2084 722 2122 Arrcars,
738 2085 838 2116 8226
854 2086 894 2116 78.
911 2085 976 2125 8d.]

403 2134 496 2172 Item,
519 2134 604 2165 idem
628 2137 737 2165 onerat
759 2144 792 2166 se
816 2134 855 2166 de
879 2134 913 2165 xl
928 2134 959 2165 11.
983 2145 1039 2175 per
1061 2135 1200 2176 integras
1223 2134 1329 2166 firmas
1345 2138 1408 2166 ter-

358 2194 464 2215 rarum
477 2183 716 2215 dominicalium
727 2184 765 2215 de
778 2184 997 2215 Lochmabane
1008 2184 1046 2216 de
1057 2187 1193 2226 quatuor
1205 2184 1297 2216 annis
1309 2184 1406 2226 hujus
