1551 2462
61 272 151 301 1462.
312 310 316 313 ἡ
370 266 532 299 REGUM
556 266 802 299 SGOTORUM.
1046 269 1060 297 1
1068 269 1108 297 23

58 362 143 394 infra
152 360 408 393 vicecomitatum
419 359 458 391 de
472 359 570 391 Banff
577 370 634 400 per
645 359 768 390 obitum
779 358 941 399 quondam
955 358 1110 390 Malcomi

59 411 262 443 Drummond
277 411 316 443 (16
332 409 487 447 Stobhall,
503 409 542 441 de
558 409 682 440 duobus
697 408 820 439 ultimis
843 408 988 439 terminis
1011 408 1108 448 hujus

61 461 207 503 compoti.
246 460 377 492 Summa
392 460 489 501 hujus
505 459 618 497 oneris,
634 457 749 499 ij⁰xxxj
767 458 799 489 fi.
816 458 872 499 xiij
891 462 913 489 6.
930 458 976 498 iiij
995 457 1025 489 d.

105 511 236 542 Summa
250 509 360 541 totalis
383 509 580 541 oneracionis
597 511 702 550 preter
725 508 889 549 arreragia,
902 506 1112 548 jmv⁰1xxxxjx

62 560 94 593 fi.
103 560 126 601 ij
140 564 163 593 ἓ.
177 560 209 600 xj
226 559 256 592 (Ϊ.
270 560 317 591 01).
365 559 497 591 Summa
512 559 622 590 totalis
638 558 834 590 oneracionis
851 568 925 589 cum
941 557 1115 598 arreragiis,

59 610 96 652 jm
110 609 167 651 ix⁰j
181 609 212 640 fi.
228 609 251 650 ij
269 613 292 640 6.
309 609 352 650 vij
371 608 400 640 d.
417 608 467 640 ob.

105 659 149 690 Et
164 669 230 690 non
252 662 362 690 onerat
378 669 411 690 se
424 659 463 690 de
485 658 551 690 illis
567 658 607 689 de
630 658 747 699 quibus
771 667 835 688 non
858 657 1004 689 oneravit
1026 667 1059 688 se
1082 656 1117 687 in

6 706 15 751 ’λ
64 712 210 750 compoto
226 708 303 739 anni
318 711 375 740 etc.
400 708 590 749 sexagesimi
604 708 640 738 in
662 717 771 738 mense
794 707 943 748 Augusti,
966 706 1118 737 videlicet

65 758 105 790 de
138 757 323 799 pendeuciis
353 761 511 788 terrarum
542 757 581 788 de
606 756 748 797 Schefyn
778 756 993 797 pendentibus
1024 766 1120 796 super

65 808 214 841 comitem
259 807 298 838 de
335 806 471 844 Huntle,
508 810 666 838 terrarum
704 806 743 837 de
789 805 977 840 Eddirdulle
1026 815 1121 846 super

68 856 266 889 Oelestinum
295 856 334 888 de
366 856 495 893 Insulis,
518 859 676 887 terrarum
700 856 739 887 de
766 855 930 887 Muncach
953 859 986 887 et
1001 856 1121 887 Drum-

68 916 177 947 werny
200 916 295 947 super
307 906 457 937 comitem
470 906 590 942 Rossie,
607 909 764 936 terrarum
776 905 906 936 baronie
922 905 961 936 de
975 905 1121 937 Urchard

68 959 101 987 et
123 955 398 997 Glenmoryschen
420 955 456 986 in
469 955 619 987 manibus
643 955 722 990 dicti
746 955 871 986 comitis
888 965 961 987 cum
976 955 1121 986 custodia

69 1005 165 1037 castri
201 1005 353 1045 ejusdem,
384 1004 423 1035 de
465 1004 565 1036 firmis
602 1007 760 1035 terrarum
793 1004 833 1035 de
864 1004 1121 1041 Blareschenare,

69 1054 242 1086 croftarum
272 1054 365 1095 burgi
394 1054 434 1085 de
464 1054 596 1091 Culane,
621 1063 802 1086 annuorum
824 1054 1008 1085 reddituum
1024 1054 1063 1085 de
1093 1054 1124 1085 le

71 1103 165 1141 Orde,
201 1103 385 1144 Mumbrey,
416 1103 571 1144 Baldavy,
602 1103 924 1144 Pettynnabrunyan,
942 1114 1016 1144 ·que
1048 1106 1125 1135 sunt

71 1153 112 1184 de
148 1153 342 1193 proprietate
379 1152 502 1185 domini
538 1152 630 1193 regis,
662 1162 725 1193 que
741 1152 960 1183 conceduntur
982 1153 1004 1184 J
1006 1152 1125 1183 ohanni

73 1202 112 1233 de
123 1202 258 1233 Oellario
268 1212 325 1243 pro
335 1201 427 1233 feodo
437 1212 494 1233 suo
507 1201 548 1232 ad
570 1202 678 1233 vitam.
724 1201 757 1232 N
759 1212 793 1232 ec
810 1201 849 1233 (16
860 1202 959 1233 firmis
971 1205 1127 1233 terrarum

73 1251 202 1283 domino
212 1252 277 1292 regi
289 1251 506 1292 spectancium
515 1251 642 1282 racione
651 1251 756 1282 warde
766 1261 822 1292 per
832 1251 956 1282 obitum
966 1251 1128 1293 quondam

74 1301 97 1333 J
98 1301 189 1332 acobi
211 1301 333 1332 domini
364 1301 493 1338 Forbes,
516 1301 591 1342 quia
620 1301 772 1342 magister
816 1301 972 1332 Ricardus
1010 1302 1129 1332 Forbes

76 1350 264 1381 intromittit
280 1360 313 1381 se
329 1360 403 1382 cum
420 1350 546 1381 eisdem.
593 1350 662 1381 Nec
678 1350 718 1381 de
738 1350 839 1381 firmis
855 1355 1011 1382 terrarum
1027 1354 1130 1392 speet-

76 1400 204 1433 ancium
218 1400 344 1431 racione
360 1400 465 1431 warde
481 1400 610 1431 domino
626 1400 692 1441 regi
702 1410 758 1441 per
785 1400 951 1432 decessum
967 1400 1128 1432 Willelmi

75 1449 189 1487 Fudes,
219 1450 295 1491 quia
324 1450 509 1482 Alexander
538 1449 642 1490 Lesly,
674 1449 889 1487 marescallus,
924 1450 1130 1482 intromittiet
1144 1446 1303 1499 33ζῇξέᾶῷ
1313 1475 1343 1498 de

76 1499 233 1537 cumillis,
250 1510 345 1540 super
360 1500 477 1540 quibus
493 1499 680 1531 consulendi
695 1502 771 1530 sunt
787 1499 909 1531 domini
925 1499 964 1530 de
987 1499 1126 1531 consilio.
1143 1506 1250 1529 consilio.

119 1550 267 1590 Expense
289 1549 442 1590 ejusdem.
486 1550 528 1580 In
551 1549 674 1590 primis,
690 1548 823 1580 allocate
850 1549 1049 1590 compotanti
1071 1559 1129 1589 pro

12 1617 16 1621 -
78 1599 225 1630 secundis
240 1599 371 1630 decimis
387 1599 503 1630 debitis
519 1599 668 1640 episcopo
685 1598 907 1630 Aberdonensi
923 1598 962 1629 de
979 1599 1044 1630 Cou
1051 1598 1081 1630 le
1097 1602 1129 1630 et

11 1657 16 1665 ·
77 1648 183 1680 Oneill
195 1649 233 1680 de
249 1648 352 1680 tribus
367 1648 514 1679 terminis
529 1648 626 1689 hujus
639 1648 788 1688 compoti,
804 1649 864 1679 sub
880 1648 1025 1689 periculo
1041 1659 1127 1680 com-

77 1698 227 1741 potentis‚
258 1697 303 1738 iiij
335 1697 368 1730 fi.
399 1698 430 1738 vj
456 1702 478 1729 6.
530 1698 573 1728 Et
602 1697 688 1729 dicto
719 1697 866 1738 episcopo
898 1708 955 1739 pro
986 1698 1133 1730 secundis

81 1746 237 1788 [decimis]
264 1746 326 1778 sibi
352 1747 468 1778 debitis
498 1746 538 1778 de
567 1746 668 1778 firmis
694 1747 838 1788 thanagii
869 1747 908 1778 de
931 1747 1069 1788 Kyntor,
1093 1748 1132 1778 de

3 1813 14 1816 -
31 1820 37 1828 v.
82 1796 200 1829 eisdem
223 1796 369 1831 terminis
393 1799 426 1827 et
448 1796 508 1827 sub
531 1796 643 1828 eodem
673 1796 824 1837 periculo,
848 1796 879 1837 vj
907 1796 940 1829 fi.
985 1797 1028 1828 Et
1051 1797 1134 1828 viee-

82 1846 190 1881 comiti
205 1845 244 1877 de
267 1846 405 1883 Forffire,
427 1846 615 1886 percipienti
638 1846 804 1877 annuatim
827 1849 892 1877 tres
915 1846 1014 1878 libras
1035 1847 1136 1877 annui

3 1894 23 1921 ss
82 1895 224 1928 redditus
250 1895 289 1926 de
316 1895 401 1926 dicto
427 1895 579 1936 thanagio
602 1895 641 1927 de
665 1895 758 1926 dictis
780 1896 925 1926 terminis
941 1896 1000 1926 sub
1024 1896 1136 1926 eodem

21 2017 26 2019 >
84 1993 190 2026 debita
213 2004 327 2035 sponse
358 2003 414 2025 sue
445 1993 484 2024 de
514 1994 600 2026 dicto
623 1993 783 2035 thanagio,
807 1994 846 2026 de
869 1994 964 2025 dictis
990 1994 1137 2026 terminis

85 2046 120 2075 et
141 2044 199 2076 sub
226 2043 338 2075 eodem
363 2042 515 2083 periculo,
545 2043 623 2084 xviij
655 2043 687 2075 fi.
720 2043 776 2084 xiij
801 2047 826 2075 s.
853 2044 886 2084 iij
912 2044 941 2074 d.
988 2044 1030 2074 Et
1053 2042 1138 2075 dicto

64 2092 214 2125 edomino
240 2092 383 2123 ,Iohanni
412 2102 469 2132 pro
499 2093 598 2123 tercia
620 2092 755 2133 piscarie
779 2103 859 2133 aque
891 2093 929 2124 (16
964 2093 1070 2134 Speya
1099 2104 1139 2125 ex

87 2144 177 2183 parte
200 2141 284 2172 dicte
307 2151 421 2182 sponse
444 2151 508 2178 sue,
531 2141 570 2173 de
594 2142 688 2173 dictis
711 2142 857 2173 terminis
884 2146 916 2174 et
943 2143 1002 2174 sub
1029 2143 1140 2174 eodem

20 2216 34 2237 ;
87 2191 237 2233 periculo,
260 2201 303 2223 xv
328 2190 360 2223 ii.
416 2191 459 2223 Et
481 2191 594 2230 eidem,
616 2201 673 2232 pro
696 2192 795 2224 tercia
817 2192 925 2224 debita
948 2202 1061 2233 sponse
1084 2203 1140 2224 sue
