1551 2462
160 1510 325 1540 Respondebit

160 1541 266 1570 Murray.

162 1747 327 1776 Respondebit

162 1777 267 1806 Muri-ay.

162 1807 247 1830 Debet.

164 1951 315 1992 Kyrkcu-

165 1995 260 2026 brith.

374 259 391 287 4
684 255 849 288 ROTULI
873 255 1109 288 SGACCARH
1335 258 1428 288 1460.

372 350 413 381 ad
428 350 535 387 vitam,
546 350 584 381 de
595 349 680 381 dicto
696 351 841 388 termino,
859 351 889 391 vj
906 350 939 382 11.
955 350 1012 391 xiij
1032 356 1054 381 s.
1067 350 1112 391 iiij
1131 349 1159 381 d.
1205 350 1248 380 Et
1261 349 1372 386 eidem.
1386 349 1425 381 de

372 400 473 430 firmis
492 402 648 431 terrarum
665 400 703 431 de
719 400 818 431 1nver
834 411 907 431 cum
923 400 1114 438 molendino,
1133 409 1353 431 concessarum
1370 409 1426 440 per

373 453 492 480 cartam
505 449 627 480 domini
642 450 722 490 regis
736 449 864 480 domino
877 449 1024 490 episcopo
1041 449 1273 487 Dunkeldensi,
1285 449 1323 480 de
1340 449 1425 480 dicto

372 498 518 535 termino,
545 509 589 529 xx
620 503 642 529 s.
689 499 732 529 Et
762 499 874 536 eidem,
905 508 962 539 pro
993 498 1094 529 firmis
1118 499 1216 529 trium
1248 498 1427 536 domorum,

373 548 528 579 videlicet*
554 548 667 586 averie,
698 548 890 585 earbonarie,
921 551 953 579 et
983 548 1155 579 lardinarie
1184 548 1216 579 in
1247 548 1353 586 Perth,
1385 548 1424 579 de

374 598 457 629 dicto
469 598 614 635 termino,
627 609 694 629 xxx
710 602 732 629 s.
779 598 821 629 Et
834 598 872 629 de
885 598 984 629 firmis
1000 601 1155 629 terrarum
1171 598 1210 629 de
1226 598 1424 629 Duscinloch

372 649 407 679 in
423 648 553 679 baronia
569 648 607 679 de
625 648 777 689 Apnadul
801 648 1027 689 deputatarum
1049 658 1106 688 per
1129 648 1295 679 dominum
1318 658 1424 689 regem

372 698 454 729 bone
469 697 621 729 memorie
637 707 693 738 pro
717 697 842 735 foresta,
865 698 905 729 de
928 698 1014 728 dicto
1037 698 1183 736 termino,
1207 698 1262 738 xiij
1281 702 1303 729 ἔ.
1322 697 1368 738 iiij
1386 697 1426 735 d„

372 751 404 779 et
433 748 610 789 precipitur
633 748 830 788 compotanti
854 751 1012 789 quatenus
1029 747 1174 779 assedeat
1198 747 1298 779 dictas
1315 751 1426 779 terras.

371 797 414 828 Et
430 797 514 828 dicto
536 797 645 828 abbati
668 797 707 828 de
731 797 834 828 Scona
856 808 913 838 pro
937 797 1086 828 secundis
1110 797 1241 828 decimis
1258 797 1363 828 warde
1386 797 1425 828 de

373 846 562 887 Garnetuly,
589 857 633 877 xx
660 851 683 878 s.
729 846 771 877 Et
796 847 930 878 allocate
957 846 1155 887 compotanti
1185 846 1224 877 de
1253 847 1424 888 gressumis

373 899 528 927 terrarum
546 896 584 927 de
610 895 769 927 Methven
795 899 827 927 et
851 896 1272 933 Kinclevin,assedatarun1
1297 896 1336 927 ad
1360 899 1432 934 ten,

371 947 498 977 minum
514 946 718 977 Pentecostes
742 946 857 977 ultimo
881 946 1067 987 preteritum
1092 956 1148 986 pro
1164 946 1307 986 quinque
1323 945 1424 982 annis,

372 1006 408 1027 eo
425 995 510 1036 quod
526 995 610 1026 dicte
626 998 709 1026 terre
725 999 801 1026 sunt
816 996 851 1026 in
867 996 1015 1027 manibus
1032 995 1160 1027 domine
1175 995 1282 1036 regine
1299 995 1425 1026 racione

372 1047 544 1086 conjuncte
553 1045 791 1082 infeodacionis,
798 1049 830 1076 et
840 1049 1025 1086 compotans
1036 1045 1226 1077 deliberavit
1232 1045 1333 1076 dictas
1343 1055 1427 1085 gres-

372 1107 480 1127 sumas
503 1096 653 1137 magistro
669 1096 691 1126 J
694 1096 790 1126 acobo
806 1096 975 1137 Lindesay,
991 1095 1116 1126 custodi
1131 1095 1249 1136 privati
1265 1095 1370 1136 sigilli,
1387 1095 1426 1126 de

372 1146 524 1177 mandato
560 1145 644 1177 dicte
680 1146 808 1177 domine
839 1146 956 1187 regine,
996 1149 1216 1190 compotorum
1253 1145 1427 1177 rotulatore

372 1199 512 1227 testante
528 1196 716 1227 mandatum
733 1206 828 1237 super
844 1199 1035 1236 compotum,
1051 1189 1174 1236 x‘xxviij
1192 1195 1224 1226 h'.
1236 1195 1281 1236 iiij
1299 1200 1321 1227 s.
1338 1195 1384 1236 iiij
1397 1195 1426 1227 d.

373 1246 415 1277 Et
431 1246 643 1277 inundacione
660 1245 828 1286 cujusdam
851 1246 967 1276 latrine
983 1245 1017 1276 111
1040 1255 1164 1276 camera
1179 1245 1261 1286 regis
1277 1245 1311 1276 111
1326 1245 1426 1286 burgo

373 1295 411 1326 de
425 1295 532 1332 Perth,
541 1295 572 1335 vj
585 1299 608 1326 s.
621 1295 676 1336 viij
689 1295 717 1326 d.
756 1295 799 1326 Et
811 1295 923 1333 eidem,
935 1305 991 1336 per
1002 1295 1195 1336 superfluam
1207 1295 1426 1326 oneracionem

373 1348 529 1375 terrarum
557 1344 595 1375 de
625 1344 789 1381 Rannach,
813 1354 849 1375 eo
880 1344 965 1384 quod
997 1344 1082 1375 dicte
1112 1347 1194 1375 terre
1225 1344 1428 1384 reperiuntur

374 1394 512 1425 assedari
537 1394 571 1424 in
596 1393 711 1425 rentali
739 1397 865 1424 tantum
895 1404 951 1434 pro
968 1397 1090 1434 septem
1115 1393 1205 1424 libris
1228 1394 1263 1424 in
1279 1404 1371 1431 anno,
1387 1394 1427 1425 de

373 1444 459 1475 dicto
476 1443 621 1480 termino,
638 1453 658 1473 v
673 1443 705 1474 1⁴1.
723 1443 780 1483 xiij
798 1447 820 1474 s.
838 1443 884 1484 iiij
902 1443 930 1473 d.
976 1443 1019 1474 Et
1031 1443 1143 1480 eidem,
1159 1454 1216 1484 per
1232 1444 1428 1475 solucionem

374 1494 493 1525 factam
508 1493 659 1534 magistro
675 1493 859 1524 Alexandro
881 1493 1024 1534 Murray,
1041 1493 1109 1534 ipso
1125 1494 1246 1525 fatente
1262 1497 1426 1535 receptum

375 1553 470 1584 super
482 1547 674 1584 compotum,
690 1553 711 1573 v
727 1543 769 1580 nl,
784 1553 840 1583 pro
857 1543 974 1583 quibus
990 1542 1201 1584 respondebit.
1247 1544 1289 1574 Et
1301 1554 1427 1585 compo-

374 1593 458 1624 tanti
474 1603 530 1634 pro
546 1593 637 1624 feodo
654 1603 711 1624 suo
727 1592 766 1623 de
782 1592 867 1623 dicto
883 1593 1028 1631 termino,
1044 1593 1076 1633 iij
1099 1593 1131 1623 11.
1148 1593 1179 1633 vj
1197 1597 1220 1625 s.
1237 1593 1292 1634 viij
1310 1593 1339 1624 d.
1385 1594 1428 1625 Et
1470 1634 1474 1638 ι
1506 1610 1511 1615 ·
1546 1572 1549 1585 :

375 1643 487 1680 eidem,
508 1653 564 1683 per
589 1642 784 1677 solucionem
809 1642 926 1673 factam
952 1643 1036 1674 dicto
1064 1643 1214 1684 magistro
1243 1643 1426 1674 Alexandro

375 1692 518 1733 Murray,
533 1692 602 1733 ipso
618 1691 739 1723 fatente
762 1696 926 1733 receptum
950 1703 1044 1733 super
1067 1698 1259 1733 compotum,
1276 1693 1377 1734 xxviij
1393 1693 1426 1725 11.

376 1743 431 1782 xvj
463 1746 496 1779 s„
525 1752 583 1782 pro
615 1742 730 1782 quibus
767 1742 981 1782 respondebit).
1043 1742 1174 1773 Summa
1204 1753 1426 1783 expensarum,

377 1790 492 1832 ij⁰xxix
508 1791 541 1823 11.
558 1791 589 1832 xj
609 1795 631 1822 ἒ.
649 1792 680 1832 xj
698 1791 728 1823 d.
772 1791 816 1822 Et
839 1792 883 1822 sic
900 1795 1021 1823 restant
1040 1792 1071 1833 xj
1096 1792 1128 1823 fi.
1147 1803 1189 1823 xv
1205 1796 1227 1823 ἓ.
1245 1793 1278 1823 ix
1294 1792 1333 1830 d„
1349 1803 1428 1833 quas

377 1842 479 1873 debet.

422 1942 614 1983 Compotum
625 1940 764 1972 Donaldi
775 1940 986 1972 Macclellane
997 1941 1035 1971 de
1049 1940 1250 1981 Gyilstouue,
1262 1941 1429 1973 senescalli

379 1991 417 2022 de
440 1990 693 2031 KirkcubrycM,
715 1989 877 2021 redditum
899 1989 986 2030 apud
1009 1989 1197 2030 Edinburgh
1220 1991 1356 2031 septimo
1377 1990 1429 2021 die

378 2040 497 2071 mensis
513 2039 629 2070 Marcii
645 2049 728 2070 anno
751 2039 884 2070 Domini
907 2041 964 2070 etc.
989 2039 1193 2080 sexagesimo,
1217 2039 1256 2070 de
1279 2039 1428 2070 omnibus

378 2089 513 2130 receptis
529 2089 595 2120 suis
612 2092 644 2120 et
660 2089 808 2129 expensis
825 2098 880 2129 per
895 2089 1003 2119 firmas
1019 2092 1052 2119 et
1068 2089 1173 2119 exitus
1190 2088 1286 2119 ballie
1309 2099 1365 2120 sue
1388 2089 1429 2119 ab

379 2139 546 2170 undecimo
564 2139 614 2169 die
630 2138 748 2170 mensis
764 2138 785 2169 J
789 2137 847 2168 ulii
863 2138 941 2168 dicti
957 2138 1034 2168 anni
1058 2138 1245 2178 sexagesimi
1270 2148 1371 2179 usque
1393 2138 1429 2168 in
1477 2162 1480 2165 ,

379 2189 463 2219 diem
488 2187 583 2228 hujus
614 2187 763 2229 compoti,
788 2191 819 2218 et
849 2187 895 2218 sic
925 2187 964 2218 de
996 2197 1058 2218 uuo
1085 2187 1223 2218 termino
1254 2187 1339 2219 infra
1368 2187 1428 2218 hoc

379 2240 570 2278 compotum.
