1551 2462
16 2334 30 2345 ο
10 2291 33 2318 η
8 2229 30 2274 :r-t·
0 2116 43 2215 *ese-³21
14 2099 19 2102 ·
5 2011 31 2085 5:³³.-
0 1911 13 1919 ’-
8 1863 27 1885 ;-:
3 1821 32 1851 χ’·
0 1796 9 1806 ³
0 1746 13 1780 -’

143 269 232 297 1461.
455 265 613 297 REGUM
637 265 884 298 SCOTORUM.
1148 269 1188 297 83

140 369 240 400 usque
256 359 374 390 festum
390 358 581 390 Nativitatis
598 359 731 390 Domini
747 358 910 390 exclusive
933 358 1010 389 anni
1026 361 1083 390 etc.
1100 368 1189 390 sexa-

139 408 252 450 gesimi
273 408 377 449 primi,
393 411 541 449 ut-patet
564 408 597 438 in
617 408 769 449 ejusdem,
793 408 874 448 xliiij
900 407 1004 438 celdre
1027 407 1071 447 vij
1097 407 1189 439 bolle.

140 458 183 489 Et
197 468 254 499 per
268 457 494 489 liberacionem
508 458 627 488 factam
642 457 786 488 Johanni
803 457 947 494 Starhed,
964 460 1042 488 tunc
1054 457 1191 497 emptori

140 507 341 542 dominorum
363 507 444 548 regis
466 510 500 538 et
522 507 638 548 regine,
661 506 701 538 ad
724 506 986 538 satisfaciendum
1009 517 1066 547 pro
1097 506 1191 537 certis

140 557 287 598 expensis
303 557 395 588 factis
406 557 440 587 in
452 557 617 588 Faucland
628 557 663 587 in
674 567 783 588 mense
799 557 820 588 J
823 557 893 587 unii
909 557 986 587 anni
1002 556 1192 597 sexagesimi

140 607 244 648 primi,
259 610 354 648 prout
376 607 454 638 fides
480 607 562 638 facta
584 607 647 638 fuit
675 617 770 648 super
793 611 985 647 compotum,
1008 606 1084 637 licet
1107 606 1191 637 dicte

141 666 278 698 expense
293 667 357 688 non
367 657 570 698 reperiuntur
579 657 614 687 in
625 656 716 687 libris
728 656 916 697 dietarum,j
934 656 1040 687 celdra
1052 656 1086 696 iij
1097 655 1190 686 holle.

141 706 184 737 Et
205 706 318 744 eidem,
339 717 397 748 pro
421 706 538 747 pabulo
561 706 695 738 liberato
718 706 759 737 ad
789 710 954 747 pasturam
979 716 1135 746 caponum
1160 709 1192 736 et

141 765 300 793 aucarum,
316 760 349 787 et
366 755 402 786 in
423 756 518 787 ordeo
540 755 674 786 liberato
695 755 735 786 ad
758 755 937 796 coquinam,
954 755 985 796 xj
1010 755 1102 786 bolle.
1148 755 1192 785 Et

141 804 273 837 liberate
304 805 431 837 domino
462 805 603 837 Henrico
634 805 673 837 de
705 806 890 847 Kyngorne,
921 805 1105 842 senescallo,
1135 815 1192 845 pro

142 855 290 896 expensis
319 855 413 886 factis
444 855 478 886 in
508 855 758 896 Ravynniscrag,
786 856 855 896 ipso
887 854 1017 886 domino
1049 855 1190 885 Henrico

143 904 263 936 fatente
278 909 441 946 receptum
457 915 551 946 super
574 908 767 946 compotum,
782 905 839 945 viij
857 904 950 936 boile.
996 905 1038 935 Et
1058 905 1193 936 liberate

141 954 235 986 dictis
258 955 484 986 brasiatoribus
508 954 636 985 domine
659 954 766 995 regine
789 954 829 985 ad
852 965 1008 995 expensas
1039 954 1194 986 domicilii

142 1004 294 1045 ejusdem,
310 1008 342 1035 et
357 1005 474 1036 intrate
490 1005 524 1035 in
539 1005 629 1036 libris
647 1004 803 1035 dietarum
828 1004 868 1035 ad
891 1004 985 1041 intra,
1001 1008 1038 1035 ut
1055 1007 1144 1045 patet
1159 1004 1193 1035 in

97 1072 105 1075 ⁴
143 1054 271 1091 eisdem,
287 1064 306 1085 a
329 1054 409 1085 festo
433 1054 559 1085 Natalis
582 1054 717 1085 Domini
735 1054 898 1085 exclusive
922 1054 998 1085 anni
1022 1058 1080 1085 etc.
1105 1064 1194 1085 sexa-

142 1103 256 1145 gesimi
270 1103 367 1144 primi
382 1114 484 1144 usque
499 1104 540 1134 ad
563 1103 780 1144 penultimum
795 1104 914 1135 mensis
930 1104 952 1135 J
956 1104 1015 1134 ulii
1029 1104 1195 1140 inclusive,

145 1163 211 1184 xxv
227 1153 330 1184 celdre
353 1153 387 1184 ix
410 1152 494 1184 bolle
516 1153 550 1194 iij
568 1153 689 1184 ferlote.
736 1154 777 1184 Et
800 1164 856 1194 per
878 1153 1102 1184 vendicionem
1126 1156 1196 1184 octo

145 1203 323 1234 celdrarum
346 1203 451 1240 brasii,
467 1203 610 1244 precium
627 1202 711 1234 holle
728 1203 871 1244 quinque
887 1203 1066 1234 celdrarum
1082 1213 1197 1234 novem

146 1252 240 1284 solidi
262 1262 336 1283 cum
359 1252 501 1293 quinque
524 1251 619 1283 bollis
643 1252 736 1290 ultra,
760 1256 792 1284 et
814 1253 958 1293 precium
985 1252 1069 1283 bolle
1099 1252 1198 1283 trium

145 1302 323 1334 celdrarum
346 1301 456 1333 decem
479 1302 583 1339 solidi,
607 1302 812 1333 venditarum
832 1303 871 1333 de
895 1302 1046 1333 mandato
1076 1302 1199 1333 domini

146 1352 282 1383 Henrici
320 1352 359 1383 de
398 1352 572 1393 Kingorne,
609 1352 776 1383 senescalli
814 1352 942 1383 domine
987 1352 1103 1393 regine,
1140 1352 1196 1392 viij

146 1401 250 1432 celdre
273 1411 294 1431 v
317 1401 409 1438 bolle,
432 1412 488 1442 pro
516 1412 652 1442 quarum
682 1402 826 1442 pecunia,
852 1401 1002 1433 videlicet
1032 1401 1197 1443 sexaginta
1212 1405 1376 1435 Respondebit

1212 1437 1334 1465 Kingorne
1344 1442 1388 1465 pro

145 1450 245 1488 libris,
269 1451 481 1492 respondebit.
527 1452 570 1482 Et
593 1451 666 1482 date
699 1451 828 1482 domino
853 1451 963 1482 comiti
993 1451 1032 1482 de
1063 1451 1237 1489 Huntle,1x
1249 1465 1275 1489 11.

146 1500 185 1532 de
197 1500 347 1532 mandato
357 1500 484 1532 domine
497 1502 604 1542 regine
616 1505 758 1542 tempore
771 1501 974 1542 parliamenti
987 1501 1103 1532 ultimo
1116 1501 1200 1532 tenti

147 1550 181 1581 in
204 1550 387 1592 Striveling,
410 1550 431 1591 ij
457 1551 570 1583 eeldre.
616 1551 658 1582 Et
680 1561 736 1592 per
759 1551 954 1592 superfluam
977 1551 1200 1582 oneracionem

147 1599 322 1631 molendini
352 1600 391 1631 de
417 1601 554 1641 Fruchy,
577 1611 617 1632 ex
641 1611 677 1631 eo
707 1600 793 1641 quod
824 1600 947 1631 dictum
977 1600 1199 1631 molendinum

147 1649 235 1691 prius
265 1650 471 1681 assedabatur
500 1661 557 1691 pro
585 1650 700 1691 viginti
727 1650 830 1687 bouis,
856 1651 886 1691 vj
916 1650 1009 1687 bolle,
1032 1650 1089 1681 sed
1116 1661 1202 1681 nunc

148 1699 312 1730 assedatur
327 1709 383 1740 pro
400 1699 516 1741 viginti
538 1710 595 1731 sex
618 1699 711 1731 bollis
728 1699 852 1731 duabus
875 1700 999 1731 ferlotis
1017 1700 1113 1731 ordei.
1160 1701 1203 1731 Et

150 1758 208 1789 per
244 1748 469 1780 liberacionem
498 1749 618 1780 factam
648 1749 768 1781 Thome
799 1750 959 1787 Brouster,
989 1750 1059 1790 ipso
1083 1750 1203 1781 Thema

150 1798 270 1830 fatente
286 1802 448 1839 receptum
465 1809 562 1840 super
578 1803 771 1840 compotum,
788 1810 850 1840 que
866 1810 930 1830 non
947 1807 1023 1831 sunt
1038 1800 1155 1831 intrate
1168 1800 1202 1830 in

149 1847 239 1879 libris
258 1848 426 1886 dietarum,
448 1849 504 1880 sed
520 1853 687 1881 remanent
710 1850 745 1880 in
761 1850 910 1881 manibus
934 1850 1012 1881 dicti
1028 1850 1148 1881 Thome
1171 1853 1203 1881 et

151 1897 288 1929 Gilberti
301 1898 459 1936 Brouster,
476 1899 695 1937 brasiatorum,
711 1900 757 1941 iiij
772 1899 876 1931 celdre
893 1910 914 1930 x
930 1900 1022 1937 holle,
1035 1900 1073 1931 de
1086 1901 1202 1940 quibus

1218 1887 1381 1917 Respondebit

1217 1917 1321 1940 Thomas
1342 1917 1417 1950 Brou3

149 1951 315 1979 remanent
327 1948 361 1979 in
372 1948 535 1980 Faucland
546 1949 720 1990 nonaginta
733 1949 794 1981 due
807 1949 912 1991 lagine
923 1950 1053 1981 servisie
1066 1950 1203 1981 brasiate
1217 1949 1266 1970 ster
1301 1954 1345 1976 P¹'⁰
1380 1946 1415 1974 ffiJ

151 1997 185 2028 in
201 1997 355 2035 Marchio,
371 2008 427 2038 pro
444 1998 560 2039 quibus
584 1999 795 2040 respondebit.
842 2000 883 2029 Et
906 2010 963 2040 per
978 1999 1204 2030 liberacionem

153 2046 271 2078 factam
295 2047 433 2078 Patricio
458 2048 582 2088 Logane
606 2048 640 2079 in
662 2048 785 2087 granali
808 2048 847 2079 de
872 2048 972 2085 Leith,
990 2048 1058 2089 ipso
1081 2048 1204 2080 fatente

151 2100 314 2137 receptum
337 2107 433 2138 super
455 2100 638 2138 compotum
662 2101 695 2128 et
718 2107 774 2138 pro
799 2097 916 2138 quibus
938 2097 1152 2138 respondebit,
1167 2108 1204 2129 eo

152 2145 238 2186 quod
253 2155 317 2177 non
336 2146 493 2187 reperitur
515 2147 549 2178 in
573 2147 662 2178 libris
687 2147 854 2184 dictarum,
867 2147 879 2187 j
896 2147 1002 2178 celdra
1019 2147 1063 2187 xij
1082 2147 1165 2178 bolle
1183 2147 1203 2188 ij

155 2194 275 2227 ferlote.
334 2196 378 2229 Et
399 2196 532 2228 allocate
552 2197 748 2238 compotanti
773 2207 828 2238 per
850 2197 1102 2228 destruccionem
1125 2197 1205 2229 dict-

1218 1977 1303 1999 celdris
1315 1983 1330 1999 x
1346 1976 1418 1999 bollis

1218 2006 1298 2030 brasii.
