1551 2462
391 265 408 293 6
702 265 866 297 ROTULI
891 264 1128 297 SCACCARII
1351 265 1444 295 1460.

171 358 338 410 ffiespoudebit
388 347 531 398 Murray,
548 358 714 399 recipienti
735 368 830 399 super
847 361 1039 399 compotum,
1056 368 1098 388 xx
1115 357 1157 395 hl,
1173 367 1231 399 pro
1254 357 1371 398 quibus
1394 366 1442 388 re-

202 395 281 418 mray.
388 407 565 447 spondebit.
613 409 746 439 Summa
764 418 985 449 expensarum,
1001 408 1058 439 lxx
1074 408 1106 439 Π.
1131 408 1210 449 xviij
1229 412 1244 439 Ξ
1267 407 1310 438 ,ix
1325 407 1354 439 d.
1400 407 1443 437 Et

387 457 433 487 sic
448 461 571 489 restant
587 458 652 499 xvij
670 458 702 490 fi.
720 458 765 499 iiij
784 463 805 490 s.
822 459 832 500 j
851 458 879 489 d.
897 458 918 499 ij
937 459 1042 489 boves.

173 550 372 601 Camerarius
430 556 623 598 Compotum
639 557 830 589 venerabilis
846 557 879 588 in
894 557 1021 589 Christo
1035 557 1134 598 patris
1147 556 1270 588 domini
1282 555 1441 587 Willelmi

155 595 336 634 ‚Galwflfie-
386 604 511 637 abbatis
543 606 581 637 de
619 607 848 644 Dundranane,
876 607 1041 638 camerarii
1065 604 1246 643 ‘Galwidie
1278 606 1441 637 redditum

384 656 471 695 apud
486 655 676 697 Edinburgh
693 660 783 687 sexto
800 657 851 688 die
867 657 984 687 Marcii
1005 667 1088 687 anno
1111 656 1246 687 Domini
1268 659 1326 687 etc.
1349 665 1440 687 sexa-

383 706 511 745 gesimo,
528 706 566 737 de
583 706 731 737 omnibus
748 707 883 747 receptis
900 707 966 738 suis
983 709 1016 737 et
1032 707 1180 747 expensis
1199 716 1257 747 per
1279 707 1386 737 firmas
1407 709 1440 736 et

383 755 489 786 exitus
506 756 584 786 dicti
601 756 825 787 camerariatus
846 767 864 787 a
887 756 938 787 die
961 756 1084 787 decimo
1108 756 1226 787 mensis
1249 755 1333 787 Julii
1356 755 1438 796 ejus-

383 804 456 835 dem
472 806 549 836 anni
572 806 761 847 sexagesimi
777 816 878 846 usque
893 806 927 836 in
945 806 1028 837 diem
1046 806 1142 846 hujus
1166 805 1314 847 compoti,
1337 808 1370 837 et
1392 805 1439 837 sic

382 853 421 885 de
437 865 501 886 uno
517 856 655 886 termino
671 855 754 886 infra
771 855 830 887 hoc
847 860 1038 896 compotum.

425 904 517 935 Idem
533 908 643 936 onerat
659 915 691 936 se
708 905 742 936 in
758 905 870 946 primis
888 905 925 936 de
946 904 973 945 j⁰
988 905 1055 945 lxxj
1073 904 1105 936 fi.
1119 916 1141 935 x
1153 904 1192 942 d.,
1207 915 1264 946 per
1276 904 1435 945 arreragia

379 953 488 984 ultimi
518 954 658 995 compoti
681 955 739 991 sui,
762 958 800 985 ut
823 957 913 994 patet
935 954 970 985 in
992 955 1073 995 pede
1104 955 1255 995 ejusdem.
1302 954 1435 985 Summa

379 1004 527 1044 arreragii
543 1007 639 1044 patet.
686 1004 780 1040 Item,
796 1003 882 1034 idem
899 1008 1009 1035 onerat
1025 1014 1060 1035 se
1080 1004 1119 1035 de
1131 1003 1261 1045 j⁰xxviij
1278 1004 1310 1035 ΠΖ
1335 1004 1391 1044 viij
1409 1008 1433 1035 ἔ.

377 1052 411 1082 ix
428 1053 456 1084 d.
474 1053 522 1084 ob.
539 1063 595 1094 per
611 1053 750 1093 integras
774 1053 881 1084 firmas
904 1055 1060 1084 terrarum
1086 1053 1288 1094 proprietatis
1311 1053 1434 1084 domini

377 1102 459 1143 regis
498 1102 632 1133 dominii
669 1102 827 1134 Galwidie
858 1102 943 1133 infra
981 1102 1227 1134 senescallatum
1257 1102 1297 1134 de
1335 1102 1433 1133 Kirk-

377 1152 534 1192 cubryeht
567 1156 599 1183 et
622 1153 735 1184 subtus
764 1162 880 1193 aquam
905 1152 943 1183 de
976 1152 1053 1183 Cree
1084 1152 1123 1183 de
1153 1152 1291 1183 termino
1323 1151 1433 1183 Sancti

375 1201 513 1233 Martini
543 1202 627 1233 infra
658 1202 731 1233 hoec
749 1206 943 1243 compotum,
975 1212 1037 1243 que
1075 1206 1157 1233 terre
1196 1201 1432 1243 particulariter

374 1255 488 1293 patent
503 1252 537 1282 in
552 1252 656 1283 rotulo
673 1251 813 1292 compoti
836 1252 1045 1292 precedentis.
1090 1252 1133 1283 Et
1157 1252 1196 1283 de
1218 1252 1275 1292 lvij
1293 1251 1324 1283 fi.
1342 1251 1386 1292 xij
1404 1256 1428 1282 s.

373 1302 420 1342 iiij
438 1301 467 1332 d.
492 1311 547 1342 per
573 1301 708 1342 integras
732 1301 839 1332 firmas
862 1305 1020 1332 terrarum
1043 1301 1202 1332 dictorum
1225 1301 1430 1342 proprietatis

373 1354 406 1382 et
444 1351 578 1381 dominii
616 1351 700 1381 infra
738 1351 998 1381 vicecomitatum
1036 1350 1075 1382 de
1112 1351 1295 1391 VVigtoune,
1332 1354 1430 1391 prout

372 1399 730 1442 particulariterspatent
740 1399 774 1430 in
787 1404 934 1440 compoto
944 1399 1000 1430 ubi
1013 1410 1119 1440 supra,
1131 1400 1170 1431 de
1183 1400 1268 1431 dicto
1281 1400 1426 1432 termino.

373 1450 505 1480 Summa
520 1449 618 1490 hujus
634 1449 747 1486 oneris,
763 1447 900 1489 ij‘xxxvj
921 1449 952 1480 li.
970 1449 1026 1490 xiij
1045 1449 1073 1480 d.
1091 1450 1138 1480 οῖ’).

416 1500 509 1536 Item,
531 1499 617 1530 idem
640 1502 750 1529 onerat
773 1509 806 1529 se
830 1498 868 1529 de
893 1499 970 1538 xviij
995 1498 1027 1530 n.
1052 1499 1186 1540 receptis
1210 1509 1229 1530 a
1251 1499 1426 1530 senescallo

371 1549 410 1580 de
433 1548 678 1589 Kirkcubrycht
701 1558 757 1589 per
780 1550 908 1588 tempus
932 1549 1080 1589 compoti.
1127 1548 1169 1579 Et
1195 1548 1234 1579 de
1257 1548 1304 1589 iiij
1328 1548 1360 1580 ij.
1378 1559 1428 1580 re-

371 1598 472 1639 ceptis
510 1608 528 1628 a
566 1597 752 1629 vicecomite
793 1597 831 1628 de
869 1597 1052 1638 Wigtoune
1077 1608 1134 1638 per
1172 1598 1257 1629 idem
1296 1602 1425 1640 tempus

371 1648 503 1679 Summa
518 1647 614 1687 hujus
637 1646 749 1684 oneris,
773 1646 841 1686 xxij
858 1646 889 1676 Ii.
936 1647 1069 1678 Summa
1092 1647 1202 1678 totalis
1225 1647 1423 1679 oneracionis

368 1707 442 1728 cum
458 1697 631 1737 arreragiis,
647 1694 786 1736 iiij⁰xxix
802 1695 834 1726 fi.
851 1696 929 1736 xxiij
947 1696 977 1727 d.
995 1696 1042 1727 ob.

412 1748 560 1787 Expense
584 1745 734 1786 ejusdem.
781 1745 821 1775 ln
844 1745 966 1785 primis,
983 1745 1117 1777 allocate
1141 1746 1340 1787 compotanti
1363 1757 1420 1788 per

368 1796 562 1828 solucionem
581 1795 696 1826 factam
719 1794 861 1825 <Iohanni
885 1794 924 1825 de
950 1795 1093 1831 Dunbar,
1116 1795 1223 1833 militi,
1247 1806 1304 1836 pro
1326 1796 1420 1827 feodo

368 1856 425 1877 suo
441 1846 480 1877 de
496 1845 595 1876 firmis
619 1848 773 1875 terrarum
797 1844 836 1875 de
859 1844 1035 1882 Keltoune,
1057 1849 1095 1875 ut
1117 1849 1207 1886 patet
1230 1855 1287 1886 per
1309 1845 1418 1877 literas

368 1895 490 1927 domini
513 1895 594 1936 regis
618 1894 696 1925 alias
719 1897 861 1925 ostensas
885 1904 980 1934 super
1004 1898 1196 1935 compotum,
1219 1895 1258 1926 de
1281 1895 1418 1927 termino

368 1945 477 1977 Sancti
493 1944 629 1976 Martini
645 1943 727 1975 infra
751 1943 810 1974 hoc
834 1947 1016 1984 compotum
1040 1947 1072 1974 et
1096 1944 1155 1975 sub
1171 1944 1314 1985 periculo
1330 1955 1415 1976 com-

366 1995 516 2037 potantis,
540 1994 570 2033 vj
595 1993 627 2024 li
655 1993 712 2034 xiij
741 1997 763 2024 s.
788 1993 834 2033 iiij
863 1992 892 2023 d.
938 1993 980 2023 Et
1003 1992 1116 2030 eidem,
1139 2003 1196 2033 per
1218 1993 1414 2025 solucionem

366 2046 484 2076 factam
500 2043 665 2076 Willelmo
687 2042 958 2079 Edmondstoune,
975 2042 1099 2073 custodi
1123 2043 1219 2074 castri
1242 2043 1281 2074 de
1297 2043 1414 2082 Trewe,

365 2105 421 2136 pro
446 2093 537 2125 feodo
560 2103 618 2124 suo
645 2092 683 2123 de
708 2092 792 2123 dicto
819 2092 954 2123 termino
979 2095 1012 2123 et
1038 2092 1098 2123 sub
1125 2092 1235 2124 eodem
1262 2093 1412 2134 periculo,

364 2145 409 2184 xij
427 2143 458 2174 ij.
505 2143 546 2174 Et
569 2143 608 2173 de
627 2142 726 2173 firmis
748 2145 902 2172 terrarum
926 2141 965 2172 de
989 2141 1159 2172 Sleundaw
1178 2146 1211 2173 et
1234 2142 1410 2183 Cragmoye

363 2197 587 2234 occupatarum
606 2202 677 2224 cum
696 2191 829 2233 propriis
853 2191 974 2223 domini
997 2191 1086 2233 regis,
1110 2192 1148 2223 de
1170 2192 1254 2223 dicto
1274 2193 1410 2224 termino
