1551 2462
336 265 397 293 328
647 264 812 296 ROTULl
836 264 1071 297 SCACCARII
1294 267 1384 296 1465.

334 362 465 403 prefatis
481 363 633 395 terminis.
679 364 721 395 Et
734 364 773 396 de
789 364 822 395 xl
839 369 862 396 s.
874 364 912 396 de
923 365 1022 396 firmis
1036 364 1172 395 duarum
1181 364 1383 395 brasinarum

334 412 373 443 de
389 412 545 444 Methven
562 414 600 445 de
616 414 709 445 dictis
732 414 885 445 terminis.
932 415 974 445 Et
997 414 1036 445 de
1052 414 1106 454 xvj
1125 414 1155 445 ri.
1173 414 1211 445 de
1228 415 1327 445 firmis
1343 414 1382 446 de

333 461 549 502 Tibbyrmello
572 463 611 494 de
635 463 727 495 dictis
751 464 902 495 terminis.
949 464 991 495 Et
1008 464 1046 495 de
1062 464 1093 505 vj
1119 468 1140 495 s.
1158 464 1213 505 viij
1231 464 1260 495 d.
1282 465 1383 495 annui

332 512 475 543 redditus
492 512 530 543 de
547 513 700 544 Petcarne
717 513 755 544 de
771 513 865 544 dictis
881 513 1034 544 terminis.
1081 514 1123 544 Et
1146 514 1184 545 de
1201 514 1267 555 xxij
1285 514 1315 545 li.
1332 514 1379 555 iiij

332 565 354 592 s.
373 561 427 602 viij
446 561 473 592 d.
498 562 537 593 de
561 562 659 593 firmis
682 563 876 604 cotagiorum
901 563 1143 594 dominicalium
1167 566 1325 594 terrarum
1341 564 1380 594 de

333 609 488 641 Methven
505 611 543 642 de
566 611 660 642 dictis
683 612 836 643 terminis.
883 612 1014 643 Summa
1037 612 1133 653 hujus
1156 613 1268 650 oneris,
1281 611 1308 654 j⁰
1323 613 1378 654 xxj
1430 642 1433 643 ⁷

349 706 357 714 '
374 709 467 747 Item,
483 710 568 741 idem
591 713 700 741 onerat
723 720 756 741 se
772 710 811 741 de
827 710 918 751 xxiiij
935 710 966 741 fi.
984 710 1040 751 xiij
1066 715 1088 742 s.
1105 711 1151 752 iiij
1177 711 1204 742 d.
1222 722 1279 752 per
1293 722 1379 753 gras·
1434 731 1439 736 -

329 768 436 790 sumas
459 759 537 790 dicti
561 759 694 790 dominii
717 759 854 790 assedati
877 759 1052 791 husbandis
1068 760 1107 791 de
1123 771 1205 792 anno
1229 762 1378 802 computi.

326 807 368 838 Et
392 808 431 839 de
454 819 498 838 xx
521 808 552 839 fi.
576 808 712 849 receptis
735 819 753 838 a
776 808 897 839 Thoma
923 809 1138 850 Wardroppar
1161 810 1200 841 de
1226 811 1378 842 mandato

291 867 296 871 ·
327 862 548 898 computorum
571 858 761 888 rotulatoris.
820 857 951 888 Summa
974 858 1070 898 hujus
1097 859 1208 896 oneris,
1237 859 1318 900 xliiij
1342 856 1376 891 fi.

325 907 382 947 xiij
400 911 422 937 s.
440 907 485 947 iiij
510 907 538 937 d.
586 907 719 938 Summa
741 906 849 937 totalis
875 907 1071 939 oneracionis
1091 911 1197 949 preter
1213 909 1376 950 arreragia,

321 955 349 996 j⁰
370 956 438 997 lxvj
466 956 497 987 li.
515 957 561 997 iiij
590 961 612 987 s.
641 956 696 997 viij
721 956 750 987 d.
797 956 929 987 Summa
951 957 1060 988 totalis
1083 957 1278 989 oneracionis
1302 969 1376 990 cum

325 1007 499 1047 arreragiis,
515 1005 550 1047 ij⁰
566 1017 656 1037 xxxv
671 1006 702 1037 fi.
720 1006 754 1036 ix
770 1010 792 1037 ἓ.
810 1006 854 1046 vij
871 1006 901 1037 d.

367 1057 516 1097 Expense
532 1057 681 1097 ejusdem.
729 1057 770 1087 In
792 1056 913 1097 primis,
936 1056 1071 1087 allocate
1094 1057 1295 1097 computanti
1318 1068 1374 1099 per

323 1105 518 1137 solucionem
545 1106 664 1137 factam
686 1106 807 1137 Jacobo
832 1106 975 1142 Stewart,
998 1105 1104 1143 militi,
1120 1116 1177 1147 pro
1201 1106 1293 1137 feodo
1316 1117 1373 1139 suo

322 1155 458 1186 durante.
473 1155 640 1186 voluntate
655 1155 745 1196 regis,
761 1155 951 1196 percipienti
971 1155 1139 1186 annuatim
1162 1156 1374 1197 quadraginta

321 1204 418 1236 libras
434 1205 473 1235 de
489 1205 589 1238 firmis
605 1205 683 1235 dicti
700 1205 843 1242 dominii,
859 1208 896 1235 ut
911 1208 1000 1246 patet
1016 1215 1072 1245 per
1086 1205 1195 1236 literas
1214 1206 1296 1247 regis
1312 1207 1373 1237 sub

320 1255 446 1295 privato
463 1254 540 1285 alias
564 1257 706 1285 ostensas
730 1265 826 1295 super
848 1258 1044 1295 computum,
1060 1254 1099 1286 de
1122 1265 1206 1286 anno
1229 1256 1372 1297 computi

321 1307 352 1335 et
376 1304 436 1335 sub
458 1304 599 1345 periculo
622 1304 846 1345 computantis,
870 1304 905 1334 xl
927 1303 959 1335 ti.
1004 1304 1048 1334 Et
1070 1304 1183 1341 eidem,
1206 1304 1245 1335 de
1268 1305 1370 1336 firmis

319 1356 475 1384 terrarum
498 1354 537 1385 de
560 1354 647 1385 Estir
670 1357 703 1385 et
726 1354 846 1385 Westir
868 1353 988 1394 Busby,
1012 1354 1168 1385 concessis
1196 1354 1371 1387 Laurencio

319 1403 474 1444 Drydane
489 1403 524 1434 in
540 1403 631 1434 feodo
647 1414 713 1441 suo,
729 1404 768 1435 de
791 1404 916 1435 duobus
931 1404 1077 1435 terminis
1100 1404 1196 1444 hujus
1219 1405 1370 1445 computi,

318 1462 341 1483 v
366 1452 398 1483 ri.
423 1453 455 1493 vj
480 1457 502 1484 s.
534 1453 590 1493 viij
615 1453 644 1484 d.
689 1453 732 1484 Et
762 1453 874 1490 eidem,
904 1453 943 1484 de
973 1453 1072 1484 firmis
1103 1454 1300 1494 cotagiorum
1331 1455 1369 1486 de

318 1502 476 1533 Methven
507 1502 674 1543 assignatis
705 1502 744 1533 ad
766 1502 928 1543 grangiam
961 1502 1112 1542 ejusdem,
1140 1513 1213 1533 cum
1251 1504 1368 1544 quibus

318 1557 506 1594 computans
537 1553 682 1594 superius
712 1556 868 1591 oneratur,
892 1553 931 1584 de
962 1564 1044 1584 anno
1068 1555 1218 1595 computi,
1242 1555 1310 1596 xxij
1335 1556 1366 1586 li.

316 1602 363 1643 iiij
390 1607 412 1634 s.
438 1603 494 1643 viij
522 1603 551 1633 d.
598 1603 640 1634 Et
663 1603 775 1641 eidem,
799 1613 856 1643 per
878 1603 1074 1634 solucionem
1097 1603 1215 1635 factam
1245 1604 1367 1636 Jacobo

316 1652 441 1690 Ledale,
454 1653 492 1684 de
508 1653 659 1684 mandato
671 1653 799 1684 domine
811 1653 920 1694 regine
932 1653 1014 1684 bone
1030 1653 1190 1691 memorie,
1202 1664 1258 1695 pro
1271 1655 1365 1686 certis

314 1702 416 1743 pastis
436 1702 548 1733 martis
571 1712 649 1742 quas
676 1702 785 1743 regina
811 1702 924 1733 habuit
948 1702 989 1732 ab
1016 1712 1061 1740 eo,
1089 1702 1220 1734 custode
1246 1704 1365 1744 privati

314 1751 412 1792 sigilli
434 1754 573 1782 testante
600 1751 787 1782 mandatum
803 1762 899 1792 super
927 1755 1124 1792 computum,
1147 1752 1203 1793 viij
1227 1752 1259 1783 fi.
1306 1754 1365 1795 [To
1404 1769 1406 1772 v

98 1806 263 1836 Respondebit
316 1801 523 1842 Oomptrolleo·‚
539 1801 616 1832 ,2333
640 1801 705 1832 133.
721 1801 771 1839 Ad.
817 1800 904 1839 Sum,
920 1801 1018 1832 3109
1042 1802 1085 1839 49.
1112 1801 1163 1833 δἐἰ.
1219 1802 1364 1841 Balanea,

97 1836 248 1890 901ᾚὲξὲῗῆ
311 1851 410 1882 ,(0126
425 1851 467 1889 43.
481 1850 568 1892 zm]

95 1950 192 1991 Fyffe.
354 1951 549 1992 computum
573 1950 691 1981 Thome
716 1950 902 1992 Symsoune,
933 1950 1104 1992 receptoris
1135 1951 1298 1992 firmarum
1328 1957 1362 1983 et

251 2035 255 2039 ,
307 2011 477 2042 granorum
494 2000 663 2031 comitatus
684 1999 723 2031 de
746 2001 772 2031 F
773 2000 845 2041 yffe,
869 2000 1078 2041 [Edinburyh‚
1092 2002 1136 2032 528
1158 2001 1243 2032 June
1266 2003 1360 2040 1465,

299 2051 391 2091 from
406 2051 450 2081 13
464 2050 548 2081 June
564 2050 659 2087 1464.

352 2100 477 2140 Oharye.
523 2094 669 2136 Αννεάνε,
686 2099 791 2136 sslOO,
808 2099 918 2131 besides
930 2100 1051 2141 yram]

349 2150 443 2187 Item,
466 2149 552 2181 idem
574 2152 685 2180 onerat
707 2159 741 2180 se
764 2149 803 2180 de
825 2149 857 2190 vj
874 2149 905 2180 fi.
930 2160 974 2180 xv
990 2153 1012 2180 ἓ.
1035 2150 1047 2190 j
1073 2149 1180 2181 celdra
1202 2151 1235 2191 xj
1260 2150 1354 2182 bouis

305 2199 459 2231 frumeuti
481 2199 502 2240 ij
529 2198 643 2230 celdris
667 2199 679 2239 j
708 2198 793 2230 bolla
823 2198 857 2239 iij
885 2198 1010 2230 ferlotis
1029 2199 1110 2230 ordii
1134 2210 1191 2240 per
1215 2199 1354 2241 integras
