1551 2462
132 901 252 934 Avene.

349 263 409 292 336
661 260 824 292 ROTULI
848 259 1084 293 SCACCARII
1305 263 1397 294 1465.

347 354 468 385 domini
514 354 615 385 nostri
660 354 744 396 regis
789 354 890 386 eciam
934 353 1169 395 particulariter
1206 354 1397 386 examinatis

347 414 444 444 super
488 407 684 444 computum,
729 415 797 435 xxx
844 404 949 435 celdre
995 404 1038 444 vij
1084 404 1168 435 bolle
1209 404 1244 445 iij
1284 404 1398 435 ferlote

347 453 446 484 brasii
467 457 500 484 et
526 454 621 485 ordei.
667 454 710 485 Et
734 454 846 491 eidem,
868 464 925 495 per
947 454 1147 485 consimilem
1172 453 1397 485 liberacionem

346 503 464 534 factam
477 503 570 534 dictis
583 503 810 534 brasiatoribus
826 504 867 535 ad
882 503 1066 544 hujusmodi
1075 514 1231 544 expensas
1243 503 1398 535 domicilii

346 563 365 584 a
391 553 442 584 die
469 553 733 594 vicesimoquarto
754 554 873 585 mensis
895 553 989 584 Junii
1012 553 1088 584 anni
1111 553 1246 594 predicti
1268 563 1398 594 sexage-

347 602 420 634 simi
436 603 543 643 quarti
557 613 659 643 usque
676 603 828 643 quintum
843 603 866 634 J
868 603 937 634 unii
953 603 1029 634 anni
1044 603 1177 634 Domini
1193 606 1250 634 etc.
1267 613 1397 644 sexage-

346 652 420 683 simi
446 652 562 693 quinti,
588 656 724 693 utroque
749 653 915 690 inclusive,
941 656 980 684 ut
1005 656 1095 694 patet
1118 653 1153 684 in
1176 652 1397 684 consimilibus

346 702 436 733 libris
448 702 682 743 particulariter
693 702 884 734 examinatis
897 713 991 743 super
1001 705 1197 743 computum,
1209 702 1277 743 lxxj
1291 702 1397 734 celdre

346 752 368 792 ij
386 752 470 783 bolle
485 752 583 783 brasii
605 755 638 783 et
660 752 755 783 ordei.
802 752 935 783 Summa
957 762 1176 792 expensarum,
1199 751 1395 793 lxxxxxxiiij

347 802 451 833 celdre
467 801 523 842 xiij
540 801 624 832 bolle
641 801 675 842 iij
702 801 822 833 ferlote.
867 802 911 833 Et
933 802 978 833 sie
1000 804 1123 833 restant
1145 801 1201 842 viij
1219 801 1322 833 celdre
1338 802 1394 842 viij

347 851 431 882 holle
444 852 456 892 j
474 851 589 882 ferlota
604 851 638 891 iij
656 861 751 892 pecce
767 851 871 882 brasii.

389 901 538 941 Expense
554 910 736 930 avenarum.
782 900 822 930 In
839 900 960 940 primis,
975 899 1109 931 allocate
1125 901 1324 941 computanti
1339 911 1397 941 per

345 950 572 981 liberacionem
598 950 718 981 factam
747 949 894 981 ortulano
925 949 964 981 de
995 949 1185 987 Fauclande,
1208 950 1397 991 percipienti

345 999 513 1031 aunuatim
536 999 615 1030 duas
639 999 761 1030 celdras
788 1009 963 1030 avenarum
984 1002 1091 1040 preter
1115 1003 1252 1040 quatuor
1274 1010 1396 1031 marcas

345 1060 424 1090 quas
441 1049 576 1090 percipit
592 1049 759 1080 annuatim
782 1059 838 1090 pro
854 1049 1057 1090 reparacione
1073 1049 1152 1080 dicti
1167 1050 1236 1085 orti,
1257 1050 1296 1081 de
1312 1060 1396 1081 anno

345 1101 496 1140 computi,
514 1099 536 1140 ij
565 1099 669 1130 celdre
692 1109 874 1130 avenarum.
919 1099 962 1130 Et
990 1099 1126 1139 Georgio
1153 1099 1396 1140 Bannachtyne,

344 1149 534 1190 percipienti
546 1148 695 1180 similiter
711 1148 789 1180 duas
806 1148 927 1180 eeldras
943 1158 1118 1179 avenarum
1129 1152 1235 1190 preter
1244 1149 1396 1190 pecunias

345 1209 401 1240 pro
432 1198 634 1240 reparacione
664 1208 757 1238 parce
789 1197 828 1229 de
859 1197 1050 1234 Fauclande,
1072 1197 1111 1229 de
1141 1197 1227 1229 dicto
1257 1208 1341 1229 anno
1364 1201 1398 1230 et

345 1248 404 1279 sub
441 1247 584 1289 periculo
630 1247 855 1288 computantis,
893 1247 917 1288 ij
956 1247 1061 1278 celdre
1105 1257 1286 1279 avenarum.
1353 1248 1397 1279 Et

344 1298 496 1338 Marjorie
526 1298 620 1338 Baty,
646 1294 704 1338 prb
733 1297 938 1337 reparacione
968 1297 1133 1328 fovearum
1163 1300 1326 1338 pratorum
1355 1298 1397 1329 de

344 1347 537 1384 Fauclande,
568 1357 607 1378 ex
637 1347 742 1388 gracia
775 1347 899 1378 domini
928 1347 1020 1388 regis,
1049 1347 1090 1378 de
1119 1347 1206 1379 dicto
1242 1358 1326 1378 auno
1364 1351 1397 1379 et

345 1397 404 1428 sub
431 1397 540 1428 eodem
565 1396 714 1437 periculo,
737 1397 781 1437 xij
807 1397 891 1428 bolle
914 1407 1096 1428 avenarum.
1141 1397 1184 1427 Et
1206 1397 1315 1434 eidem,
1338 1408 1396 1438 pro

346 1447 589 1487 superexpensis
613 1446 707 1477 factis
729 1446 764 1476 in
787 1446 904 1477 ultimo
927 1450 1077 1487 computo
1100 1456 1166 1487 suo,
1189 1450 1226 1478 ut
1248 1450 1338 1488 patet
1359 1447 1395 1478 in

344 1497 424 1537 pede
451 1492 603 1537 ejusdem,
624 1496 636 1536 j
666 1495 770 1526 celdra
796 1496 831 1536 iij
860 1495 944 1526 bolle
967 1496 980 1536 j
1006 1506 1102 1536 pecca
1125 1506 1308 1528 avenarum.
1351 1497 1395 1528 Et

345 1546 457 1583 eidem,
494 1556 551 1586 per
587 1545 813 1576 liberacionem
851 1545 970 1576 factam
1011 1545 1034 1576 J
1036 1545 1156 1576 ohanni
1200 1546 1394 1584 Mathisone,

345 1596 458 1627 clerico
474 1594 587 1632 averie,
611 1594 651 1625 ad
673 1604 829 1635 expensas
852 1597 884 1625 et
907 1598 1072 1635 pasturam
1095 1605 1248 1635 equorum
1272 1595 1397 1632 domini,

344 1645 435 1686 regis,
451 1645 485 1676 in
511 1644 701 1676 liberacione
726 1654 745 1675 a
773 1644 1025 1675 vicesimotercio
1051 1644 1170 1675 mensis
1197 1644 1394 1685 Septembris

343 1694 500 1725 inclusive
531 1693 608 1725 anni
638 1697 695 1724 etc.
727 1693 917 1734 sexagesimi
947 1693 1054 1734 quarti
1077 1703 1179 1734 usque
1205 1693 1394 1726 vicesimum

344 1744 521 1775 secundum
536 1743 655 1774 mensis
671 1743 837 1774 Februarii
859 1743 1004 1783 ejusdem
1020 1743 1096 1774 anni
1112 1743 1212 1774 eciam
1227 1743 1394 1782 inclusive,

343 1797 380 1825 ut
395 1796 484 1834 patet
499 1793 535 1823 in
549 1792 640 1823 libris
656 1791 810 1823 domicilii
833 1792 1068 1832 particulariter
1089 1793 1280 1824 examinatis
1299 1803 1394 1834 super

346 1845 541 1883 computum,
558 1841 612 1882 viij
630 1841 734 1873 celdre
757 1841 802 1882 vij
827 1841 914 1873 bolle
935 1841 970 1882 iij
987 1841 1101 1873 ferlote
1124 1852 1304 1874 avenarum.
1351 1843 1393 1874 Et

344 1892 455 1929 eidem,
479 1901 536 1932 pro
557 1891 570 1931 j
595 1890 701 1922 celdra
723 1891 745 1931 ij
772 1890 894 1922 ferlotis
916 1901 1023 1932 grosse
1046 1891 1164 1922 farrine
1186 1891 1329 1923 liberatis
1352 1891 1393 1923 ad

342 1951 438 1972 usum
468 1940 604 1981 coquine
634 1940 757 1971 domini
795 1940 878 1981 regis
916 1950 934 1970 a
971 1940 1236 1981 vicesimoquinto
1273 1941 1393 1972 mensis

344 1990 540 2032 Septembris
566 1989 642 2021 anni
668 1989 804 2030 predicti
832 1989 1020 2030 sexagesimi
1050 1989 1157 2030 quarti
1182 1999 1285 2030 usque
1309 1989 1392 2021 vice-

344 2040 461 2071 simum
477 2039 650 2080 septimum
666 2039 786 2070 mensis
802 2039 883 2070 Maii
907 2039 984 2070 anni
999 2042 1056 2070 ete.
1073 2039 1262 2080 sexagesimi
1277 2039 1392 2080 quinti,

342 2091 438 2130 prout
459 2092 548 2130 patet
568 2089 603 2119 in
628 2087 722 2119 dictis
747 2088 838 2119 libris
860 2088 1015 2119 domicilii
1036 2089 1137 2120 eciam
1159 2088 1393 2130 particulariter

343 2138 535 2170 examinatis
551 2147 647 2178 super
669 2140 866 2178 computum,
889 2137 1054 2169 allocando
1075 2148 1132 2179 pro
1148 2137 1291 2178 qualibet
1306 2137 1393 2169 bolla

343 2198 448 2229 grosse
465 2187 581 2219 farrine
598 2190 734 2228 quatuor
750 2187 850 2219 bollas
874 2197 1056 2225 avenarum,
1079 2187 1126 2228 iiij
1149 2187 1253 2219 celdre
1268 2188 1290 2228 ij
1307 2187 1392 2220 bolle
