1551 2462
164 275 262 306 14645
472 272 634 304 REGUM
657 272 903 304 SCOTORUM.
1150 277 1208 306 251

160 376 217 407 pro
243 366 335 398 feodo
358 376 415 397 suo
438 365 477 397 (18
499 365 585 397 dicto
607 366 746 411 termino
769 369 802 397 et
825 366 885 397 sub
909 366 1053 407 periculo
1079 377 1209 408 compu-

161 416 269 454 tantis,
292 427 314 447 x
343 421 366 448 s.
426 417 470 448 Et
495 426 552 457 per
578 416 771 457 superfluam
802 417 1025 447 oneracionem
1056 419 1213 448 terrarum

162 465 201 497 de
227 466 377 504 Codloch,
399 476 440 498 ex
470 476 506 498 eo
531 466 616 507 quod
646 466 730 497 dicte
753 468 837 497 terre
863 476 928 497 non
951 466 1155 506 reperiuntur
1179 466 1214 497 in

161 515 285 554 rentali‚
315 516 391 548 licet
421 520 608 557 computans
639 515 785 557 superius
808 519 958 547 oneratur
988 526 1062 547 cum
1085 516 1214 554 eisdem,

162 566 200 597 de
223 566 334 598 eodem
357 566 501 604 termino,
523 566 557 607 iij
583 570 607 598 s.
630 566 677 607 iiij
707 567 736 597 d.
781 566 824 596 Et
854 565 1000 606 serjando
1031 566 1070 597 de
1094 566 1213 597 Strive-

160 616 234 654 line,
257 627 313 657 pro
335 616 427 648 feodo
450 626 507 647 suo
530 616 569 647 de
599 616 684 647 dicto
712 615 858 652 termino,
880 626 902 646 x
925 619 948 646 s.
993 615 1037 646 Et
1066 615 1214 656 serjando

161 666 200 697 de
223 666 406 704 Tulicultre,
429 677 486 707 pro
510 666 602 698 feodo
627 676 684 697 suo
709 665 748 697 de
773 665 884 697 eodem
901 665 1047 703 termino,
1064 676 1085 696 x
1101 669 1123 697 Ξ.
1171 666 1215 697 Et

161 726 248 747 maro
272 715 311 747 de
334 715 493 753 Menteth‚
508 726 565 756 pro
588 715 680 747 feodo
701 726 758 747 suo
774 715 812 747 de
828 715 914 746 dicto
930 714 1075 752 termino,
1092 715 1170 756 xxvj
1188 719 1212 747 ἓ.

161 766 217 807 viij
254 765 283 797 d.
343 766 384 797 Et
424 766 536 803 eidem,
573 765 613 797 de
651 765 751 797 firmis
788 767 946 796 terrarum
981 765 1020 796 de
1054 765 1214 806 Buchopil

162 826 236 847 cum
263 815 381 857 quibus
407 818 599 856 computans
625 815 772 856 superius
798 818 958 852 oneratur,
982 824 1045 856 que
1075 817 1152 845 sunt
1178 815 1213 845 in

161 866 309 897 manibus
331 865 456 897 heredis
483 865 646 906 quondam
673 864 806 896 Roberti
828 865 861 896 N
863 875 928 905 ory,
944 875 985 895 ex
1008 864 1212 896 concessione

162 916 323 957 quondam
338 916 390 957 pie
407 915 558 946 memorie
574 915 689 947 Jacobi
701 915 833 946 secundi
848 915 938 955 regis,
949 914 1034 945 dicto
1051 914 1212 954 quondam

161 965 301 996 Roberto
316 964 506 996 hereditarie
521 965 556 995 in
570 964 772 996 excambium
788 974 845 1005 pro
860 963 952 994 terris
969 963 1050 994 dele
1062 963 1088 993 F
1090 973 1163 1000 rew,
1175 966 1213 993 ut

161 1018 251 1056 patet
279 1015 314 1045 iu
340 1014 453 1046 rotulis
477 1014 554 1045 anni
579 1013 837 1054 quinquagesimi
863 1013 978 1054 quarti,
1009 1012 1048 1044 de
1075 1013 1212 1044 termino

162 1064 314 1105 computi,
330 1064 364 1094 xl
380 1068 402 1095 s.
447 1064 491 1094 Et
506 1064 619 1100 eidem,
634 1063 673 1094 de
688 1063 789 1094 firmis
816 1063 993 1094 molendini
1019 1063 1058 1094 de
1083 1063 1211 1094 Skeoch

161 1115 197 1145 in
212 1114 360 1145 manibus
371 1114 394 1145 J
396 1113 530 1144 ohannis
547 1113 586 1144 de
602 1113 742 1150 Balfour,
752 1112 786 1143 in
797 1115 919 1153 partem
936 1112 1111 1144 solucionis
1127 1112 1214 1143 feodi

163 1164 214 1196 sui
244 1174 300 1205 pro
331 1163 476 1195 custodia
500 1162 594 1194 castri
626 1162 665 1193 de
689 1162 880 1199 Fauclande,
896 1162 935 1193 de
959 1162 1044 1193 dicto
1067 1163 1214 1200 termino,

163 1214 264 1255 xxxiij
290 1218 314 1245 s.
337 1213 382 1254 iiij
406 1212 434 1244 (1.
481 1213 523 1243 Et
552 1212 665 1249 eidem,
688 1222 745 1252 pro
768 1211 916 1252 expensis
939 1212 1062 1242 domini
1089 1212 1214 1243 abbatis

165 1264 280 1296 Sancte
291 1263 410 1300 Crucis,
416 1262 595 1294 Alexandri
605 1261 812 1302 Kennedy,et
822 1261 844 1292 J
846 1261 981 1293 ohannis
992 1262 1173 1299 Muncreiff,
1180 1263 1215 1293 in

163 1313 337 1345 assedando
353 1316 452 1344 terras
465 1312 503 1343 de
514 1311 672 1348 Menteth,
683 1312 924 1352 Strongartnay,
937 1315 969 1342 et
982 1311 1214 1352 Buchquiddir,

163 1374 199 1395 ac
215 1363 369 1404 quasdam
384 1365 485 1393 terras
508 1361 703 1402 propinquas
725 1361 764 1391 de
788 1360 965 1397 Strathern,
989 1371 1046 1401 per
1070 1361 1213 1402 quinque

162 1413 238 1450 dies,
255 1415 291 1444 ut
315 1415 404 1453 patet
433 1421 489 1452 per
517 1411 663 1442 cedulam
690 1411 849 1441 dictarum
873 1421 1090 1451 expensarum
1116 1421 1214 1442 manu

163 1463 241 1494 dicti
265 1462 389 1493 abbatis
406 1461 618 1502 subscriptam
644 1464 805 1492 ostensam
820 1471 915 1501 super
931 1463 1127 1501 computum,
1144 1471 1165 1490 X
1180 1460 1211 1491 ii.

163 1512 219 1553 xiij
234 1516 256 1543 s.
302 1512 344 1542 Et
360 1511 473 1548 eidem,
492 1521 549 1551 per
571 1510 765 1541 solucionem
793 1509 911 1541 factam
937 1510 1089 1550 magistro
1105 1510 1215 1541 David

164 1561 297 1598 Guthre,
314 1560 519 1597 thesaurario,
537 1560 653 1591 fatenti
668 1564 832 1600 receptum
855 1569 950 1600 super
965 1562 1158 1600 compotum,
1174 1559 1214 1590 ad

164 1620 319 1651 expensas
342 1610 497 1641 domicilii
519 1609 642 1641 domini
662 1610 745 1651 regis
760 1609 795 1640 in
817 1609 916 1640 feodis
940 1612 1100 1640 certorum
1115 1609 1213 1640 servi-

162 1664 277 1697 torum,
302 1659 356 1700 xvj
381 1659 413 1690 ii.
441 1659 520 1700 xviij
539 1664 561 1691 s.
579 1659 625 1700 iiij
643 1659 682 1696 d.,
697 1669 754 1700 pro
781 1659 897 1700 quibus
914 1658 1125 1699 respondebit.
1171 1659 1214 1690 Et

163 1710 274 1747 eidem,
296 1720 353 1751 pro
379 1709 479 1751 gagiis
505 1720 562 1740 sex
588 1709 824 1750 sagittariorum
850 1711 882 1740 et
905 1708 1005 1739 trium
1019 1708 1213 1740 verletorum

163 1759 282 1791 stabuli
312 1760 420 1801 regine
448 1770 467 1790 a
491 1759 644 1790 vicesimo
673 1762 765 1790 sexto
795 1758 846 1789 die
877 1758 995 1790 mensis
1022 1759 1214 1790 Novembris

164 1809 326 1841 exclusive
361 1819 462 1850 usque
501 1809 661 1840 decimum
692 1808 879 1840 Decembris
917 1808 1088 1845 exclusive,
1120 1808 1213 1840 tactis

164 1859 199 1890 in
215 1859 376 1896 Strivelin,
391 1862 429 1890 ut
455 1861 544 1899 patet
568 1868 625 1899 per
651 1857 760 1889 literas
776 1857 854 1889 dicti
881 1858 1096 1898 computantis
1118 1867 1214 1898 super

165 1911 359 1949 computum,
393 1904 464 1949 ¹xlvj
493 1912 515 1939 s.
579 1908 623 1939 Et
653 1907 765 1945 eidem,
790 1916 847 1948 per
873 1906 1068 1938 solucionem
1093 1906 1212 1937 factam

164 1957 292 1990 Andree
308 1957 458 1989 Balfoure
474 1968 532 1998 pro
550 1957 642 1988 feodo
658 1957 794 1998 vigilum
810 1959 843 1988 et
862 1956 1039 1997 janitorum
1055 1956 1151 1986 castri
1173 1955 1212 1987 de

164 2008 278 2039 Doune
290 2007 329 2039 de
351 2007 454 2038 tribus
469 2007 615 2038 terminis
632 2010 707 2038 ante
723 2007 782 2037 hoc
798 2009 994 2047 computum,
1005 2005 1045 2036 de
1061 2005 1212 2036 mandato

164 2057 291 2088 domine
306 2057 413 2097 regine
429 2057 511 2088 bone
528 2056 688 2094 memorie,
704 2059 742 2087 ut
760 2058 849 2096 patet
864 2065 921 2096 per
935 2054 1045 2086 literas
1068 2054 1212 2095 magistri

164 2107 186 2138 J
188 2106 277 2138 acobi
286 2106 453 2147 Lindesay,
465 2106 605 2137 custodis
618 2105 736 2147 privati
746 2104 852 2146 sigilli,
863 2103 1012 2135 testantis
1024 2103 1211 2134 mandatum

164 2166 258 2197 super
273 2159 469 2197 computum,
485 2161 517 2187 et
533 2155 617 2187 dicto
640 2155 771 2186 Andrea
793 2154 914 2185 fatente
937 2155 1100 2194 receptum
1117 2163 1213 2194 super

163 2209 358 2247 computum,
383 2205 414 2246 vj
443 2205 475 2237 Ε.
503 2215 525 2237 x
547 2209 571 2237 ἔ.
616 2204 658 2236 Et
680 2204 793 2242 eidem,
816 2203 855 2235 (18
878 2203 978 2234 firmis
1001 2205 1157 2234 terrarum
1173 2202 1212 2234 de

1228 1603 1392 1633 Respondebit

1227 1632 1329 1668 Guthre,
1341 1634 1392 1657 the-

1227 1670 1355 1687 sam-arius.
