1551 2462
135 326 226 356 1464.
444 321 606 354 REGUM
630 321 876 354 SCOTORUM.
1119 324 1180 352 259

135 416 237 459 primo
260 417 311 448 die
337 416 456 448 mensis
481 415 627 447 Octobris
653 416 731 446 anni
754 415 888 446 Domini
912 418 970 446 etc.
994 415 1183 455 sexagesimi

135 466 267 498 secundi
279 476 379 508 usque
391 466 543 497 ultimum
552 465 674 507 Aprilis
685 465 762 497 anni
778 465 911 496 Domini
924 468 981 496 etc.
995 465 1184 505 sexagesimi

133 516 233 553 tercii,
263 516 302 547 de
332 516 482 547 mandato
519 515 645 546 domine
682 515 790 556 regine
828 519 861 546 et
890 514 1013 546 domini
1050 514 1184 545 Henrici

135 565 310 607 Kingorne,
325 563 491 597 senescalli
508 565 662 596 domicilii
678 565 831 605 ejusdem,
847 568 884 596 ut
905 567 996 606 patet
1011 564 1045 594 in
1061 564 1183 595 cedulis

135 615 276 656 ejusdem
289 614 522 656 particulariter
535 614 725 645 examinatis
738 624 834 655 super
843 617 1039 655 computum,
1050 623 1093 643 xx
1105 613 1136 644 fi.
1150 614 1184 643 ix

135 668 158 696 s.
174 664 210 695 ix
224 664 254 696 d.
298 665 341 695 Et
359 663 471 701 eidem,
488 673 544 704 per
566 664 762 704 superfluam
785 663 1004 695 oneracionem
1028 666 1184 694 terrarum

134 714 329 755 cotagiorum
345 713 384 745 de
406 712 564 745 Methven
587 723 661 744 cum
685 713 801 754 quibus
824 716 1013 754 computans
1036 712 1182 753 superius

134 766 291 801 oneratur,
315 774 354 795 ex
384 774 420 795 eo
450 763 536 804 quod
559 763 598 795 de
621 763 745 794 duobus
775 763 887 804 primis
913 763 1060 794 terminis
1086 763 1183 803 hujus

132 813 275 854 computi
290 816 381 845 erant
395 813 429 844 in
445 813 575 854 grangia
591 813 718 845 domine
741 813 858 854 regine,
873 815 910 844 ut
926 813 1003 844 fides
1020 813 1106 843 facta
1120 812 1184 843 fuit

133 873 227 904 super
253 866 448 904 computum,
474 862 540 904 xxij
569 862 601 893 fi.
630 863 676 903 iiij
706 867 729 894 s.
755 863 810 903 viij
840 863 868 893 d.
915 863 958 894 Et
984 862 1095 899 eidem,
1126 873 1183 903 per

133 913 327 944 solucionem
342 913 461 944 factam
476 912 628 953 magistro
651 912 759 943 David
776 913 911 950 Guthre,
927 912 1132 949 thesaurario,
1148 912 1182 942 in

132 961 223 994 feodo
250 961 381 1003 Albany
406 962 546 993 herraldi
573 962 612 993 de
636 962 773 993 termino
804 962 1032 994 Penthecostes
1061 962 1182 998 ultimo,

131 1011 200 1052 ipso
216 1012 337 1043 fatente
353 1015 540 1052 preceptum
562 1022 657 1052 super
680 1015 877 1052 computum,
900 1022 921 1042 v
936 1012 978 1049 112,
993 1022 1049 1052 pro
1066 1012 1182 1052 quibus
1196 1008 1361 1063 (ἷξξιῗῖξξᾶξξὲξ

132 1061 342 1102 respondebit.
388 1061 430 1092 Et
446 1061 558 1098 eidem,
573 1071 630 1101 pro
652 1061 752 1102 gagiis
768 1064 925 1092 certorum
941 1061 1134 1092 verletorum
1150 1064 1182 1092 et
1195 1052 1324 1093 siurarffis.

132 1110 331 1152 grassionum
347 1120 420 1142 cum
436 1110 525 1151 equis
542 1110 664 1142 domini
679 1110 761 1151 regis
773 1113 805 1141 et
821 1110 1011 1142 servitorum
1026 1111 1148 1142 familie
1164 1121 1182 1141 a

131 1160 310 1202 penultimo
347 1160 399 1191 die
429 1159 579 1191 Januarii
617 1160 693 1191 anni
727 1160 916 1201 sexagesimi
952 1161 1044 1191 tercii
1081 1171 1183 1201 usque

132 1210 273 1251 primum
289 1209 374 1241 diem
389 1209 411 1241 J
413 1210 482 1240 unii
500 1209 576 1240 anni
592 1209 780 1251 sexagesimi
795 1210 910 1250 quarti,
923 1220 1061 1241 unacum
1075 1210 1183 1241 decem

132 1259 242 1290 solidis
258 1259 342 1290 datis
358 1269 414 1300 pro
431 1259 538 1296 frenis,
562 1259 718 1300 capistris,
734 1262 767 1290 et
790 1259 944 1290 forratura
968 1270 1130 1300 equorum,
1146 1263 1184 1290 ut

131 1311 221 1349 patet
247 1318 304 1349 per
333 1307 441 1340 literas
472 1307 689 1349 computantis
719 1308 954 1349 particulariter
984 1309 1182 1341 examinatas

131 1368 227 1399 super
243 1361 438 1399 computum,
454 1358 511 1398 xiij
536 1357 568 1390 fi.
592 1358 622 1398 vj
640 1357 669 1388 d.
715 1358 757 1389 Et
781 1358 892 1396 eidem,
908 1368 964 1399 per
987 1358 1182 1390 solucionem

133 1408 254 1439 Jacobo
278 1408 424 1445 Stewart,
447 1407 553 1445 militi,
569 1417 627 1448 pro
651 1407 742 1438 feodo
766 1418 831 1444 sun,
847 1408 1037 1448 percipienti
1060 1418 1182 1439 annua-

132 1457 192 1488 tim
208 1456 419 1498 quadraginta
441 1455 538 1488 libras
555 1467 612 1497 pro
628 1456 719 1487 feodo
743 1467 800 1487 suo
817 1457 855 1488 de
871 1456 971 1487 firmis
988 1457 1066 1488 dicti
1082 1457 1182 1488 domi-

132 1507 179 1537 nii
201 1507 336 1538 durante
364 1506 531 1537 voluntate
554 1506 645 1547 regis,
669 1509 706 1537 ut
728 1509 819 1548 patet
841 1517 898 1548 per
920 1506 1030 1538 literas
1060 1507 1181 1538 domini

131 1556 213 1597 regis
229 1556 288 1587 sub
304 1555 438 1596 privato,
453 1559 486 1587 et
509 1555 594 1586 dicto
617 1556 639 1586 J
642 1556 739 1587 acobo
761 1556 882 1587 fatente
905 1559 1071 1597 receptum
1088 1567 1183 1598 super

98 1626 99 1630 ,
132 1609 318 1646 computum
334 1605 372 1636 de
388 1605 525 1636 termino
549 1605 776 1637 Penthecostes
799 1605 885 1636 infra
907 1606 967 1637 hoc
987 1610 1182 1647 computum,

133 1665 177 1686 xx
191 1654 223 1686 fi.
268 1655 311 1685 Et
326 1654 439 1691 eidem,
454 1665 510 1695 pro
533 1658 655 1696 septem
678 1655 789 1692 bobus,
813 1655 937 1686 duobus
962 1656 1051 1696 equis
1076 1657 1182 1693 aratis,

132 1704 278 1746 harpicis,
294 1704 412 1741 avenis,
427 1704 514 1745 pisis,
529 1707 562 1735 et
577 1704 648 1735 aliis
671 1705 806 1735 minutis
822 1705 979 1745 expensis,
995 1706 1111 1746 emptis
1127 1716 1183 1746 per

133 1757 370 1794 computantem
398 1756 429 1785 et
454 1753 635 1795 expenditis
661 1754 696 1784 in
725 1755 855 1795 grangia
885 1755 924 1785 de
954 1755 1120 1792 Methven,
1151 1759 1184 1786 et

134 1803 291 1844 stipendio
313 1803 512 1835 lucrancium
535 1803 722 1844 hujusmodi
744 1814 843 1844 grana
869 1804 907 1835 de
932 1805 1025 1835 annis
1049 1805 1183 1835 Domini

134 1852 327 1893 sexagesimo
354 1851 493 1884 secundo
518 1856 551 1884 et
574 1853 769 1894 sexagesimo
793 1853 899 1890 tercio,
926 1857 1020 1894 prout
1043 1854 1077 1884 in
1100 1854 1182 1885 libro

135 1901 348 1942 computantis
379 1902 561 1933 examinato
598 1913 694 1943 super
724 1906 911 1943 computum
950 1906 1047 1943 patet,
1077 1907 1183 1944 preter

135 1950 286 1982 farrinam
309 1954 340 1982 et
362 1951 504 1982 brasium
527 1952 737 1992 expenditum
752 1962 809 1993 per
824 1952 991 1983 dominum
1007 1953 1183 1984 Robertum

135 2000 230 2031 Mure
256 2001 290 2031 in
314 2000 498 2041 hujusmodi
533 2001 722 2039 lucracione,
752 2005 937 2033 remanente
967 2013 1040 2033 cum
1071 2003 1184 2034 clerico

135 2049 310 2080 rotulorum
336 2053 368 2081 et
394 2050 527 2091 registri,
552 2051 589 2082 lx
613 2051 645 2083 li.
674 2052 729 2092 viij
756 2051 784 2082 d.
830 2052 873 2082 Et
896 2052 1007 2090 eidem,
1030 2052 1069 2083 (le
1085 2053 1185 2083 firmis

135 2101 290 2130 terrarum
313 2099 353 2131 (le
383 2099 470 2131 Estir
506 2104 539 2132 et
569 2100 794 2142 Westirbusby
824 2101 979 2132 concessis
1011 2102 1185 2133 Lanrencio

136 2147 288 2188 Drydane
303 2159 359 2190 pro
376 2149 467 2180 feodo
491 2160 547 2181 suo
571 2150 610 2181 de
633 2154 771 2190 quatuor
793 2150 917 2181 ultimis
941 2151 1086 2182 terminis
1102 2151 1186 2183 infra

137 2197 198 2228 hoc
221 2201 416 2239 computum,
443 2202 480 2230 ut
503 2202 593 2240 patet
620 2199 656 2230 in
681 2199 793 2230 rotulis
818 2199 1072 2240 precedentibus,
1102 2211 1123 2231 x
1153 2201 1184 2231 fi.

141 2295 184 2327 Et
198 2296 244 2328 sic
259 2299 380 2329 restant
394 2297 464 2329 lxix
478 2297 512 2331 fi.
528 2298 572 2339 iiij
591 2302 615 2331 Ξ.
632 2298 663 2339 xj
681 2298 710 2330 d.
