<?xml version="1.0" encoding="UTF-8"?>
<!DOCTYPE html PUBLIC "-//W3C//DTD XHTML 1.0 Transitional//EN"
    "http://www.w3.org/TR/xhtml1/DTD/xhtml1-transitional.dtd">
<html xmlns="http://www.w3.org/1999/xhtml" xml:lang="en" lang="en">
 <head>
  <title>
</title>
<meta http-equiv="Content-Type" content="text/html;charset=utf-8" />
  <meta name='ocr-system' content='tesseract 3.04.00' />
  <meta name='ocr-capabilities' content='ocr_page ocr_carea ocr_par ocr_line ocrx_word'/>
</head>
<body>
  <div class='ocr_page' id='page_1' title='image "./rotuliscaccariir07scot_0542.png"; bbox 0 0 1551 2462; ppageno 0'>
   <div class='ocr_carea' id='block_1_1' title="bbox 165 1344 332 1397">
    <p class='ocr_par' dir='ltr' id='par_1_1' title="bbox 165 1344 332 1397">
     <span class='ocr_line' id='line_1_1' title="bbox 167 1344 332 1367; baseline 0.006 -1"><span class='ocrx_word' id='word_1_1' title='bbox 167 1344 332 1367; x_wconf 81' lang='lat' dir='ltr'><strong>Consulendus</strong></span> 
     </span>
     <span class='ocr_line' id='line_1_2' title="bbox 165 1375 261 1397; baseline 0.01 -1"><span class='ocrx_word' id='word_1_2' title='bbox 165 1375 203 1397; x_wconf 82' lang='lat' dir='ltr'><strong>est</strong></span> <span class='ocrx_word' id='word_1_3' title='bbox 213 1381 261 1397; x_wconf 80' lang='lat' dir='ltr'><strong>rex.</strong></span> 
     </span>
    </p>
   </div>
   <div class='ocr_carea' id='block_1_2' title="bbox 164 1556 331 1638">
    <p class='ocr_par' dir='ltr' id='par_1_2' title="bbox 164 1556 331 1638">
     <span class='ocr_line' id='line_1_3' title="bbox 166 1556 331 1584; baseline 0.006 -6"><span class='ocrx_word' id='word_1_4' title='bbox 166 1556 331 1584; x_wconf 78' lang='lat' dir='ltr'>Respondebit</span> 
     </span>
     <span class='ocr_line' id='line_1_4' title="bbox 164 1585 263 1613; baseline -0.01 -5"><span class='ocrx_word' id='word_1_5' title='bbox 164 1585 263 1613; x_wconf 63' lang='lat' dir='ltr'><strong>Ounno,</strong></span> 
     </span>
     <span class='ocr_line' id='line_1_5' title="bbox 165 1615 292 1638; baseline 0.008 -1"><span class='ocrx_word' id='word_1_6' title='bbox 165 1615 292 1638; x_wconf 83' lang='lat' dir='ltr'><strong>rotulator.</strong></span> 
     </span>
    </p>
   </div>
   <div class='ocr_carea' id='block_1_3' title="bbox 162 1710 313 1828">
    <p class='ocr_par' dir='ltr' id='par_1_3' title="bbox 162 1710 313 1828">
     <span class='ocr_line' id='line_1_6' title="bbox 166 1710 313 1741; baseline -0.007 0"><span class='ocrx_word' id='word_1_7' title='bbox 166 1710 313 1741; x_wconf 81' lang='lat' dir='ltr'><strong>Camera-</strong></span> 
     </span>
     <span class='ocr_line' id='line_1_7' title="bbox 162 1753 285 1784; baseline 0 0"><span class='ocrx_word' id='word_1_8' title='bbox 162 1754 229 1784; x_wconf 88' lang='lat' dir='ltr'><strong>rius</strong></span> <span class='ocrx_word' id='word_1_9' title='bbox 247 1753 285 1784; x_wconf 88' lang='lat' dir='ltr'><strong>de</strong></span> 
     </span>
     <span class='ocr_line' id='line_1_8' title="bbox 163 1797 309 1828; baseline 0.007 -1"><span class='ocrx_word' id='word_1_10' title='bbox 163 1797 309 1828; x_wconf 84' lang='lat' dir='ltr'><strong>Breohin.</strong></span> 
     </span>
    </p>
   </div>
   <div class='ocr_carea' id='block_1_4' title="bbox 1305 0 1551 370">
    <p class='ocr_par' dir='ltr' id='par_1_4' title="bbox 1305 0 1551 370">
     <span class='ocr_line' id='line_1_9' title="bbox 1305 0 1551 370; baseline 0 0"><span class='ocrx_word' id='word_1_11' title='bbox 1305 0 1551 370; x_wconf 95' lang='lat' dir='ltr'><strong>  </strong></span> 
     </span>
    </p>
   </div>
   <div class='ocr_carea' id='block_1_5' title="bbox 393 321 1445 355">
    <p class='ocr_par' dir='ltr' id='par_1_5' title="bbox 393 321 1445 355">
     <span class='ocr_line' id='line_1_10' title="bbox 393 321 1445 355; baseline 0.004 -5"><span class='ocrx_word' id='word_1_12' title='bbox 393 322 454 351; x_wconf 82' lang='lat'><strong>464</strong></span> <span class='ocrx_word' id='word_1_13' title='bbox 698 321 862 354; x_wconf 81' lang='lat' dir='ltr'>ROTULI</span> <span class='ocrx_word' id='word_1_14' title='bbox 886 321 1124 354; x_wconf 79' lang='lat' dir='ltr'><strong>SOACCARH</strong></span> <span class='ocrx_word' id='word_1_15' title='bbox 1355 324 1445 355; x_wconf 81' lang='lat'>1467.</span> 
     </span>
    </p>
   </div>
   <div class='ocr_carea' id='block_1_6' title="bbox 389 413 1447 706">
    <p class='ocr_par' dir='ltr' id='par_1_6' title="bbox 389 413 1447 706">
     <span class='ocr_line' id='line_1_11' title="bbox 391 413 1447 456; baseline 0.002 -11"><span class='ocrx_word' id='word_1_16' title='bbox 391 414 457 445; x_wconf 87' lang='lat' dir='ltr'><strong>suis</strong></span> <span class='ocrx_word' id='word_1_17' title='bbox 473 413 635 446; x_wconf 80' lang='lat' dir='ltr'>laboribus</span> <span class='ocrx_word' id='word_1_18' title='bbox 651 415 745 446; x_wconf 83' lang='lat' dir='ltr'><strong>factis</strong></span> <span class='ocrx_word' id='word_1_19' title='bbox 762 415 795 446; x_wconf 87' lang='lat' dir='ltr'><strong>in</strong></span> <span class='ocrx_word' id='word_1_20' title='bbox 820 415 913 446; x_wconf 85' lang='lat' dir='ltr'><strong>certis</strong></span> <span class='ocrx_word' id='word_1_21' title='bbox 930 415 1069 456; x_wconf 84' lang='lat' dir='ltr'>negociis</span> <span class='ocrx_word' id='word_1_22' title='bbox 1093 415 1132 446; x_wconf 91' lang='lat' dir='ltr'><strong>de</strong></span> <span class='ocrx_word' id='word_1_23' title='bbox 1149 415 1300 447; x_wconf 83' lang='lat' dir='ltr'><strong>mandato</strong></span> <span class='ocrx_word' id='word_1_24' title='bbox 1324 416 1447 447; x_wconf 88' lang='lat' dir='ltr'><strong>domini</strong></span> 
     </span>
     <span class='ocr_line' id='line_1_12' title="bbox 390 464 1446 505; baseline 0.003 -11"><span class='ocrx_word' id='word_1_25' title='bbox 390 464 472 505; x_wconf 84' lang='lat' dir='ltr'><strong>regis</strong></span> <span class='ocrx_word' id='word_1_26' title='bbox 488 464 521 495; x_wconf 87' lang='lat' dir='ltr'><strong>in</strong></span> <span class='ocrx_word' id='word_1_27' title='bbox 537 465 682 505; x_wconf 86' lang='lat' dir='ltr'><strong>partibus</strong></span> <span class='ocrx_word' id='word_1_28' title='bbox 706 465 896 503; x_wconf 81' lang='lat' dir='ltr'>borealibus,</span> <span class='ocrx_word' id='word_1_29' title='bbox 913 476 953 496; x_wconf 80' lang='lat' dir='ltr'><strong>ex</strong></span> <span class='ocrx_word' id='word_1_30' title='bbox 976 466 1231 499; x_wconf 82' lang='lat' dir='ltr'>consideracione</span> <span class='ocrx_word' id='word_1_31' title='bbox 1255 466 1446 504; x_wconf 82' lang='lat' dir='ltr'><strong>auditorum,</strong></span> 
     </span>
     <span class='ocr_line' id='line_1_13' title="bbox 390 514 1444 557; baseline 0.002 -11"><span class='ocrx_word' id='word_1_32' title='bbox 390 516 425 556; x_wconf 80' lang='lat' dir='ltr'><strong>iij</strong></span> <span class='ocrx_word' id='word_1_33' title='bbox 457 514 489 546; x_wconf 70' lang='lat' dir='ltr'><strong>fi.</strong></span> <span class='ocrx_word' id='word_1_34' title='bbox 522 515 553 555; x_wconf 85' lang='lat' dir='ltr'><strong>vj</strong></span> <span class='ocrx_word' id='word_1_35' title='bbox 593 519 615 547; x_wconf 74' lang='lat' dir='ltr'><strong>s.</strong></span> <span class='ocrx_word' id='word_1_36' title='bbox 655 514 710 556; x_wconf 81' lang='lat' dir='ltr'><strong>viij</strong></span> <span class='ocrx_word' id='word_1_37' title='bbox 743 515 772 547; x_wconf 79' lang='lat' dir='ltr'><strong>d.</strong></span> <span class='ocrx_word' id='word_1_38' title='bbox 833 515 966 547; x_wconf 85' lang='lat' dir='ltr'><strong>Summa</strong></span> <span class='ocrx_word' id='word_1_39' title='bbox 1011 515 1108 556; x_wconf 86' lang='lat' dir='ltr'><strong>hujus</strong></span> <span class='ocrx_word' id='word_1_40' title='bbox 1153 526 1302 557; x_wconf 80' lang='lat' dir='ltr'><strong>expense,</strong></span> <span class='ocrx_word' id='word_1_41' title='bbox 1340 517 1372 557; x_wconf 82' lang='lat' dir='ltr'><strong>xj</strong></span> <span class='ocrx_word' id='word_1_42' title='bbox 1411 516 1444 548; x_wconf 74' lang='lat' dir='ltr'><strong>fi.</strong></span> 
     </span>
     <span class='ocr_line' id='line_1_14' title="bbox 390 565 1446 607; baseline 0.001 -11"><span class='ocrx_word' id='word_1_43' title='bbox 390 566 447 606; x_wconf 77' lang='lat' dir='ltr'><strong>xiij</strong></span> <span class='ocrx_word' id='word_1_44' title='bbox 465 570 487 596; x_wconf 73' lang='lat' dir='ltr'><strong>s.</strong></span> <span class='ocrx_word' id='word_1_45' title='bbox 499 565 545 606; x_wconf 84' lang='lat' dir='ltr'><strong>iiij</strong></span> <span class='ocrx_word' id='word_1_46' title='bbox 563 565 592 597; x_wconf 73' lang='lat' dir='ltr'><strong>d.</strong></span> <span class='ocrx_word' id='word_1_47' title='bbox 638 565 680 596; x_wconf 91' lang='lat' dir='ltr'><strong>Et</strong></span> <span class='ocrx_word' id='word_1_48' title='bbox 696 565 741 596; x_wconf 84' lang='lat' dir='ltr'><strong>sie</strong></span> <span class='ocrx_word' id='word_1_49' title='bbox 753 568 876 596; x_wconf 80' lang='lat' dir='ltr'><strong>restant</strong></span> <span class='ocrx_word' id='word_1_50' title='bbox 887 565 993 606; x_wconf 78' lang='lat' dir='ltr'><strong>j⁰xxxj</strong></span> <span class='ocrx_word' id='word_1_51' title='bbox 1007 565 1039 596; x_wconf 70' lang='lat'><strong>11¹.</strong></span> <span class='ocrx_word' id='word_1_52' title='bbox 1052 566 1086 606; x_wconf 84' lang='lat' dir='ltr'><strong>iij</strong></span> <span class='ocrx_word' id='word_1_53' title='bbox 1104 570 1127 597; x_wconf 75' lang='lat' dir='ltr'><strong>s.</strong></span> <span class='ocrx_word' id='word_1_54' title='bbox 1141 566 1172 606; x_wconf 87' lang='lat' dir='ltr'><strong>vj</strong></span> <span class='ocrx_word' id='word_1_55' title='bbox 1187 565 1216 597; x_wconf 78' lang='lat' dir='ltr'><strong>d.</strong></span> <span class='ocrx_word' id='word_1_56' title='bbox 1254 566 1305 597; x_wconf 88' lang='lat' dir='ltr'><strong>De</strong></span> <span class='ocrx_word' id='word_1_57' title='bbox 1320 566 1446 607; x_wconf 88' lang='lat' dir='ltr'><strong>quibus,</strong></span> 
     </span>
     <span class='ocr_line' id='line_1_15' title="bbox 389 615 1445 657; baseline 0 -11"><span class='ocrx_word' id='word_1_58' title='bbox 389 616 532 657; x_wconf 90' lang='lat' dir='ltr'><strong>pendent</strong></span> <span class='ocrx_word' id='word_1_59' title='bbox 584 615 622 646; x_wconf 90' lang='lat' dir='ltr'><strong>de</strong></span> <span class='ocrx_word' id='word_1_60' title='bbox 675 615 775 647; x_wconf 85' lang='lat' dir='ltr'><strong>firmis</strong></span> <span class='ocrx_word' id='word_1_61' title='bbox 827 619 986 646; x_wconf 84' lang='lat' dir='ltr'><strong>terrarum</strong></span> <span class='ocrx_word' id='word_1_62' title='bbox 1031 615 1070 647; x_wconf 87' lang='lat' dir='ltr'><strong>de</strong></span> <span class='ocrx_word' id='word_1_63' title='bbox 1116 615 1360 647; x_wconf 87' lang='lat' dir='ltr'><strong>Kinninmonth</strong></span> <span class='ocrx_word' id='word_1_64' title='bbox 1412 620 1445 647; x_wconf 87' lang='lat' dir='ltr'><strong>et</strong></span> 
     </span>
     <span class='ocr_line' id='line_1_16' title="bbox 389 665 1446 706; baseline 0 -10"><span class='ocrx_word' id='word_1_65' title='bbox 389 666 573 697; x_wconf 84' lang='lat' dir='ltr'><strong>Bouohrum</strong></span> <span class='ocrx_word' id='word_1_66' title='bbox 605 669 831 706; x_wconf 77' lang='lat' dir='ltr'><strong>occupatarum</strong></span> <span class='ocrx_word' id='word_1_67' title='bbox 871 668 904 696; x_wconf 90' lang='lat' dir='ltr'><strong>et</strong></span> <span class='ocrx_word' id='word_1_68' title='bbox 934 665 1136 696; x_wconf 83' lang='lat' dir='ltr'><strong>detentarum</strong></span> <span class='ocrx_word' id='word_1_69' title='bbox 1168 676 1225 706; x_wconf 90' lang='lat' dir='ltr'><strong>per</strong></span> <span class='ocrx_word' id='word_1_70' title='bbox 1262 665 1285 697; x_wconf 84' lang='lat' dir='ltr'><strong>J</strong></span> <span class='ocrx_word' id='word_1_71' title='bbox 1287 665 1446 697; x_wconf 84' lang='lat' dir='ltr'><strong>ohannem</strong></span> 
     </span>
    </p>
   </div>
   <div class='ocr_carea' id='block_1_7' title="bbox 389 715 1512 754">
    <p class='ocr_par' dir='ltr' id='par_1_7' title="bbox 389 715 1512 754">
     <span class='ocr_line' id='line_1_17' title="bbox 389 715 1512 754; baseline -0.001 -7"><span class='ocrx_word' id='word_1_72' title='bbox 389 717 538 747; x_wconf 86' lang='lat' dir='ltr'><strong>comitem</strong></span> <span class='ocrx_word' id='word_1_73' title='bbox 554 716 694 754; x_wconf 74' lang='lat' dir='ltr'><strong>Atholie,</strong></span> <span class='ocrx_word' id='word_1_74' title='bbox 717 718 911 746; x_wconf 70' lang='lat' dir='ltr'><strong>asserentem</strong></span> <span class='ocrx_word' id='word_1_75' title='bbox 935 725 988 746; x_wconf 84' lang='lat' dir='ltr'><strong>eas</strong></span> <span class='ocrx_word' id='word_1_76' title='bbox 1015 716 1076 746; x_wconf 89' lang='lat' dir='ltr'><strong>sibi</strong></span> <span class='ocrx_word' id='word_1_77' title='bbox 1099 715 1168 746; x_wconf 84' lang='lat' dir='ltr'><strong>fore</strong></span> <span class='ocrx_word' id='word_1_78' title='bbox 1191 726 1355 747; x_wconf 85' lang='lat' dir='ltr'><strong>concessas</strong></span> <span class='ocrx_word' id='word_1_79' title='bbox 1371 726 1445 746; x_wconf 86' lang='lat' dir='ltr'><strong>oum</strong></span> <span class='ocrx_word' id='word_1_80' title='bbox 1502 715 1512 720; x_wconf 81' lang='grc'><em>”</em></span> 
     </span>
    </p>
   </div>
   <div class='ocr_carea' id='block_1_8' title="bbox 384 764 1491 1105">
    <p class='ocr_par' dir='ltr' id='par_1_8' title="bbox 384 764 1491 1105">
     <span class='ocr_line' id='line_1_18' title="bbox 387 764 1444 806; baseline -0.001 -9"><span class='ocrx_word' id='word_1_81' title='bbox 387 766 480 797; x_wconf 81' lang='lat' dir='ltr'><strong>terris</strong></span> <span class='ocrx_word' id='word_1_82' title='bbox 497 766 536 797; x_wconf 92' lang='lat' dir='ltr'><strong>de</strong></span> <span class='ocrx_word' id='word_1_83' title='bbox 553 765 708 806; x_wconf 84' lang='lat' dir='ltr'><strong>Balvany,</strong></span> <span class='ocrx_word' id='word_1_84' title='bbox 731 764 807 796; x_wconf 81' lang='lat' dir='ltr'><strong>licet</strong></span> <span class='ocrx_word' id='word_1_85' title='bbox 834 775 898 796; x_wconf 88' lang='lat' dir='ltr'><strong>non</strong></span> <span class='ocrx_word' id='word_1_86' title='bbox 921 765 987 796; x_wconf 87' lang='lat' dir='ltr'><strong>sint</strong></span> <span class='ocrx_word' id='word_1_87' title='bbox 1010 764 1049 796; x_wconf 90' lang='lat' dir='ltr'><strong>de</strong></span> <span class='ocrx_word' id='word_1_88' title='bbox 1071 765 1274 806; x_wconf 74' lang='lat' dir='ltr'><strong>proprietate,</strong></span> <span class='ocrx_word' id='word_1_89' title='bbox 1297 765 1336 797; x_wconf 91' lang='lat' dir='ltr'><strong>de</strong></span> <span class='ocrx_word' id='word_1_90' title='bbox 1360 775 1444 796; x_wconf 86' lang='lat' dir='ltr'><strong>anno</strong></span> 
     </span>
     <span class='ocr_line' id='line_1_19' title="bbox 388 814 1491 856; baseline -0.001 -9"><span class='ocrx_word' id='word_1_91' title='bbox 388 816 539 856; x_wconf 86' lang='lat' dir='ltr'><strong>computi,</strong></span> <span class='ocrx_word' id='word_1_92' title='bbox 556 826 577 846; x_wconf 85' lang='lat' dir='ltr'><strong>x</strong></span> <span class='ocrx_word' id='word_1_93' title='bbox 592 815 623 846; x_wconf 69' lang='grc' dir='ltr'><strong>Ε.</strong></span> <span class='ocrx_word' id='word_1_94' title='bbox 670 815 713 845; x_wconf 88' lang='lat' dir='ltr'><strong>Et</strong></span> <span class='ocrx_word' id='word_1_95' title='bbox 728 814 870 855; x_wconf 89' lang='lat' dir='ltr'><strong>pendent</strong></span> <span class='ocrx_word' id='word_1_96' title='bbox 893 814 1043 846; x_wconf 85' lang='lat' dir='ltr'><strong>similiter</strong></span> <span class='ocrx_word' id='word_1_97' title='bbox 1058 815 1097 846; x_wconf 86' lang='lat' dir='ltr'><strong>de</strong></span> <span class='ocrx_word' id='word_1_98' title='bbox 1114 815 1223 846; x_wconf 37' lang='lat' dir='ltr'><strong>firmis*</strong></span> <span class='ocrx_word' id='word_1_99' title='bbox 1230 819 1388 846; x_wconf 81' lang='lat' dir='ltr'><strong>terrarum</strong></span> <span class='ocrx_word' id='word_1_100' title='bbox 1404 815 1443 846; x_wconf 87' lang='lat' dir='ltr'><strong>de</strong></span> <span class='ocrx_word' id='word_1_101' title='bbox 1487 818 1491 819; x_wconf 51' lang='lat'><em>⁷</em></span> 
     </span>
     <span class='ocr_line' id='line_1_20' title="bbox 389 864 1444 906; baseline -0.001 -10"><span class='ocrx_word' id='word_1_102' title='bbox 389 865 582 906; x_wconf 83' lang='lat' dir='ltr'><strong>Aberyeldy,</strong></span> <span class='ocrx_word' id='word_1_103' title='bbox 595 867 821 905; x_wconf 78' lang='lat' dir='ltr'><strong>occupatarum</strong></span> <span class='ocrx_word' id='word_1_104' title='bbox 833 874 890 905; x_wconf 84' lang='lat' dir='ltr'><strong>per</strong></span> <span class='ocrx_word' id='word_1_105' title='bbox 900 865 1051 895; x_wconf 83' lang='lat' dir='ltr'><strong>comitem</strong></span> <span class='ocrx_word' id='word_1_106' title='bbox 1063 864 1101 895; x_wconf 89' lang='lat' dir='ltr'><strong>de</strong></span> <span class='ocrx_word' id='word_1_107' title='bbox 1112 864 1239 895; x_wconf 82' lang='lat' dir='ltr'><strong>Huntle</strong></span> <span class='ocrx_word' id='word_1_108' title='bbox 1256 865 1294 895; x_wconf 89' lang='lat' dir='ltr'><strong>de</strong></span> <span class='ocrx_word' id='word_1_109' title='bbox 1308 864 1392 895; x_wconf 82' lang='lat' dir='ltr'><strong>facto</strong></span> <span class='ocrx_word' id='word_1_110' title='bbox 1405 864 1444 895; x_wconf 89' lang='lat' dir='ltr'><strong>de</strong></span> 
     </span>
     <span class='ocr_line' id='line_1_21' title="bbox 386 913 1444 952; baseline -0.001 -6"><span class='ocrx_word' id='word_1_111' title='bbox 386 915 498 946; x_wconf 89' lang='lat' dir='ltr'><strong>eodem</strong></span> <span class='ocrx_word' id='word_1_112' title='bbox 523 925 615 952; x_wconf 86' lang='lat' dir='ltr'><strong>anno,</strong></span> <span class='ocrx_word' id='word_1_113' title='bbox 640 924 661 944; x_wconf 84' lang='lat' dir='ltr'><strong>x</strong></span> <span class='ocrx_word' id='word_1_114' title='bbox 688 913 719 944; x_wconf 75' lang='grc' dir='ltr'><strong>Ῐί.</strong></span> <span class='ocrx_word' id='word_1_115' title='bbox 765 914 808 944; x_wconf 88' lang='lat' dir='ltr'><strong>Et</strong></span> <span class='ocrx_word' id='word_1_116' title='bbox 838 913 986 944; x_wconf 85' lang='lat' dir='ltr'><strong>similiter</strong></span> <span class='ocrx_word' id='word_1_117' title='bbox 1015 913 1055 945; x_wconf 90' lang='lat' dir='ltr'><strong>de</strong></span> <span class='ocrx_word' id='word_1_118' title='bbox 1085 914 1185 945; x_wconf 84' lang='lat' dir='ltr'><strong>firmis</strong></span> <span class='ocrx_word' id='word_1_119' title='bbox 1215 917 1374 945; x_wconf 84' lang='lat' dir='ltr'><strong>terrarum</strong></span> <span class='ocrx_word' id='word_1_120' title='bbox 1404 914 1444 945; x_wconf 88' lang='lat' dir='ltr'><strong>de</strong></span> 
     </span>
     <span class='ocr_line' id='line_1_22' title="bbox 386 963 1442 1006; baseline -0.001 -10"><span class='ocrx_word' id='word_1_121' title='bbox 386 964 573 1006; x_wconf 80' lang='lat' dir='ltr'><strong>Soynahard</strong></span> <span class='ocrx_word' id='word_1_122' title='bbox 589 964 623 994; x_wconf 88' lang='lat' dir='ltr'><strong>in</strong></span> <span class='ocrx_word' id='word_1_123' title='bbox 639 963 794 994; x_wconf 79' lang='lat' dir='ltr'><strong>comitatu</strong></span> <span class='ocrx_word' id='word_1_124' title='bbox 810 963 849 994; x_wconf 89' lang='lat' dir='ltr'><strong>de</strong></span> <span class='ocrx_word' id='word_1_125' title='bbox 865 963 963 1000; x_wconf 83' lang='lat' dir='ltr'><strong>Marr,</strong></span> <span class='ocrx_word' id='word_1_126' title='bbox 979 963 1014 994; x_wconf 91' lang='lat' dir='ltr'><strong>in</strong></span> <span class='ocrx_word' id='word_1_127' title='bbox 1036 964 1185 995; x_wconf 82' lang='lat' dir='ltr'><strong>manibus</strong></span> <span class='ocrx_word' id='word_1_128' title='bbox 1201 964 1310 995; x_wconf 85' lang='lat' dir='ltr'><strong>David</strong></span> <span class='ocrx_word' id='word_1_129' title='bbox 1325 964 1442 995; x_wconf 78' lang='lat' dir='ltr'><strong>Serim—</strong></span> 
     </span>
     <span class='ocr_line' id='line_1_23' title="bbox 385 1013 1441 1055; baseline 0 -10"><span class='ocrx_word' id='word_1_130' title='bbox 385 1024 508 1055; x_wconf 85' lang='lat' dir='ltr'><strong>geoure,</strong></span> <span class='ocrx_word' id='word_1_131' title='bbox 525 1013 695 1045; x_wconf 82' lang='lat' dir='ltr'><strong>asserentis</strong></span> <span class='ocrx_word' id='word_1_132' title='bbox 711 1023 744 1044; x_wconf 85' lang='lat' dir='ltr'><strong>se</strong></span> <span class='ocrx_word' id='word_1_133' title='bbox 767 1013 968 1044; x_wconf 69' lang='lat' dir='ltr'><strong>infeodatum</strong></span> <span class='ocrx_word' id='word_1_134' title='bbox 989 1013 1029 1045; x_wconf 86' lang='lat' dir='ltr'><strong>de</strong></span> <span class='ocrx_word' id='word_1_135' title='bbox 1045 1013 1173 1051; x_wconf 88' lang='lat' dir='ltr'><strong>eisdem,</strong></span> <span class='ocrx_word' id='word_1_136' title='bbox 1190 1013 1229 1045; x_wconf 91' lang='lat' dir='ltr'><strong>de</strong></span> <span class='ocrx_word' id='word_1_137' title='bbox 1246 1013 1332 1045; x_wconf 83' lang='lat' dir='ltr'><strong>dicto</strong></span> <span class='ocrx_word' id='word_1_138' title='bbox 1348 1024 1441 1052; x_wconf 86' lang='lat' dir='ltr'><strong>anno,</strong></span> 
     </span>
     <span class='ocr_line' id='line_1_24' title="bbox 384 1061 1440 1105; baseline 0 -10"><span class='ocrx_word' id='word_1_139' title='bbox 384 1065 441 1105; x_wconf 79' lang='lat' dir='ltr'><strong>viij</strong></span> <span class='ocrx_word' id='word_1_140' title='bbox 473 1064 504 1095; x_wconf 74' lang='lat' dir='ltr'><strong>ti.</strong></span> <span class='ocrx_word' id='word_1_141' title='bbox 551 1064 594 1095; x_wconf 89' lang='lat' dir='ltr'><strong>Et</strong></span> <span class='ocrx_word' id='word_1_142' title='bbox 619 1064 657 1094; x_wconf 90' lang='lat' dir='ltr'><strong>de</strong></span> <span class='ocrx_word' id='word_1_143' title='bbox 687 1063 781 1094; x_wconf 84' lang='lat' dir='ltr'><strong>terris</strong></span> <span class='ocrx_word' id='word_1_144' title='bbox 820 1062 858 1094; x_wconf 88' lang='lat' dir='ltr'><strong>de</strong></span> <span class='ocrx_word' id='word_1_145' title='bbox 888 1061 1136 1094; x_wconf 83' lang='lat' dir='ltr'><strong>Westeroothris</strong></span> <span class='ocrx_word' id='word_1_146' title='bbox 1166 1063 1202 1094; x_wconf 87' lang='lat' dir='ltr'><strong>in</strong></span> <span class='ocrx_word' id='word_1_147' title='bbox 1232 1063 1363 1094; x_wconf 84' lang='lat' dir='ltr'><strong>baronia</strong></span> <span class='ocrx_word' id='word_1_148' title='bbox 1399 1064 1440 1095; x_wconf 85' lang='lat' dir='ltr'><strong>de</strong></span> 
     </span>
    </p>
   </div>
   <div class='ocr_carea' id='block_1_9' title="bbox 385 1112 1523 1155">
    <p class='ocr_par' dir='ltr' id='par_1_9' title="bbox 385 1112 1523 1155">
     <span class='ocr_line' id='line_1_25' title="bbox 385 1112 1523 1155; baseline 0 -10"><span class='ocrx_word' id='word_1_149' title='bbox 385 1114 480 1145; x_wconf 82' lang='lat' dir='ltr'><strong>Oneil</strong></span> <span class='ocrx_word' id='word_1_150' title='bbox 496 1114 659 1155; x_wconf 80' lang='lat' dir='ltr'><strong>occupatis</strong></span> <span class='ocrx_word' id='word_1_151' title='bbox 674 1123 732 1154; x_wconf 88' lang='lat' dir='ltr'><strong>per</strong></span> <span class='ocrx_word' id='word_1_152' title='bbox 746 1112 970 1144; x_wconf 82' lang='lat' dir='ltr'><strong>Alexandrum</strong></span> <span class='ocrx_word' id='word_1_153' title='bbox 993 1113 1170 1151; x_wconf 84' lang='lat' dir='ltr'><strong>Pantoune,</strong></span> <span class='ocrx_word' id='word_1_154' title='bbox 1193 1113 1268 1145; x_wconf 81' lang='lat' dir='ltr'><strong>licet</strong></span> <span class='ocrx_word' id='word_1_155' title='bbox 1292 1114 1441 1145; x_wconf 88' lang='lat' dir='ltr'><strong>dominus</strong></span> <span class='ocrx_word' id='word_1_156' title='bbox 1480 1146 1483 1148; x_wconf 73' lang='grc'>,</span> <span class='ocrx_word' id='word_1_157' title='bbox 1516 1114 1523 1148; x_wconf 72' lang='grc' dir='ltr'>ἶ</span> 
     </span>
    </p>
   </div>
   <div class='ocr_carea' id='block_1_10' title="bbox 381 1162 1442 1553">
    <p class='ocr_par' dir='ltr' id='par_1_10' title="bbox 381 1162 1442 1553">
     <span class='ocr_line' id='line_1_26' title="bbox 383 1162 1442 1203; baseline -0.001 -8"><span class='ocrx_word' id='word_1_158' title='bbox 383 1174 441 1195; x_wconf 87' lang='lat' dir='ltr'><strong>rex</strong></span> <span class='ocrx_word' id='word_1_159' title='bbox 453 1164 536 1195; x_wconf 79' lang='lat' dir='ltr'><strong>clare</strong></span> <span class='ocrx_word' id='word_1_160' title='bbox 552 1163 704 1194; x_wconf 79' lang='lat' dir='ltr'><strong>memorie</strong></span> <span class='ocrx_word' id='word_1_161' title='bbox 720 1162 842 1193; x_wconf 82' lang='lat' dir='ltr'><strong>obierat</strong></span> <span class='ocrx_word' id='word_1_162' title='bbox 857 1163 889 1193; x_wconf 86' lang='lat' dir='ltr'><strong>in</strong></span> <span class='ocrx_word' id='word_1_163' title='bbox 903 1163 1036 1203; x_wconf 79' lang='lat' dir='ltr'><strong>pacifica</strong></span> <span class='ocrx_word' id='word_1_164' title='bbox 1048 1163 1246 1203; x_wconf 86' lang='lat' dir='ltr'><strong>possessione</strong></span> <span class='ocrx_word' id='word_1_165' title='bbox 1259 1163 1442 1201; x_wconf 83' lang='lat' dir='ltr'><strong>earundem,</strong></span> 
     </span>
     <span class='ocr_line' id='line_1_27' title="bbox 384 1212 1442 1252; baseline 0 -8"><span class='ocrx_word' id='word_1_166' title='bbox 384 1217 416 1244; x_wconf 85' lang='lat' dir='ltr'><strong>et</strong></span> <span class='ocrx_word' id='word_1_167' title='bbox 433 1213 538 1244; x_wconf 81' lang='lat' dir='ltr'><strong>dictus</strong></span> <span class='ocrx_word' id='word_1_168' title='bbox 553 1212 740 1244; x_wconf 84' lang='lat' dir='ltr'><strong>Alexander</strong></span> <span class='ocrx_word' id='word_1_169' title='bbox 756 1212 978 1244; x_wconf 76' lang='lat' dir='ltr'><strong>fraudulenter</strong></span> <span class='ocrx_word' id='word_1_170' title='bbox 999 1213 1135 1244; x_wconf 80' lang='lat' dir='ltr'><strong>intravit</strong></span> <span class='ocrx_word' id='word_1_171' title='bbox 1150 1213 1185 1244; x_wconf 89' lang='lat' dir='ltr'><strong>in</strong></span> <span class='ocrx_word' id='word_1_172' title='bbox 1201 1213 1322 1245; x_wconf 88' lang='lat' dir='ltr'><strong>eisdem</strong></span> <span class='ocrx_word' id='word_1_173' title='bbox 1340 1213 1442 1252; x_wconf 80' lang='lat' dir='ltr'><strong>terris,</strong></span> 
     </span>
     <span class='ocr_line' id='line_1_28' title="bbox 383 1262 1441 1304; baseline 0 -10"><span class='ocrx_word' id='word_1_174' title='bbox 383 1263 474 1294; x_wconf 84' lang='lat' dir='ltr'><strong>nulla</strong></span> <span class='ocrx_word' id='word_1_175' title='bbox 489 1264 653 1294; x_wconf 85' lang='lat' dir='ltr'><strong>mensione</strong></span> <span class='ocrx_word' id='word_1_176' title='bbox 670 1262 756 1293; x_wconf 83' lang='lat' dir='ltr'><strong>facta</strong></span> <span class='ocrx_word' id='word_1_177' title='bbox 779 1262 818 1293; x_wconf 91' lang='lat' dir='ltr'><strong>de</strong></span> <span class='ocrx_word' id='word_1_178' title='bbox 845 1262 931 1293; x_wconf 82' lang='lat' dir='ltr'><strong>diota</strong></span> <span class='ocrx_word' id='word_1_179' title='bbox 952 1263 1092 1300; x_wconf 83' lang='lat' dir='ltr'><strong>baronia,</strong></span> <span class='ocrx_word' id='word_1_180' title='bbox 1107 1263 1147 1294; x_wconf 90' lang='lat' dir='ltr'><strong>de</strong></span> <span class='ocrx_word' id='word_1_181' title='bbox 1175 1273 1260 1294; x_wconf 90' lang='lat' dir='ltr'><strong>anno</strong></span> <span class='ocrx_word' id='word_1_182' title='bbox 1287 1264 1441 1304; x_wconf 84' lang='lat' dir='ltr'><strong>computi,</strong></span> 
     </span>
     <span class='ocr_line' id='line_1_29' title="bbox 382 1312 1440 1354; baseline 0.002 -11"><span class='ocrx_word' id='word_1_183' title='bbox 382 1323 404 1343; x_wconf 90' lang='lat' dir='ltr'>v</span> <span class='ocrx_word' id='word_1_184' title='bbox 430 1313 471 1350; x_wconf 64' lang='lat' dir='ltr'><strong>n„</strong></span> <span class='ocrx_word' id='word_1_185' title='bbox 495 1323 590 1354; x_wconf 88' lang='lat' dir='ltr'><strong>super</strong></span> <span class='ocrx_word' id='word_1_186' title='bbox 613 1312 730 1353; x_wconf 85' lang='lat' dir='ltr'><strong>quibus</strong></span> <span class='ocrx_word' id='word_1_187' title='bbox 755 1312 969 1343; x_wconf 89' lang='lat' dir='ltr'><strong>consulendus</strong></span> <span class='ocrx_word' id='word_1_188' title='bbox 996 1315 1045 1344; x_wconf 86' lang='lat' dir='ltr'><strong>est</strong></span> <span class='ocrx_word' id='word_1_189' title='bbox 1071 1323 1135 1344; x_wconf 85' lang='lat' dir='ltr'><strong>rex.</strong></span> <span class='ocrx_word' id='word_1_190' title='bbox 1182 1313 1315 1344; x_wconf 85' lang='lat' dir='ltr'><strong>Summa</strong></span> <span class='ocrx_word' id='word_1_191' title='bbox 1334 1313 1440 1354; x_wconf 47' lang='lat' dir='ltr'><strong>*hujus</strong></span> 
     </span>
     <span class='ocr_line' id='line_1_30' title="bbox 381 1362 1438 1404; baseline 0 -10"><span class='ocrx_word' id='word_1_192' title='bbox 381 1363 566 1404; x_wconf 80' lang='lat' dir='ltr'><strong>pendencie,</strong></span> <span class='ocrx_word' id='word_1_193' title='bbox 582 1362 682 1403; x_wconf 79' lang='lat' dir='ltr'><strong>xxxiij</strong></span> <span class='ocrx_word' id='word_1_194' title='bbox 700 1362 732 1393; x_wconf 73' lang='lat' dir='ltr'><strong>fi.</strong></span> <span class='ocrx_word' id='word_1_195' title='bbox 779 1362 821 1393; x_wconf 91' lang='lat' dir='ltr'><strong>Et</strong></span> <span class='ocrx_word' id='word_1_196' title='bbox 837 1362 881 1393; x_wconf 82' lang='lat' dir='ltr'><strong>sie</strong></span> <span class='ocrx_word' id='word_1_197' title='bbox 896 1366 1020 1393; x_wconf 83' lang='lat' dir='ltr'><strong>restant</strong></span> <span class='ocrx_word' id='word_1_198' title='bbox 1041 1362 1201 1404; x_wconf 81' lang='lat' dir='ltr'><strong>lxxxxviij</strong></span> <span class='ocrx_word' id='word_1_199' title='bbox 1219 1363 1250 1394; x_wconf 75' lang='lat' dir='ltr'><strong>n.</strong></span> <span class='ocrx_word' id='word_1_200' title='bbox 1267 1363 1302 1404; x_wconf 87' lang='lat' dir='ltr'><strong>iij</strong></span> <span class='ocrx_word' id='word_1_201' title='bbox 1320 1367 1342 1394; x_wconf 71' lang='grc' dir='ltr'><strong>ἓ.</strong></span> <span class='ocrx_word' id='word_1_202' title='bbox 1359 1364 1391 1404; x_wconf 89' lang='lat' dir='ltr'><strong>vj</strong></span> <span class='ocrx_word' id='word_1_203' title='bbox 1409 1363 1438 1394; x_wconf 80' lang='lat' dir='ltr'><strong>d.</strong></span> 
     </span>
     <span class='ocr_line' id='line_1_31' title="bbox 381 1412 1439 1454; baseline -0.001 -10"><span class='ocrx_word' id='word_1_204' title='bbox 381 1413 433 1444; x_wconf 86' lang='lat' dir='ltr'><strong>De</strong></span> <span class='ocrx_word' id='word_1_205' title='bbox 456 1412 581 1454; x_wconf 86' lang='lat' dir='ltr'><strong>quibus,</strong></span> <span class='ocrx_word' id='word_1_206' title='bbox 612 1412 746 1443; x_wconf 81' lang='lat' dir='ltr'><strong>allocate</strong></span> <span class='ocrx_word' id='word_1_207' title='bbox 776 1412 977 1452; x_wconf 83' lang='lat' dir='ltr'><strong>computanti</strong></span> <span class='ocrx_word' id='word_1_208' title='bbox 1006 1422 1063 1453; x_wconf 91' lang='lat' dir='ltr'><strong>per</strong></span> <span class='ocrx_word' id='word_1_209' title='bbox 1093 1412 1289 1443; x_wconf 84' lang='lat' dir='ltr'><strong>solucionem</strong></span> <span class='ocrx_word' id='word_1_210' title='bbox 1320 1412 1439 1444; x_wconf 82' lang='lat' dir='ltr'><strong>factam</strong></span> 
     </span>
     <span class='ocr_line' id='line_1_32' title="bbox 383 1461 1440 1503; baseline 0.001 -10"><span class='ocrx_word' id='word_1_211' title='bbox 383 1462 468 1493; x_wconf 83' lang='lat' dir='ltr'><strong>dioto</strong></span> <span class='ocrx_word' id='word_1_212' title='bbox 492 1465 717 1503; x_wconf 81' lang='lat' dir='ltr'><strong>computorum</strong></span> <span class='ocrx_word' id='word_1_213' title='bbox 739 1461 908 1493; x_wconf 82' lang='lat' dir='ltr'><strong>rotulatori</strong></span> <span class='ocrx_word' id='word_1_214' title='bbox 931 1462 963 1494; x_wconf 89' lang='lat' dir='ltr'><strong>in</strong></span> <span class='ocrx_word' id='word_1_215' title='bbox 989 1462 1167 1503; x_wconf 83' lang='lat' dir='ltr'><strong>agitaoione</strong></span> <span class='ocrx_word' id='word_1_216' title='bbox 1183 1466 1353 1494; x_wconf 90' lang='lat' dir='ltr'><strong>mutonum</strong></span> <span class='ocrx_word' id='word_1_217' title='bbox 1368 1472 1440 1503; x_wconf 82' lang='lat' dir='ltr'><strong>pre-</strong></span> 
     </span>
     <span class='ocr_line' id='line_1_33' title="bbox 383 1511 1440 1553; baseline 0.001 -11"><span class='ocrx_word' id='word_1_218' title='bbox 383 1512 588 1552; x_wconf 84' lang='lat' dir='ltr'><strong>scriptorum,</strong></span> <span class='ocrx_word' id='word_1_219' title='bbox 604 1511 673 1552; x_wconf 90' lang='lat' dir='ltr'><strong>ipso</strong></span> <span class='ocrx_word' id='word_1_220' title='bbox 691 1511 813 1542; x_wconf 81' lang='lat' dir='ltr'><strong>fatente</strong></span> <span class='ocrx_word' id='word_1_221' title='bbox 837 1514 1010 1552; x_wconf 80' lang='lat' dir='ltr'><strong>receptum,</strong></span> <span class='ocrx_word' id='word_1_222' title='bbox 1025 1512 1103 1553; x_wconf 83' lang='lat' dir='ltr'><strong>xxvj</strong></span> <span class='ocrx_word' id='word_1_223' title='bbox 1128 1516 1151 1543; x_wconf 80' lang='lat' dir='ltr'><strong>s.</strong></span> <span class='ocrx_word' id='word_1_224' title='bbox 1169 1512 1224 1553; x_wconf 86' lang='lat' dir='ltr'><strong>viij</strong></span> <span class='ocrx_word' id='word_1_225' title='bbox 1242 1512 1281 1549; x_wconf 68' lang='lat' dir='ltr'><strong>d„</strong></span> <span class='ocrx_word' id='word_1_226' title='bbox 1296 1522 1353 1552; x_wconf 88' lang='lat' dir='ltr'><strong>pro</strong></span> <span class='ocrx_word' id='word_1_227' title='bbox 1369 1513 1440 1553; x_wconf 87' lang='lat' dir='ltr'><strong>qui—</strong></span> 
     </span>
    </p>
   </div>
   <div class='ocr_carea' id='block_1_11' title="bbox 383 1560 1440 1602">
    <p class='ocr_par' dir='ltr' id='par_1_11' title="bbox 383 1560 1440 1602">
     <span class='ocr_line' id='line_1_34' title="bbox 383 1560 1440 1602; baseline 0 -10"><span class='ocrx_word' id='word_1_228' title='bbox 383 1561 442 1592; x_wconf 89' lang='lat' dir='ltr'><strong>bus</strong></span> <span class='ocrx_word' id='word_1_229' title='bbox 469 1560 683 1601; x_wconf 86' lang='lat' dir='ltr'><strong>respondebit.</strong></span> <span class='ocrx_word' id='word_1_230' title='bbox 732 1560 865 1591; x_wconf 81' lang='lat' dir='ltr'><strong>Summa</strong></span> <span class='ocrx_word' id='word_1_231' title='bbox 889 1560 986 1601; x_wconf 89' lang='lat' dir='ltr'><strong>hujus</strong></span> <span class='ocrx_word' id='word_1_232' title='bbox 1017 1571 1156 1602; x_wconf 81' lang='lat' dir='ltr'><strong>expense</strong></span> <span class='ocrx_word' id='word_1_233' title='bbox 1186 1564 1282 1602; x_wconf 83' lang='lat' dir='ltr'><strong>patet.</strong></span> <span class='ocrx_word' id='word_1_234' title='bbox 1329 1561 1372 1592; x_wconf 91' lang='lat' dir='ltr'><strong>Et</strong></span> <span class='ocrx_word' id='word_1_235' title='bbox 1394 1561 1440 1592; x_wconf 81' lang='lat' dir='ltr'><strong>sic</strong></span> 
     </span>
    </p>
   </div>
   <div class='ocr_carea' id='block_1_12' title="bbox 382 1609 899 1650">
    <p class='ocr_par' dir='ltr' id='par_1_12' title="bbox 382 1609 899 1650">
     <span class='ocr_line' id='line_1_35' title="bbox 382 1609 899 1650; baseline -0.004 -9"><span class='ocrx_word' id='word_1_236' title='bbox 382 1612 504 1641; x_wconf 82' lang='lat' dir='ltr'><strong>restant</strong></span> <span class='ocrx_word' id='word_1_237' title='bbox 519 1609 654 1650; x_wconf 80' lang='lat' dir='ltr'><strong>lxxxxvj</strong></span> <span class='ocrx_word' id='word_1_238' title='bbox 672 1609 705 1639; x_wconf 73' lang='lat' dir='ltr'><strong>n.</strong></span> <span class='ocrx_word' id='word_1_239' title='bbox 721 1609 775 1649; x_wconf 79' lang='lat' dir='ltr'><strong>xvj</strong></span> <span class='ocrx_word' id='word_1_240' title='bbox 793 1613 815 1640; x_wconf 75' lang='lat' dir='ltr'><strong>s.</strong></span> <span class='ocrx_word' id='word_1_241' title='bbox 833 1619 855 1639; x_wconf 83' lang='lat' dir='ltr'><strong>x</strong></span> <span class='ocrx_word' id='word_1_242' title='bbox 870 1609 899 1639; x_wconf 77' lang='lat' dir='ltr'><strong>d.</strong></span> 
     </span>
    </p>
   </div>
   <div class='ocr_carea' id='block_1_13' title="bbox 377 1707 1437 1998">
    <p class='ocr_par' dir='ltr' id='par_1_13' title="bbox 377 1707 1437 1849">
     <span class='ocr_line' id='line_1_36' title="bbox 425 1707 1437 1751; baseline 0 -11"><span class='ocrx_word' id='word_1_243' title='bbox 425 1709 621 1750; x_wconf 87' lang='lat' dir='ltr'><strong>Computum</strong></span> <span class='ocrx_word' id='word_1_244' title='bbox 637 1708 747 1739; x_wconf 76' lang='lat' dir='ltr'><strong>David</strong></span> <span class='ocrx_word' id='word_1_245' title='bbox 771 1707 1007 1748; x_wconf 76' lang='lat' dir='ltr'><strong>Scrymgeoure,</strong></span> <span class='ocrx_word' id='word_1_246' title='bbox 1031 1708 1195 1739; x_wconf 81' lang='lat' dir='ltr'><strong>camerarii</strong></span> <span class='ocrx_word' id='word_1_247' title='bbox 1218 1708 1340 1740; x_wconf 83' lang='lat' dir='ltr'><strong>domini</strong></span> <span class='ocrx_word' id='word_1_248' title='bbox 1355 1710 1437 1751; x_wconf 85' lang='lat' dir='ltr'><strong>regis</strong></span> 
     </span>
     <span class='ocr_line' id='line_1_37' title="bbox 380 1757 1437 1800; baseline 0.001 -11"><span class='ocrx_word' id='word_1_249' title='bbox 380 1762 538 1790; x_wconf 81' lang='lat' dir='ltr'><strong>terrarum</strong></span> <span class='ocrx_word' id='word_1_250' title='bbox 560 1758 599 1789; x_wconf 89' lang='lat' dir='ltr'><strong>de</strong></span> <span class='ocrx_word' id='word_1_251' title='bbox 624 1757 771 1794; x_wconf 83' lang='lat' dir='ltr'><strong>Breohin,</strong></span> <span class='ocrx_word' id='word_1_252' title='bbox 795 1757 914 1798; x_wconf 48' lang='lat' dir='ltr'><strong>[Pertlu</strong></span> <span class='ocrx_word' id='word_1_253' title='bbox 938 1758 959 1788; x_wconf 91' lang='lat'><em>9</em></span> <span class='ocrx_word' id='word_1_254' title='bbox 981 1757 1067 1788; x_wconf 78' lang='lat' dir='ltr'><strong>June</strong></span> <span class='ocrx_word' id='word_1_255' title='bbox 1090 1758 1185 1796; x_wconf 66' lang='lat'><strong><em>1467,</em></strong></span> <span class='ocrx_word' id='word_1_256' title='bbox 1199 1759 1291 1799; x_wconf 79' lang='lat' dir='ltr'><strong>from</strong></span> <span class='ocrx_word' id='word_1_257' title='bbox 1313 1759 1334 1790; x_wconf 89' lang='grc'><em>8</em></span> <span class='ocrx_word' id='word_1_258' title='bbox 1356 1759 1437 1800; x_wconf 72' lang='lat' dir='ltr'><strong>July</strong></span> 
     </span>
     <span class='ocr_line' id='line_1_38' title="bbox 377 1808 1355 1849; baseline -0.001 -10"><span class='ocrx_word' id='word_1_259' title='bbox 377 1808 487 1849; x_wconf 68' lang='lat'><strong><em>1466}</em></strong></span> <span class='ocrx_word' id='word_1_260' title='bbox 1353 1816 1355 1818; x_wconf 88' lang='grc'><strong><em>·</em></strong></span> 
     </span>
    </p>

    <p class='ocr_par' dir='ltr' id='par_1_14' title="bbox 377 1855 1436 1998">
     <span class='ocr_line' id='line_1_39' title="bbox 423 1855 1436 1899; baseline 0 -10"><span class='ocrx_word' id='word_1_261' title='bbox 423 1858 515 1889; x_wconf 88' lang='lat' dir='ltr'><strong>Idem</strong></span> <span class='ocrx_word' id='word_1_262' title='bbox 540 1860 651 1888; x_wconf 80' lang='lat' dir='ltr'><strong>onerat</strong></span> <span class='ocrx_word' id='word_1_263' title='bbox 678 1866 721 1893; x_wconf 84' lang='lat' dir='ltr'><strong>se,</strong></span> <span class='ocrx_word' id='word_1_264' title='bbox 737 1856 772 1887; x_wconf 89' lang='lat' dir='ltr'><strong>in</strong></span> <span class='ocrx_word' id='word_1_265' title='bbox 798 1856 910 1897; x_wconf 86' lang='lat' dir='ltr'><strong>primis</strong></span> <span class='ocrx_word' id='word_1_266' title='bbox 938 1856 977 1887; x_wconf 91' lang='lat' dir='ltr'><strong>de</strong></span> <span class='ocrx_word' id='word_1_267' title='bbox 999 1855 1104 1897; x_wconf 80' lang='lat' dir='ltr'><strong>vj⁰xlij</strong></span> <span class='ocrx_word' id='word_1_268' title='bbox 1126 1856 1158 1888; x_wconf 77' lang='lat' dir='ltr'><strong>li.</strong></span> <span class='ocrx_word' id='word_1_269' title='bbox 1175 1857 1231 1898; x_wconf 85' lang='lat' dir='ltr'><strong>xiij</strong></span> <span class='ocrx_word' id='word_1_270' title='bbox 1256 1861 1279 1889; x_wconf 74' lang='lat' dir='ltr'><strong>s.</strong></span> <span class='ocrx_word' id='word_1_271' title='bbox 1295 1857 1318 1898; x_wconf 86' lang='lat' dir='ltr'><strong>ij</strong></span> <span class='ocrx_word' id='word_1_272' title='bbox 1335 1857 1363 1889; x_wconf 80' lang='lat' dir='ltr'><strong>d.</strong></span> <span class='ocrx_word' id='word_1_273' title='bbox 1380 1868 1436 1899; x_wconf 90' lang='lat' dir='ltr'><strong>per</strong></span> 
     </span>
     <span class='ocr_line' id='line_1_40' title="bbox 378 1906 1435 1948; baseline 0 -10"><span class='ocrx_word' id='word_1_274' title='bbox 378 1908 536 1948; x_wconf 80' lang='lat' dir='ltr'><strong>arreragia</strong></span> <span class='ocrx_word' id='word_1_275' title='bbox 574 1906 685 1938; x_wconf 87' lang='lat' dir='ltr'><strong>ultimi</strong></span> <span class='ocrx_word' id='word_1_276' title='bbox 723 1906 867 1947; x_wconf 87' lang='lat' dir='ltr'><strong>computi</strong></span> <span class='ocrx_word' id='word_1_277' title='bbox 904 1906 954 1937; x_wconf 90' lang='lat' dir='ltr'><strong>sui</strong></span> <span class='ocrx_word' id='word_1_278' title='bbox 992 1906 1111 1937; x_wconf 84' lang='lat' dir='ltr'><strong>redditi</strong></span> <span class='ocrx_word' id='word_1_279' title='bbox 1148 1906 1188 1938; x_wconf 90' lang='lat' dir='ltr'><strong>de</strong></span> <span class='ocrx_word' id='word_1_280' title='bbox 1225 1907 1435 1938; x_wconf 80' lang='lat' dir='ltr'><strong>camerariam</strong></span> 
     </span>
     <span class='ocr_line' id='line_1_41' title="bbox 377 1956 1431 1998; baseline -0.001 -9"><span class='ocrx_word' id='word_1_281' title='bbox 377 1957 524 1989; x_wconf 83' lang='lat' dir='ltr'><strong>Moravie</strong></span> <span class='ocrx_word' id='word_1_282' title='bbox 549 1960 581 1988; x_wconf 89' lang='lat' dir='ltr'><strong>et</strong></span> <span class='ocrx_word' id='word_1_283' title='bbox 606 1956 744 1987; x_wconf 85' lang='lat' dir='ltr'><strong>aliarum</strong></span> <span class='ocrx_word' id='word_1_284' title='bbox 768 1959 926 1987; x_wconf 79' lang='lat' dir='ltr'><strong>terrarum</strong></span> <span class='ocrx_word' id='word_1_285' title='bbox 954 1956 1038 1987; x_wconf 81' lang='lat' dir='ltr'><strong>ultra</strong></span> <span class='ocrx_word' id='word_1_286' title='bbox 1062 1959 1197 1994; x_wconf 88' lang='lat' dir='ltr'><strong>montes,</strong></span> <span class='ocrx_word' id='word_1_287' title='bbox 1221 1960 1258 1988; x_wconf 90' lang='lat' dir='ltr'><strong>ut</strong></span> <span class='ocrx_word' id='word_1_288' title='bbox 1284 1960 1374 1998; x_wconf 79' lang='lat' dir='ltr'><strong>patet</strong></span> <span class='ocrx_word' id='word_1_289' title='bbox 1399 1957 1431 1988; x_wconf 88' lang='lat' dir='ltr'><strong>in</strong></span> 
     </span>
    </p>
   </div>
   <div class='ocr_carea' id='block_1_14' title="bbox 376 2005 1497 2047">
    <p class='ocr_par' dir='ltr' id='par_1_15' title="bbox 376 2005 1497 2047">
     <span class='ocr_line' id='line_1_42' title="bbox 376 2005 1497 2047; baseline -0.003 -8"><span class='ocrx_word' id='word_1_290' title='bbox 376 2007 480 2039; x_wconf 85' lang='lat' dir='ltr'><strong>rotulo</strong></span> <span class='ocrx_word' id='word_1_291' title='bbox 496 2007 572 2038; x_wconf 82' lang='lat' dir='ltr'><strong>anni</strong></span> <span class='ocrx_word' id='word_1_292' title='bbox 589 2006 788 2047; x_wconf 82' lang='lat' dir='ltr'><strong>precedentis</strong></span> <span class='ocrx_word' id='word_1_293' title='bbox 804 2005 864 2037; x_wconf 84' lang='lat' dir='ltr'><strong>hoc</strong></span> <span class='ocrx_word' id='word_1_294' title='bbox 887 2008 1083 2046; x_wconf 86' lang='lat' dir='ltr'><strong>computum.</strong></span> <span class='ocrx_word' id='word_1_295' title='bbox 1130 2005 1263 2037; x_wconf 82' lang='lat' dir='ltr'><strong>Summa</strong></span> <span class='ocrx_word' id='word_1_296' title='bbox 1285 2006 1434 2047; x_wconf 78' lang='lat' dir='ltr'><strong>arreragii</strong></span> <span class='ocrx_word' id='word_1_297' title='bbox 1491 2019 1497 2023; x_wconf 74' lang='grc'><em>·</em></span> 
     </span>
    </p>
   </div>
   <div class='ocr_carea' id='block_1_15' title="bbox 374 2061 1432 2146">
    <p class='ocr_par' dir='ltr' id='par_1_16' title="bbox 374 2061 1432 2146">
     <span class='ocr_line' id='line_1_43' title="bbox 374 2061 1432 2146; baseline -0.002 -8"><span class='ocrx_word' id='word_1_298' title='bbox 374 2061 511 2144; x_wconf 49' lang='grc' dir='ltr'><strong>Ρῆῗῗὲω,</strong></span> <span class='ocrx_word' id='word_1_299' title='bbox 527 2106 612 2137; x_wconf 88' lang='lat' dir='ltr'><strong>idem</strong></span> <span class='ocrx_word' id='word_1_300' title='bbox 629 2108 740 2137; x_wconf 78' lang='lat' dir='ltr'><strong>onerat</strong></span> <span class='ocrx_word' id='word_1_301' title='bbox 756 2116 788 2136; x_wconf 88' lang='lat' dir='ltr'><strong>se</strong></span> <span class='ocrx_word' id='word_1_302' title='bbox 804 2105 843 2136; x_wconf 84' lang='lat' dir='ltr'><strong>de</strong></span> <span class='ocrx_word' id='word_1_303' title='bbox 863 2104 960 2146; x_wconf 53' lang='lat' dir='ltr'><strong>jclxix</strong></span> <span class='ocrx_word' id='word_1_304' title='bbox 975 2105 1006 2136; x_wconf 75' lang='lat' dir='ltr'><strong>fi.</strong></span> <span class='ocrx_word' id='word_1_305' title='bbox 1030 2105 1076 2146; x_wconf 79' lang='lat' dir='ltr'><strong>iiij</strong></span> <span class='ocrx_word' id='word_1_306' title='bbox 1095 2109 1117 2136; x_wconf 69' lang='grc' dir='ltr'><strong>ἓ.</strong></span> <span class='ocrx_word' id='word_1_307' title='bbox 1134 2105 1155 2145; x_wconf 81' lang='lat' dir='ltr'><strong>ij</strong></span> <span class='ocrx_word' id='word_1_308' title='bbox 1174 2105 1202 2137; x_wconf 79' lang='lat' dir='ltr'><strong>d.</strong></span> <span class='ocrx_word' id='word_1_309' title='bbox 1220 2115 1276 2146; x_wconf 86' lang='lat' dir='ltr'><strong>per</strong></span> <span class='ocrx_word' id='word_1_310' title='bbox 1291 2105 1432 2146; x_wconf 79' lang='lat' dir='ltr'><strong>integras</strong></span> 
     </span>
    </p>
   </div>
   <div class='ocr_carea' id='block_1_16' title="bbox 373 2154 1494 2196">
    <p class='ocr_par' dir='ltr' id='par_1_17' title="bbox 373 2143 1551 2207">
     <span class='ocr_line' id='line_1_44' title="bbox 373 2154 1494 2196; baseline -0.002 -9"><span class='ocrx_word' id='word_1_311' title='bbox 373 2157 480 2188; x_wconf 77' lang='lat' dir='ltr'><strong>firmas</strong></span> <span class='ocrx_word' id='word_1_312' title='bbox 496 2156 630 2187; x_wconf 87' lang='lat' dir='ltr'><strong>dominii</strong></span> <span class='ocrx_word' id='word_1_313' title='bbox 646 2155 686 2187; x_wconf 84' lang='lat' dir='ltr'><strong>de</strong></span> <span class='ocrx_word' id='word_1_314' title='bbox 702 2155 841 2186; x_wconf 87' lang='lat' dir='ltr'><strong>Brechin</strong></span> <span class='ocrx_word' id='word_1_315' title='bbox 864 2158 897 2186; x_wconf 89' lang='lat' dir='ltr'><strong>et</strong></span> <span class='ocrx_word' id='word_1_316' title='bbox 927 2155 1053 2186; x_wconf 82' lang='lat' dir='ltr'><strong>Nevare</strong></span> <span class='ocrx_word' id='word_1_317' title='bbox 1080 2158 1189 2196; x_wconf 85' lang='lat' dir='ltr'><strong>preter</strong></span> <span class='ocrx_word' id='word_1_318' title='bbox 1214 2155 1322 2186; x_wconf 81' lang='lat' dir='ltr'><strong>firmas</strong></span> <span class='ocrx_word' id='word_1_319' title='bbox 1346 2155 1386 2186; x_wconf 90' lang='lat' dir='ltr'><strong>de</strong></span> <span class='ocrx_word' id='word_1_320' title='bbox 1401 2154 1431 2186; x_wconf 88' lang='lat' dir='ltr'><strong>le</strong></span> <span class='ocrx_word' id='word_1_321' title='bbox 1490 2167 1494 2170; x_wconf 74' lang='lat'><em>-</em></span> 
     </span>
    </p>
   </div>
   <div class='ocr_carea' id='block_1_17' title="bbox 372 2204 1430 2297">
    <p class='ocr_par' dir='ltr' id='par_1_18' title="bbox 372 2204 1430 2297">
     <span class='ocr_line' id='line_1_45' title="bbox 373 2204 1430 2246; baseline -0.003 -8"><span class='ocrx_word' id='word_1_322' title='bbox 373 2206 480 2238; x_wconf 82' lang='lat' dir='ltr'><strong>Halch</strong></span> <span class='ocrx_word' id='word_1_323' title='bbox 497 2206 536 2237; x_wconf 90' lang='lat' dir='ltr'><strong>de</strong></span> <span class='ocrx_word' id='word_1_324' title='bbox 560 2205 698 2237; x_wconf 85' lang='lat' dir='ltr'><strong>Breehin</strong></span> <span class='ocrx_word' id='word_1_325' title='bbox 721 2215 784 2246; x_wconf 89' lang='lat' dir='ltr'><strong>que</strong></span> <span class='ocrx_word' id='word_1_326' title='bbox 807 2204 994 2235; x_wconf 85' lang='lat' dir='ltr'><strong>assedantur</strong></span> <span class='ocrx_word' id='word_1_327' title='bbox 1017 2205 1050 2234; x_wconf 87' lang='lat' dir='ltr'><strong>in</strong></span> <span class='ocrx_word' id='word_1_328' title='bbox 1075 2204 1230 2241; x_wconf 80' lang='lat' dir='ltr'><strong>steflbow,</strong></span> <span class='ocrx_word' id='word_1_329' title='bbox 1246 2204 1286 2235; x_wconf 89' lang='lat' dir='ltr'><strong>de</strong></span> <span class='ocrx_word' id='word_1_330' title='bbox 1307 2204 1430 2235; x_wconf 81' lang='lat' dir='ltr'><strong>duobus</strong></span> 
     </span>
     <span class='ocr_line' id='line_1_46' title="bbox 372 2254 1430 2297; baseline -0.004 -9"><span class='ocrx_word' id='word_1_331' title='bbox 372 2256 518 2288; x_wconf 86' lang='lat' dir='ltr'><strong>terminis</strong></span> <span class='ocrx_word' id='word_1_332' title='bbox 533 2256 630 2297; x_wconf 88' lang='lat' dir='ltr'><strong>hujus</strong></span> <span class='ocrx_word' id='word_1_333' title='bbox 647 2254 796 2296; x_wconf 77' lang='lat' dir='ltr'><strong>computi.</strong></span> <span class='ocrx_word' id='word_1_334' title='bbox 843 2254 885 2285; x_wconf 85' lang='lat' dir='ltr'><strong>Et</strong></span> <span class='ocrx_word' id='word_1_335' title='bbox 902 2254 941 2285; x_wconf 92' lang='lat' dir='ltr'><strong>de</strong></span> <span class='ocrx_word' id='word_1_336' title='bbox 965 2254 1054 2294; x_wconf 78' lang='lat' dir='ltr'><strong>xxvij</strong></span> <span class='ocrx_word' id='word_1_337' title='bbox 1079 2254 1110 2284; x_wconf 68' lang='lat' dir='ltr'><strong>ri.</strong></span> <span class='ocrx_word' id='word_1_338' title='bbox 1136 2264 1156 2284; x_wconf 95' lang='lat' dir='ltr'><strong>v</strong></span> <span class='ocrx_word' id='word_1_339' title='bbox 1172 2258 1194 2285; x_wconf 80' lang='lat' dir='ltr'><strong>s.</strong></span> <span class='ocrx_word' id='word_1_340' title='bbox 1218 2263 1276 2295; x_wconf 85' lang='lat' dir='ltr'><strong>per</strong></span> <span class='ocrx_word' id='word_1_341' title='bbox 1292 2254 1430 2295; x_wconf 79' lang='lat' dir='ltr'><strong>integras</strong></span> 
     </span>
    </p>
   </div>
   <div class='ocr_carea' id='block_1_18' title="bbox 1445 308 1551 2462">
    <p class='ocr_par' dir='ltr' id='par_1_19' title="bbox 1445 308 1551 2462">
     <span class='ocr_line' id='line_1_47' title="bbox 1445 308 1551 2462; baseline 0 0"><span class='ocrx_word' id='word_1_342' title='bbox 1445 308 1551 2462; x_wconf 95' lang='lat' dir='ltr'><strong> </strong></span> 
     </span>
    </p>
   </div>
  </div>
 </body>
</html>
