1551 2462
170 699 237 722 Nota
246 706 290 728 pro
301 706 362 728 rege.

172 1183 337 1212 Respondebit

171 1213 189 1236 G
194 1213 271 1241 uthm,

170 1243 295 1265 rotuiator.

230 1293 275 1316 Do.

172 1741 369 1771 Superexposuit.

173 1881 278 1912 Panni

171 1924 257 1955 lanei
273 1924 312 1956 de

171 1968 363 2009 Edinburgh

1296 2 1303 13 ,·
1350 0 1383 10 vl
1393 0 1551 127 ἛἺ

1528 111 1530 113 >
1545 129 1551 145 1

1543 150 1551 183 ³.

1546 258 1551 274 ι

1547 311 1551 318 η

385 304 445 333 502
699 302 863 334 ROTULI
888 301 1124 333 SOAOCARH
1347 304 1438 335 1467.

383 405 441 436 pro
468 406 532 427 uno
557 395 654 427 calice
679 399 711 427 et
735 405 800 426 uno
827 395 1019 426 vestimento
1043 394 1186 427 liberatis
1213 394 1253 426 ad
1281 394 1437 436 capellam

385 445 507 476 domini
522 446 604 487 regis
620 446 655 477 in
671 449 773 477 castro
790 446 829 477 de
845 445 1043 486 Edinburgh,
1059 448 1096 475 ut
1118 448 1208 486 patet
1230 455 1287 486 per
1310 444 1438 476 easdem

385 495 494 526 literas
511 495 549 527 de
565 496 676 527 eodem
693 495 852 532 mandato,
868 495 902 535 iij
919 495 951 525 H.
969 505 989 525 x
1006 499 1028 526 s.
1046 494 1101 535 viij
1120 494 1148 525 d.
1194 495 1237 525 Et
1253 495 1366 531 eidem,
1381 505 1437 535 pro

385 545 530 581 cenubio,
546 555 652 586 panno
676 545 761 576 lineo
783 545 868 576 dicto
893 545 1057 582 bukrame,
1080 545 1171 581 ferro,
1187 547 1220 575 et
1243 544 1437 575 aliis‘neces-

386 594 486 631 sai-iis,
516 594 660 625 liberatis
684 594 768 625 dieto
784 595 914 626 Andree
940 595 979 625 ad
1001 594 1238 625 emendandum
1263 594 1438 625 tentorium

386 644 508 675 domini
524 644 606 685 regis
623 647 655 675 et
671 644 794 675 factura
811 645 906 675 unius
923 644 999 675 novi
1022 644 1154 685 canapei
1176 654 1233 685 pro
1257 644 1438 675 venacioni-

386 694 455 730 bus,
480 694 519 724 de
544 694 654 725 eodem
677 694 837 731 mandato,
862 705 883 725 x
905 693 937 724 li.
962 704 983 724 x
1001 698 1024 725 s.
1046 694 1115 734 jd„
1138 697 1171 724 et
1195 694 1438 725 memorandum

386 743 472 783 quod
488 743 595 774 omnia
610 743 672 774 ista
688 743 894 784 particularia
912 744 1118 780 continentur
1142 743 1176 774 in
1197 743 1335 784 quodam
1355 743 1438 774 libro

386 793 602 833 computantis
626 797 752 824 ostenso
772 803 867 834 super
890 798 1077 834 computum
1102 797 1134 824 et
1156 797 1341 825 remanente
1365 804 1439 825 cum

386 842 499 873 clerico
516 842 693 873 rotulorum
709 846 742 873 et
758 843 891 883 registri.
936 843 978 873 Et
1001 843 1114 881 eidem,
1135 854 1192 884 per
1214 843 1439 875 liberacionem

387 892 505 922 factam
551 892 679 923 domino
725 892 883 923 Edwardo
929 892 1057 930 Boncle‚
1102 893 1262 934 preposito
1307 893 1439 925 ecclesie

385 941 552 982 collegiate
569 940 685 973 Sancte
701 942 869 973 Trinitatis
884 952 982 983 prope
998 942 1197 983 Edinburgh‚
1214 953 1269 983 pro
1286 953 1350 974 uno
1362 954 1438 984 pare

386 1001 576 1032 organorum
593 991 633 1022 ad
649 991 772 1022 dictum
789 991 968 1033 collegium,
984 992 1023 1023 de
1039 992 1191 1023 mandato
1204 992 1326 1023 domini
1338 994 1440 1024 nostri

386 1041 467 1081 regis
498 1041 558 1072 sub
588 1041 712 1081 signeto
743 1044 775 1071 et
805 1041 1041 1082 subscripcioue
1072 1042 1110 1073 de
1133 1045 1292 1083 precepto,
1312 1046 1439 1074 ostenso

385 1100 482 1131 super
497 1094 694 1131 computum,
710 1101 731 1121 x
747 1090 779 1121 fi.
826 1091 868 1121 Et
891 1090 994 1123 eidem
1017 1092 1038 1122 J
1041 1092 1147 1128 acobo,
1163 1092 1206 1133 [to
1232 1091 1439 1132 Oomptroller,

408 1141 462 1179 ⁶24
477 1142 497 1171 1
501 1142 541 1172 Os.
559 1142 609 1172 θεῖ.
659 1141 701 1172 To
716 1141 786 1181 do.],
803 1141 837 1173 in
860 1144 931 1172 octo
948 1142 1061 1172 celdris
1086 1141 1240 1172 frumenti
1260 1141 1376 1182 emptis
1400 1142 1439 1173 ab

387 1190 501 1221 abbate
534 1190 649 1221 Sancte
674 1191 793 1228 Crucis,
824 1191 893 1232 ipso
924 1191 1100 1223 rotulatore
1123 1192 1246 1223 fatente
1275 1197 1440 1232 receptum

386 1250 481 1280 super
497 1243 693 1281 computum,
709 1240 754 1281 liij
773 1240 804 1271 ri.
822 1241 852 1281 vj
871 1245 893 1272 Ξ.
909 1241 963 1281 viij
976 1241 1014 1278 d„
1027 1251 1083 1282 pro
1099 1241 1215 1282 quibus
1228 1241 1440 1282 respondebit.

387 1290 446 1332 [To
465 1290 673 1330 Comptrolleo·‚
689 1291 764 1321 &29
781 1292 823 1321 038.
840 1291 906 1331 Sca]
953 1291 995 1321 Et
1010 1291 1123 1329 eidem,
1138 1301 1196 1332 pro
1219 1291 1311 1322 firma
1326 1290 1440 1322 domus

386 1339 443 1370 ubi
459 1343 682 1380 computantes
705 1340 865 1381 recipiunt
881 1351 938 1371 sua
954 1344 1103 1381 computa
1119 1341 1157 1372 de
1181 1351 1265 1372 anno
1288 1340 1439 1381 computi,

387 1389 422 1419 xl
437 1393 459 1420 s.
506 1390 549 1420 Et
565 1390 693 1427 eisdem,
709 1400 765 1430 pro
781 1400 838 1421 sex
854 1390 952 1430 petris
969 1391 1030 1421 eris
1041 1401 1098 1431 pro
1110 1390 1233 1421 duobus
1246 1390 1439 1431 ponderibus

387 1439 474 1469 eneis
506 1439 544 1470 de
576 1449 658 1470 novo
689 1440 791 1477 iactis,
823 1441 965 1481 precium
991 1444 1080 1481 petre
1103 1450 1159 1471 sex
1189 1440 1292 1477 solidi,
1316 1431 1440 1471 n'ecnon

387 1489 546 1529 stipendio
563 1489 754 1520 faeiencium
771 1489 855 1520 dicta
871 1490 1013 1530 pondera
1028 1490 1068 1520 ad
1085 1493 1222 1527 tronum,
1243 1499 1299 1530 pro
1323 1489 1440 1530 quibus

387 1541 529 1568 tronator
558 1538 770 1579 respondebit,
794 1539 838 1578 lvj
868 1543 890 1569 s.
937 1539 979 1570 Et
1002 1539 1087 1570 dicto
1114 1539 1244 1575 Jacobo,
1267 1549 1323 1579 per
1345 1539 1439 1570 liber-

387 1587 531 1618 acionem
555 1587 673 1618 factam
694 1588 855 1628 quondam
878 1588 1030 1628 magistro
1054 1588 1227 1626 Willelmo,
1251 1588 1382 1625 medico,
1405 1588 1440 1618 in

387 1637 480 1668 feodo
499 1647 555 1668 suo
572 1637 610 1668 de
627 1637 763 1668 termino
783 1637 891 1668 Sancti
916 1637 1051 1668 Martini
1074 1637 1158 1668 iufra
1181 1641 1376 1678 computum,
1399 1637 1439 1668 de

387 1687 539 1718 mandato
556 1687 677 1718 domiui
694 1687 795 1718 nostri
810 1688 892 1728 regis
909 1687 1084 1718 literatorio
1101 1688 1160 1719 sub
1176 1687 1308 1728 signeto,
1324 1687 1402 1728 xviij
1414 1691 1436 1718 s.

389 1737 419 1777 vj
437 1736 466 1768 d.
513 1737 571 1777 [To
587 1737 763 1767 nzwnberers
778 1737 901 1778 nffells,
917 1738 969 1768 ff]
988 1738 1034 1768 6s:
1046 1738 1096 1768 8d.
1142 1737 1229 1775 Sam,
1241 1738 1362 1769 3179&
1373 1738 1437 1768 183.

387 1787 437 1817 ἒιί.
483 1786 563 1817 said
578 1787 684 1817 James
699 1787 928 1827 ovorerpended,
943 1788 1020 1818 :3³70
1035 1788 1054 1817 I
1058 1788 1098 1818 Os.
1115 1787 1182 1828 5d.]

432 1886 628 1927 computum
658 1886 787 1918 Andree
815 1887 992 1918 Craufurde
1019 1889 1051 1918 et
1078 1886 1208 1927 Georgii
1234 1887 1439 1928 Pennycuke,

387 1936 656 1967 cnstumariorum
694 1937 794 1977 panni
829 1937 923 1975 lanei,
953 1937 1037 1974 salis,
1075 1940 1108 1968 et
1139 1936 1235 1967 brasii
1264 1937 1438 1978 Anglicani

387 1986 479 2026 burgi
505 1986 544 2016 de
569 1985 758 2027 Edinburgh
785 1990 817 2018 et
843 1992 954 2027 portus
982 1986 1021 2018 de
1045 1986 1147 2023 Leith,
1165 1986 1283 2027 [Per-tlt,
1304 1988 1327 2018 3
1353 1987 1438 2018 June

385 2036 480 2073 1467,
489 2036 580 2076 from
595 2036 639 2067 §35
657 2036 777 2067 Ocssober
792 2037 886 2074 1464.

431 2085 555 2125 Clmoyc.
600 2085 738 2116 Arrears
756 2086 793 2125 of
809 2086 881 2116 said
895 2085 1044 2123 Andrew,
1067 2087 1122 2117 „1:³7
1143 2087 1186 2124 45.
1210 2087 1261 2118 5d.
1274 2099 1287 2122 ,·
1311 2087 1349 2127 of
1364 2087 1436 2117 said

357 2146 360 2149 ·
386 2134 505 2174 Georgle,
520 2134 617 2174 2680}
665 2135 758 2172 Item,
771 2135 856 2166 idem
870 2135 1016 2166 Andreas
1034 2138 1144 2166 onerat
1161 2145 1194 2166 se
1210 2135 1249 2167 de
1262 2134 1392 2176 j⁰xxxiij
1405 2136 1437 2167 fi.

384 2184 415 2224 vj
428 2188 450 2214 ἓ.
465 2184 519 2224 viij
532 2183 559 2214 d.
574 2194 630 2224 per
640 2187 820 2215 custumam
834 2184 1042 2216 dimidietatis
1055 2185 1154 2225 panni
1167 2185 1252 2216 lanei
1263 2185 1438 2216 custumati

384 2234 538 2274 asportati
555 2238 644 2264 extra
660 2243 793 2274 regnum
809 2244 866 2274 per
889 2234 968 2265 duos
984 2233 1104 2275 primos
1121 2244 1223 2266 annos
1239 2234 1336 2275 hujus
1352 2244 1436 2265 com-
