1551 2462
362 329 423 358 444
672 327 838 359 ROTULI
862 327 1099 360 SOACCARH
1320 330 1379 359 146
1385 330 1402 360 7
1405 353 1411 359 .

361 420 463 456 annis,
495 420 539 462 xij
567 420 652 452 boile
683 421 775 452 ordei.
821 421 865 452 Et
895 420 1006 458 eidem,
1036 431 1094 462 pro
1123 420 1154 452 le
1181 420 1284 452 inlaik
1313 421 1412 452 brasii

360 471 473 502 intrati
503 471 538 502 in
568 470 691 512 granali
720 482 776 512 per
801 471 888 502 idem
918 475 1055 512 tempus,
1085 481 1125 502 ex
1155 471 1411 502 consideracione

360 521 552 559 auditorum,
567 521 590 562 ij
608 521 711 552 celdre
727 521 774 562 iiij
791 521 875 552 bolle
891 521 995 553 brasii.
1042 521 1174 552 Summa
1189 532 1410 562 expensarum,

360 570 442 612 xliiij
459 571 564 602 celdre
580 571 612 612 vj
629 571 713 602 boile
730 571 762 612 iij
785 571 905 602 ferlote.
951 571 994 601 Et
1017 571 1062 602 sic
1082 574 1204 602 restant
1224 571 1246 612 ij
1272 571 1375 602 celdre
1395 571 1408 612 j

360 620 446 651 boila
458 621 470 661 j
489 621 609 652 ferlota.

404 670 500 707 Item,
516 671 602 701 idem
618 673 727 701 onerat
743 680 776 701 se
795 670 834 702 de
857 671 878 711 ij
904 670 1018 702 celdris
1041 670 1143 702 farine
1167 670 1331 702 avenatice
1353 680 1411 711 per

362 720 518 760 arreragia
533 720 642 750 ultimi
658 720 800 760 computi
817 720 867 751 sui
883 720 998 751 redditi
1014 730 1097 751 anno
1113 720 1410 761 sexagesimosexto,

358 772 396 800 ut
411 773 500 810 patet
515 769 549 800 in
564 770 644 810 pede
661 770 811 811 ejusdem.
857 769 990 801 Summa
1006 770 1154 810 arreragii
1169 773 1265 810 patet.

400 819 493 856 Item,
509 819 593 850 idem
611 822 722 850 onerat
737 829 770 850 se
787 819 825 851 de
841 830 863 849 x
886 819 1000 851 celdris
1022 820 1068 860 xij
1085 819 1179 851 bonis
1196 819 1297 851 farine
1314 829 1410 850 aven-

357 869 438 900 atice
460 869 590 900 baronie
614 869 653 900 de
675 868 903 900 Bothkennare
926 869 965 900 de
988 879 1104 910 croppo
1128 869 1204 900 anni
1220 868 1409 910 sexagesimi

357 918 447 949 sexti.
494 918 626 949 Summa
662 921 758 959 patet.
805 918 938 949 Summa
967 918 1075 949 totalis
1106 918 1303 949 oneracionis
1334 929 1408 949 cum

358 968 532 1009 arreragiis,
548 968 592 1008 xij
610 967 715 998 celdre
731 968 775 1008 xij
793 967 877 998 bolle
895 968 995 998 farine
1011 968 1181 999 avenatice.
1214 969 1265 999 De
1281 968 1411 1008 quibus,

360 1017 494 1049 allocate
525 1017 725 1058 computanti
754 1027 811 1058 per
840 1017 1066 1048 liberacionem
1096 1017 1214 1048 factam
1247 1017 1407 1048 Malcomo

359 1068 494 1104 Froster,
511 1067 676 1098 forestario
693 1067 732 1098 de
747 1066 890 1103 Torwod,
912 1077 970 1107 pro
993 1066 1085 1098 feodo
1109 1077 1165 1098 suo
1189 1078 1246 1108 pro
1262 1067 1406 1098 custodia

142 1147 192 1170 Nt
267 1147 283 1169 d
357 1119 535 1147 martarum
557 1116 639 1157 regis
664 1120 696 1148 et
725 1116 864 1147 nemoris
887 1116 1023 1156 predicti
1046 1116 1085 1147 de
1112 1117 1236 1148 duobus
1262 1117 1408 1148 terminis

140 1154 304 1211 asspffiffsson
355 1166 452 1207 hujus
468 1166 609 1207 computi
627 1169 659 1197 et
682 1166 741 1197 sub
765 1165 905 1207 periculo
930 1166 1153 1207 computantis,
1177 1167 1186 1207 j
1210 1166 1322 1197 celdra.
1368 1167 1411 1197 Et

139 1207 343 1259 ssffi‘ffiassgnfitm,
357 1216 378 1247 J
381 1216 477 1247 acobo
500 1215 654 1253 Wilsone,
678 1215 833 1253 ortulano,
859 1226 917 1256 pro
944 1216 1089 1246 custodia
1114 1216 1240 1257 gardini
1255 1217 1290 1246 in
1306 1219 1408 1247 castro

141 1266 211 1289 ton'o.
356 1265 395 1297 de
412 1266 574 1303 Strivelin,
590 1266 629 1297 de
646 1266 730 1297 dicto
753 1276 837 1296 anno
853 1268 886 1296 et
901 1266 960 1297 sub
977 1265 1088 1297 eodem
1103 1265 1253 1306 periculo,
1266 1266 1279 1306 j
1296 1265 1409 1297 celdra.

355 1316 399 1346 Et
426 1316 546 1347 Jacobo
585 1316 696 1356 Mayn,
732 1326 773 1347 ex
802 1315 971 1347 elimosina
1001 1316 1123 1347 domini
1152 1315 1243 1356 regis,
1274 1315 1410 1347 durante

357 1366 525 1396 voluntate
552 1365 705 1406 ejusdem,
737 1365 776 1396 de
807 1365 892 1396 dicto
923 1376 1015 1403 anno,
1039 1365 1052 1406 j
1078 1365 1184 1399 celdra
1214 1365 1323 1397 farine.
1369 1366 1412 1396 Et

357 1415 490 1456 leprosis
506 1425 603 1456 prope
626 1415 762 1456 burgum
785 1415 825 1446 de
850 1415 1003 1447 Strivelin
1029 1426 1069 1447 ex
1093 1415 1259 1447 elimosina
1274 1416 1356 1457 regis
1371 1416 1412 1447 de

358 1465 443 1496 dicto
461 1475 553 1501 anno,
569 1465 625 1506 viij
651 1465 735 1496 boile
759 1465 868 1496 farine.
914 1465 957 1496 Et
979 1475 1036 1506 per
1050 1465 1276 1496 liberacionem
1291 1466 1410 1497 factam

359 1514 520 1555 vigilibus,
533 1514 736 1555 janitoribus,
758 1517 790 1545 et
812 1514 962 1555 garitario
986 1515 1063 1546 dicti
1087 1515 1183 1546 castri
1205 1515 1245 1546 de
1261 1515 1412 1546 mandato

359 1564 480 1595 domini
507 1564 588 1605 regis
613 1567 688 1595 ante
711 1564 879 1595 introitum
908 1564 1030 1595 domini
1056 1564 1238 1595 cancellarii
1262 1565 1297 1595 in
1324 1565 1410 1596 dicto

356 1616 468 1650 castro,
484 1613 518 1654 iij
536 1613 640 1644 celdre
655 1613 712 1653 viij
730 1613 814 1644 bolle
831 1613 939 1644 farine.
985 1614 1028 1644 Et
1050 1613 1194 1644 Johanni
1216 1614 1352 1652 Darach,
1368 1625 1408 1646 ex

356 1663 524 1695 elimosina
540 1662 661 1693 domini
677 1662 759 1703 regis
775 1662 911 1693 durante
927 1662 1093 1693 voluntate
1109 1662 1261 1703 ejusdem,
1277 1673 1408 1704 compu-

356 1717 463 1744 torum
485 1712 658 1743 rotulatore
680 1715 819 1743 testante
843 1711 1079 1743 concessionem
1102 1722 1197 1752 super
1213 1716 1410 1753 computum,

358 1763 397 1793 de
413 1773 497 1794 anno
514 1761 665 1802 computi,
681 1772 702 1792 x
718 1761 809 1792 bolle.
855 1762 898 1792 Et
921 1760 1025 1792 eidem
1048 1761 1070 1792 J
1073 1761 1169 1792 acobo
1191 1761 1337 1793 Wilsone
1353 1773 1410 1803 pro

357 1811 504 1843 custodia
530 1811 668 1852 granah's
693 1811 789 1841 castri
817 1810 855 1841 de
883 1809 1036 1841 Strivelin
1063 1810 1102 1842 de
1125 1820 1209 1841 anno
1232 1811 1410 1852 computi,j

359 1863 466 1894 celdra
481 1863 591 1900 farine,
615 1866 647 1894 et
662 1862 837 1903 precipitur
860 1862 1061 1902 computanti
1083 1861 1169 1903 quod
1192 1862 1330 1903 amplius
1346 1873 1411 1894 non

358 1913 462 1945 solvat
478 1913 563 1944 dicto
578 1912 699 1944 Jacobo
723 1912 786 1943 nisi
801 1922 858 1953 pro
880 1914 1015 1952 utroque
1031 1911 1133 1943 officio
1149 1922 1247 1942 unam
1263 1911 1411 1950 celdram,

356 1963 420 1994 nisi
435 1963 552 1994 habeat
575 1972 695 1993 novum
717 1961 914 1992 mandatum.
960 1961 1002 1992 Et
1025 1961 1171 2002 serjaudo
1193 1961 1232 1992 de
1248 1961 1411 1992 Bothken-

357 2024 433 2044 nare
460 2023 517 2054 pro
545 2012 637 2043 feodo
661 2022 717 2043 suo
741 2011 780 2042 (16
803 2021 886 2042 anno
910 2011 1060 2051 computi,
1091 2021 1132 2042 ex
1156 2010 1410 2042 consideracione

358 2063 549 2099 auditorum,
571 2063 583 2103 j
613 2061 727 2099 ceidra,
751 2064 784 2092 et
806 2061 955 2092 similiter
976 2061 1151 2102 precipitur
1172 2060 1258 2102 quod
1273 2060 1412 2102 amplius

359 2123 423 2144 non
455 2112 559 2143 solvat
589 2111 657 2142 sine
687 2121 771 2142 novo
808 2110 967 2141 mandato.
1028 2110 1161 2142 Summa
1198 2120 1410 2151 expensarum

363 2162 474 2200 farine,
490 2162 524 2192 ix
541 2161 645 2193 celdre
661 2171 683 2191 x
699 2160 790 2191 boile.
835 2160 879 2191 Et
894 2160 939 2191 sic
954 2162 1077 2191 restant
1089 2160 1102 2200 j
1120 2159 1226 2191 celdra
1242 2160 1264 2200 ij
1281 2159 1373 2191 bolle.
1427 2165 1429 2167 ’

142 2225 276 2299 Ξῖῗθῖἢ
404 2261 604 2302 Computum
620 2259 642 2291 J
644 2259 734 2291 acobi
745 2258 898 2300 Douglas‚
910 2257 1076 2290 camerarii
1088 2257 1209 2290 domini
1221 2257 1322 2290 nostri
1332 2257 1413 2299 regis

142 2311 296 2343 Moravie.
