1551 2462
88 290 178 319 1461.
267 274 269 276 ’
397 284 557 316 REGUM
581 282 826 316 SCOTORUM.
1070 283 1128 311 101

347 698 565 731 ccxxviii.
591 696 872 739 [ccxxxviii]

235 798 491 830 COMPUTUM
514 797 764 830 FIRMARUM
786 797 847 828 DE
870 796 978 827 FIFE.

523 905 585 929 A.D.
604 896 696 929 1461.

123 995 196 1026 [This
218 998 326 1020 account
347 995 444 1028 having
465 995 528 1020 been
552 995 701 1027 superseded
724 994 758 1026 by
779 994 822 1019 the
846 993 899 1018 Fife
919 995 1027 1018 account
1047 992 1073 1017 in
1094 991 1138 1017 the

91 1035 208 1067 previous
227 1034 275 1058 roll
297 1035 330 1067 (p.
353 1035 403 1065 70),
423 1035 484 1066 only
503 1034 547 1058 the
567 1034 657 1066 charge
680 1033 732 1057 side
751 1033 802 1057 and
825 1041 839 1057 a
859 1032 905 1056 few
923 1040 1038 1064 passages
1055 1031 1139 1056 whose

91 1076 188 1105 greater
199 1073 295 1097 fulness
306 1073 448 1098 warranted
460 1073 527 1097 their
539 1073 675 1104 repetition
687 1080 727 1096 are
739 1072 798 1095 here
809 1072 906 1103 given]

139 1167 330 1207 Compotum
347 1166 516 1198 Michaelis
540 1166 579 1197 de
601 1166 760 1203 Baliome,
782 1165 954 1206 receptoris
977 1165 1140 1195 firmarum
1154 1170 1253 1212 Fyffe‚

97 1216 225 1248 domine
240 1216 347 1257 regine
362 1216 533 1247 comitatus
549 1216 588 1247 de
604 1216 692 1253 Fiffe,
708 1215 870 1246 redditum
883 1215 967 1256 apud
981 1213 1143 1245 Faucland

98 1266 180 1306 xxij⁰
206 1265 258 1296 die
288 1265 407 1296 mensis
438 1258 604 1296 Februarii
634 1275 717 1296 anno
749 1269 806 1296 etc.
831 1264 908 1302 LX1⁰‚
932 1265 970 1295 de
994 1263 1143 1295 omnibus

97 1315 232 1355 receptis
249 1315 315 1345 suis
337 1318 370 1346 et
390 1314 537 1355 expensis
562 1324 619 1356 per
642 1314 747 1345 firmas
771 1315 973 1345 denariorum
996 1316 1029 1345 et
1052 1323 1144 1354 gran-

99 1375 189 1396 orum
220 1364 297 1395 dicti
334 1364 505 1395 comitatus
541 1374 558 1395 a
589 1364 640 1395 die
671 1364 737 1404 xvij
769 1364 887 1395 mensis
922 1363 1038 1395 Marcii
1068 1362 1145 1394 anni

98 1417 156 1446 etc.
173 1413 362 1454 sexagesimi
377 1423 478 1454 usque
494 1413 527 1444 in
544 1413 629 1444 diem
649 1413 790 1454 primum
810 1413 930 1444 mensis
953 1412 1145 1444 Novembris

99 1462 175 1495 anni
191 1466 248 1494 etc.
265 1463 455 1504 sexagesimi
469 1463 575 1503 primi,
591 1466 623 1493 et
639 1463 685 1493 sic
701 1463 740 1494 de
756 1473 820 1493 uno
836 1463 981 1493 termino.

143 1512 236 1544 Idem
262 1515 372 1543 onerat
396 1522 429 1543 se
451 1512 486 1542 in
513 1512 625 1553 primis
648 1512 686 1543 de
710 1513 742 1553 xj
760 1516 783 1544 Ξ.
799 1512 843 1553 vij
861 1512 890 1543 d.
914 1522 970 1553 per
992 1511 1147 1552 arreragia

101 1562 208 1593 ultimi
227 1562 366 1603 compoti
390 1561 449 1598 sui,
475 1564 512 1592 ut
537 1565 627 1602 patet
650 1562 685 1596 in
712 1562 791 1603 pede
818 1562 969 1603 ejusdem.
1015 1561 1147 1593 Summa

100 1611 196 1652 hujus
213 1611 360 1653 arreragii
376 1614 471 1652 patet.

145 1661 236 1692 Idem
255 1664 366 1692 onerat
388 1671 422 1692 se
445 1661 484 1692 de
507 1661 584 1702 xxxj
609 1661 723 1692 celdris
747 1662 778 1702 vj
803 1662 896 1693 bouis
919 1662 953 1703 iij
979 1661 1102 1693 ferlotis
1124 1660 1147 1700 ij

102 1711 211 1753 peckis
227 1711 380 1742 frumenti
395 1721 451 1751 per
466 1711 622 1752 arreragia
637 1711 745 1742 ultimi
769 1712 905 1753 compoti
928 1712 987 1749 sui,
1002 1716 1039 1743 ut
1060 1715 1150 1752 patet

103 1760 138 1791 in
152 1760 233 1801 pede
249 1760 400 1801 ejusdem.
446 1760 538 1793 Idem
554 1764 664 1791 onerat
679 1771 712 1792 se
736 1761 774 1792 de
792 1761 840 1792 lix
862 1762 976 1793 celdris
993 1762 1037 1803 xij
1055 1762 1149 1793 bellis

101 1809 114 1850 j
131 1809 244 1841 ferlota
258 1810 280 1850 ij
298 1810 407 1850 peckis
423 1809 510 1844 ordei
525 1820 582 1851 per
600 1811 754 1851 arreragia
776 1811 854 1842 dicti
877 1812 1015 1853 compoti
1039 1813 1097 1848 sui,
1113 1816 1150 1843 ut,

104 1862 193 1900 patet
208 1859 355 1891 similiter
370 1859 403 1892 in
420 1859 500 1900 pede
516 1859 666 1900 ejusdem.
712 1861 804 1891 Idem
820 1865 930 1892 onerat
945 1872 978 1893 se
994 1862 1034 1893 de
1056 1862 1148 1903 xlviij

106 1908 221 1940 celdris
235 1909 279 1949 vij
298 1908 391 1940 bollis
405 1909 416 1949 j
435 1909 549 1940 ferlota
564 1909 586 1950 ij
604 1910 713 1950 peckis
729 1921 803 1941 cum
826 1911 902 1942 bina
924 1916 1014 1952 parte
1037 1912 1150 1943 ferlote

106 1968 278 1989 avenarum
293 1968 351 1999 per
366 1959 522 1999 arreragia
538 1959 614 1990 dicti
630 1960 769 2000 compoti
785 1961 843 1997 sui,
859 1965 896 1991 ut
911 1964 1000 2002 patet
1015 1961 1049 1992 in
1070 1961 1150 2001 pede

103 2007 253 2048 ejusdem.

150 2056 243 2094 Item,
273 2056 359 2088 idem
389 2060 500 2088 onerat
529 2068 562 2089 se
593 2058 632 2089 de
662 2059 694 2098 vj
723 2058 753 2089 fi.
787 2069 829 2090 xv
859 2063 882 2090 s.
914 2069 970 2099 per
994 2059 1151 2100 integram

108 2116 266 2138 summam
282 2106 415 2147 pecunie
431 2106 538 2137 debite
554 2107 593 2138 de
608 2107 711 2147 prima
727 2111 816 2148 parte
839 2108 878 2139 de
901 2108 1151 2150 Uchtermukty,

107 2155 213 2187 debite
228 2155 267 2186 de
282 2156 418 2187 termino
435 2156 661 2188 Penthecostes
676 2157 761 2188 infra
776 2157 835 2188 hoc
855 2161 1046 2198 compotum,
1063 2159 1152 2190 firme

109 2214 183 2236 vero
198 2205 349 2246 ejusdem,
365 2205 515 2237 videlicet
527 2206 540 2246 j
558 2206 662 2237 celdra
678 2207 710 2247 xj
728 2207 810 2238 bolle
830 2207 980 2238 frumenti
1003 2208 1024 2248 ij
1048 2209 1152 2240 celdre
