1551 2462
345 211 407 240 240
657 209 821 241 ROTULI
846 209 1081 241 SCACOARH
1304 213 1396 242 1464.

344 302 420 344 quia
435 305 514 334 tunc
536 302 679 334 redditur
701 305 835 334 tantum.
881 303 924 334 Et
947 303 986 334 de
1010 313 1031 334 x
1054 302 1150 334 bollis
1173 313 1347 335 avenarum
1362 307 1395 335 et

344 352 467 384 duabus
480 352 634 384 duodenis
644 353 836 394 gallinarum
849 353 964 384 debitis
975 353 1014 384 de
1024 353 1116 384 terris
1127 353 1166 384 de
1176 353 1394 385 Kindrocbate

343 401 383 433 de
399 402 538 433 dominio
555 402 593 433 de
611 403 750 434 Brechin
767 403 805 434 de
816 403 901 434 dicto
911 403 1054 434 termino.
1100 404 1143 434 Et
1159 403 1197 434 de
1210 403 1242 434 vc
1253 403 1394 444 piscibus

343 451 440 483 aridis
455 452 555 483 annui
571 452 714 484 redditus
730 452 769 484 de
790 453 955 484 Montrose
972 453 1010 484 de
1029 453 1139 484 eodem
1155 453 1300 491 termino,
1317 453 1393 495 quia

342 507 421 533 tuuc
443 502 587 533 redditur
612 505 747 533 tantum.
793 502 836 533 Et
862 502 900 533 de
925 502 970 542 xij
997 502 1088 533 ferris
1113 513 1267 544 equorum
1294 503 1394 534 annui

343 551 485 582 redditus
508 552 674 592 cujusdam
701 556 783 583 terre
809 552 984 592 spectantis
1012 552 1187 583 Laurencio
1213 553 1337 594 Smyth‚
1353 553 1394 584 de

343 601 479 632 termino
504 602 682 633 nativitatis
710 602 819 633 Sancti
841 602 999 633 <Iohannis
1031 602 1186 643 Baptiste,
1217 603 1293 644 quia
1316 606 1393 634 tunc

342 651 486 682 redditur
501 654 636 682 tantum.
669 651 800 682 Summa
815 651 912 692 hujus
928 652 1039 689 oneris,
1055 651 1180 692 lxxxvij
1198 651 1228 682 fi.
1246 652 1313 693 xxij
1331 652 1359 683 d.
1372 663 1393 683 x

342 700 427 731 bolle
442 710 615 731 avenarum
631 701 653 741 ij
671 701 815 731 duodene
831 700 1023 741 gallinarum
1038 701 1084 741 xij
1102 701 1178 732 ferri
1194 711 1348 742 equorum
1362 700 1394 732 ve

342 751 445 791 pisces
476 750 563 781 aridi.
610 751 742 781 Summa
764 750 873 781 totalis
896 751 1091 782 oneracionis
1115 761 1189 782 oum
1219 751 1392 791 arreragiis,

342 800 480 841 lxxxviij
497 800 528 832 fi.
547 800 623 841 xviij
641 805 663 831 ἔ.
681 801 713 841 xj
731 800 758 831 d.
777 801 824 832 ob.
836 811 880 832 xx
895 801 979 832 holle
996 810 1168 832 avenarum
1185 801 1230 842 iiij
1248 800 1392 832 duodene

343 850 536 890 gallinarum
552 851 642 890 xxiiij
661 850 742 881 ferra
757 860 910 891 equorum
927 849 960 880 v⁰
974 850 1076 891 pisces
1093 850 1180 881 aridi.

387 900 429 930 Et
454 910 516 931 non
542 903 651 931 onerat
681 910 714 931 se
738 900 776 931 de
799 900 899 930 firmis
921 902 1078 931 terrarum
1109 900 1147 931 de
1170 900 1200 931 lc
1223 900 1330 931 Halcb
1354 901 1392 931 de

343 946 491 987 Brechin,
521 959 583 990 que
614 949 801 980 assedantur
838 949 878 980 ad
902 949 1046 980 steilbow
1076 959 1132 990 pro
1159 950 1171 990 j
1201 949 1306 981 celdra
1336 950 1391 990 viij

342 998 437 1029 bouis
461 999 613 1029 frumenti
630 999 652 1039 ij
670 998 783 1030 celdris
804 999 850 1039 iiij
868 998 961 1029 bollis
977 998 1064 1029 ordei
1087 999 1120 1039 iij
1138 998 1252 1030 celdris
1275 999 1393 1030 farrine

342 1049 507 1079 avenatice
523 1048 567 1088 xij
585 1048 683 1088 petris
707 1048 779 1079 lane
803 1052 932 1079 centum
956 1048 1045 1089 agnis
1068 1047 1279 1089 quadraginta
1293 1049 1393 1089 petris

129 1092 318 1145 fflssffinggrshssft
343 1098 428 1135 casii,
444 1108 480 1129 eo
497 1098 582 1138 quod
606 1097 712 1128 David
736 1098 954 1139 Scrimgeoure
977 1097 1166 1128 intromittit
1183 1107 1258 1128 cum
1273 1097 1393 1129 eisdem

131 1159 213 1182 geour.
342 1151 374 1179 et
390 1158 463 1178 cum
481 1148 596 1188 quibus
613 1147 791 1179 onerandus
815 1150 871 1185 est,
887 1150 924 1178 ut
947 1147 1059 1178 asserit
1082 1150 1277 1188 computans
1323 1147 1393 1178 Nec

342 1198 381 1229 de
397 1198 652 1239 quibuscumque
669 1197 740 1229 aliis
763 1197 886 1235 wardis,
907 1197 1044 1234 releviis,
1066 1197 1249 1238 maritagiis,
1266 1197 1392 1235 finibus,

342 1247 506 1285 eschaetis,
523 1251 579 1279 aut
605 1247 745 1278 exitibus
769 1247 865 1278 officii
888 1246 947 1284 sui,
963 1247 1039 1287 quia
1064 1247 1165 1278 nichil
1188 1247 1260 1288 plus
1277 1247 1393 1278 accidit

342 1308 400 1328 nec
417 1297 456 1328 ad
473 1308 568 1328 usum
590 1307 685 1328 suum
708 1297 846 1334 devenit,
869 1299 907 1328 ut
932 1297 1044 1328 asserit
1070 1300 1258 1337 computans
1284 1297 1319 1327 in
1335 1307 1392 1328 suo

342 1351 547 1378 sacramento.

386 1397 534 1437 Expense
551 1397 700 1437 ejusdem.
747 1397 788 1427 In
810 1396 931 1437 primis,
955 1395 1088 1428 allocate
1112 1396 1312 1438 computanti
1334 1406 1391 1437 pro

343 1456 450 1476 annuo
479 1445 606 1476 redditu
637 1445 745 1477 debito
776 1445 873 1486 priori
903 1445 941 1476 de
980 1445 1130 1476 Rostinot
1160 1446 1199 1476 de
1229 1446 1320 1477 terris
1351 1445 1390 1476 de

342 1494 561 1532 Balnabreich,
577 1494 765 1536 percipienti
781 1494 947 1525 annuatim
970 1494 1180 1535 quadraginta
1202 1504 1258 1525 sex
1274 1494 1391 1526 solidos

344 1548 414 1575 octo
441 1544 595 1581 denarios,
621 1544 771 1575 videlicet
796 1544 831 1574 in
858 1543 994 1574 termino
1018 1544 1128 1576 Sancti
1150 1544 1286 1574 Martini
1310 1543 1390 1575 duas

342 1604 462 1625 marcas
479 1597 511 1624 et
526 1593 560 1624 in
576 1594 712 1626 termino
728 1593 954 1624 Penthecostes
971 1593 1086 1634 viginti
1109 1593 1233 1631 solidos,
1250 1593 1289 1625 de
1305 1593 1390 1624 dicto

342 1644 479 1675 termino
503 1643 644 1684 computi
660 1643 720 1674 sub
735 1642 876 1683 periculo
899 1643 1122 1684 computantis,
1145 1644 1221 1683 xxvj
1247 1647 1268 1674 Ξ.
1287 1643 1341 1683 viij
1359 1642 1388 1674 d.

341 1694 385 1725 Et
399 1694 508 1725 abbati
523 1693 561 1724 de
578 1693 692 1734 Cupro,
708 1692 897 1733 percipienti
919 1693 1086 1723 annuatim
1109 1703 1164 1724 sex
1188 1692 1304 1723 solidos
1321 1695 1390 1723 octo

343 1743 488 1775 denarios
504 1743 543 1774 de
560 1753 666 1774 annuo
688 1742 814 1773 redditu
838 1741 960 1772 fabrilis
984 1742 1022 1773 de
1046 1741 1182 1775 Brecbin
1206 1742 1267 1773 sibi
1283 1741 1390 1773 debito

342 1793 382 1824 dc
398 1793 483 1824 dicto
499 1792 636 1823 termino
652 1792 711 1823 sub
728 1791 838 1822 eodem
853 1791 1002 1832 periculo,
1018 1791 1051 1832 iij
1066 1796 1088 1823 Ξ.
1100 1792 1145 1833 iiij
1163 1792 1191 1823 d.
1237 1792 1279 1822 Et
1291 1791 1391 1823 Alex-

344 1843 443 1873 andro
459 1842 498 1873 de
515 1842 661 1880 Sctoune,
671 1841 859 1882 percipienti
872 1842 1037 1872 annuatim
1050 1842 1260 1883 quadraginta
1273 1841 1390 1873 solidos

344 1893 383 1923 de
396 1893 487 1924 terris
499 1892 538 1923 de
549 1892 690 1932 Kincrag
699 1902 755 1932 pro
767 1901 872 1922 annuo
882 1891 1009 1922 redditu
1019 1892 1079 1922 sibi
1091 1891 1198 1923 debito
1210 1892 1249 1923 de
1261 1891 1390 1929 eisdem,

344 1942 383 1973 de
400 1942 511 1973 eodem
526 1942 662 1973 termino
679 1945 710 1972 et
726 1941 785 1972 sub
801 1941 910 1972 eodem
930 1941 1080 1981 periculo,
1100 1952 1143 1972 xx
1159 1945 1181 1973 s.
1228 1942 1271 1972 Et
1293 1941 1390 1982 priori

344 1993 383 2023 de
400 1992 556 2029 Rostinoa
571 2001 628 2032 pro
652 1990 799 2022 secundis
822 1990 952 2022 decimis
976 1991 1037 2022 sibi
1059 1990 1176 2022 debitis
1200 1991 1238 2022 de
1265 2001 1390 2022 summa

345 2042 541 2073 oneracionis
557 2041 698 2082 predicta
714 2040 753 2072 de
768 2040 904 2071 termino
920 2040 1017 2081 hujus
1040 2041 1190 2081 computi,
1213 2041 1257 2081 vij
1274 2041 1305 2071 fi.
1329 2051 1350 2071 x
1365 2045 1389 2072 ἓ.

345 2103 365 2122 x
389 2092 418 2123 d.
463 2092 506 2122 Et
529 2102 584 2133 pro
608 2090 754 2122 secundis
777 2090 908 2121 decimis
933 2090 971 2121 de
997 2090 1028 2122 le
1051 2090 1158 2121 Halch
1185 2090 1224 2122 de
1251 2091 1390 2122 Brechin

344 2142 488 2173 assedato
504 2142 544 2173 ad
568 2141 720 2173 stelebow
735 2151 792 2183 pro
808 2140 1011 2177 victualibus,
1035 2151 1096 2182 que
1119 2141 1287 2172 annuatim
1310 2141 1389 2172 sole—
