1551 2462
118 308 232 341 Carrio.

333 211 349 239 2
356 210 394 239 60
637 208 801 239 ROTULI
826 208 1063 240 SOACCARII
1294 210 1308 238 l
1315 210 1385 239 464.

376 301 575 342 Computum
592 301 731 333 Gilberti
747 301 870 333 domini
885 301 1056 342 Kennedy,
1071 301 1184 332 ballivi
1208 301 1247 332 de
1269 301 1387 339 Carrio,

333 351 541 392 [Edinbur‘qlss
573 351 616 389 24
649 351 769 382 October
807 352 903 390 1464,
932 352 1022 392 from
1061 352 1106 383 26
1142 351 1254 382 March
1291 351 1387 389 1460,

333 400 461 441 Twms]

376 450 468 481 Idem
484 453 595 481 onerat]
611 460 643 481 se
659 450 694 481 in
710 450 821 491 primis
837 450 876 481 de
891 449 948 481 lxv
964 449 995 480 fi.
1013 450 1044 490 vj
1064 454 1086 481 ἔ.
1104 449 1160 490 viij
1180 449 1209 481 d.
1226 449 1265 481 de
1286 449 1387 481 firmis

332 503 490 531 terrarum
506 499 545 531 de
571 499 782 531 Gervanhede
807 499 845 531 de
869 499 1015 532 terminis
1039 499 1136 540 hujus
1158 499 1309 540 computi,
1325 510 1386 540 que

333 559 367 580 se
398 549 576 586 extendunt
606 549 640 580 in
667 559 750 580 anno
781 549 821 580 ad
850 549 967 590 viginti
997 552 1067 581 octo
1099 559 1229 581 mareas.
1274 549 1318 580 Et
1347 549 1387 581 de

334 609 423 629 xxxv
438 598 469 629 fi.
487 598 526 629 de
543 599 641 630 firmis
654 602 811 630 terrarum
827 599 866 630 de
881 599 1049 640 Turnbery
1067 599 1105 630 de
1121 599 1215 630 dictis
1232 599 1386 630 terminis.

333 648 377 679 Et
392 648 431 679 de
447 648 502 688 lvij
519 647 552 679 n.
569 648 604 688 iij
622 652 644 679 s.
662 648 708 688 iiij
726 648 755 680 d.
773 648 812 679 de
828 648 928 679 firmis
944 651 1102 679 terrarum
1126 648 1165 679 de
1188 648 1388 680 Dundonald

334 698 373 729 de
390 697 483 729 dietis
502 698 656 735 terminis,
680 708 742 738 que
765 701 842 729 sunt
865 698 903 728 de
926 697 1120 738 proprietate
1143 698 1266 729 domini
1296 698 1387 739 regis.

333 748 377 778 Et
392 747 431 779 de
447 747 526 788 xxiij
540 747 572 778 n'.
586 748 618 788 vj
629 751 652 778 s.
664 748 720 788 viij
738 747 767 778 d.
785 747 823 778 de
836 747 936 778 firmis
949 750 1107 781 terrarum
1117 747 1155 778 de
1169 748 1387 789 Traboyauch,

333 796 485 828 videlicet
515 796 613 828 tercie
643 797 744 837 partis
774 796 927 837 ejusdem,
957 796 996 828 de
1027 796 1121 831 dictis
1145 797 1299 829 terminis.
1344 798 1388 829 Et

335 846 436 877 nichil
460 846 513 878 hic
538 846 577 877 de
602 846 665 877 alia
688 845 787 878 tercia
810 856 872 887 que
896 845 974 879 alias
997 856 1146 879 concessa
1176 847 1239 879 fuit
1265 847 1386 879 Jacobo

336 896 480 933 Stewarb,
503 898 536 927 eb
559 898 749 936 computans
773 895 885 926 asserit
908 905 941 926 se
964 895 1078 929 emisse
1101 897 1141 928 ab
1164 907 1209 928 60.
1255 897 1388 928 Summa

334 946 444 977 totalis
460 945 657 977 oneraoionis
672 944 881 985 precedentis,
894 943 1002 985 j⁰lxxx
1016 945 1048 978 Ε,
1065 946 1120 987 xvj
1137 950 1161 978 ἓ.
1178 946 1233 988 viij
1251 945 1280 978 ἃ.

379 996 473 1032 Item,
503 995 589 1026 idem
620 998 731 1025 onerat
761 1004 794 1025 se
825 994 863 1025 de
893 994 962 1025 vn.
993 995 1026 1035 iij
1044 999 1067 1027 ἒ.
1091 995 1139 1036 iiij
1163 995 1192 1030 d.
1217 995 1256 1027 de
1286 995 1387 1028 firmis

336 1044 549 1086 quadraginta
577 1044 785 1076 solidatarum
816 1047 972 1078 terrarum
1003 1044 1042 1076 de
1073 1044 1151 1076 Cofe
1181 1047 1214 1079 et,
1244 1045 1388 1086 quinque

335 1097 550 1125 mareatarum
565 1097 647 1125 terre
664 1094 703 1124 de
719 1093 860 1131 Killeke,
877 1096 909 1127 et
925 1097 1055 1125 centum
1078 1094 1287 1126 solidatarum
1304 1097 1387 1127 terre

336 1144 376 1175 de
391 1143 635 1184 Ellirkynnach,
652 1143 865 1175 existencium
880 1143 915 1174 in
931 1144 1080 1176 manibus
1096 1145 1178 1186 regis
1195 1144 1234 1176 de
1249 1145 1387 1176 termino

336 1194 564 1225 Penthecostes
581 1193 658 1224 anni
673 1193 807 1224 Domini
823 1197 880 1228 eto.
897 1195 1086 1235 sexagesimi
1105 1194 1246 1232 secundi,
1269 1194 1388 1226 saisina

335 1254 400 1275 non
423 1246 608 1285 recuperata
635 1243 674 1274 de
697 1243 825 1277 eisdem.
871 1244 914 1275 Et
936 1244 975 1276 de
1002 1255 1024 1278 X
1044 1244 1075 1275 n.
1102 1245 1135 1285 vj
1164 1248 1186 1276 s.
1211 1245 1267 1286 viij
1295 1244 1323 1276 d.
1348 1245 1387 1276 de

334 1293 453 1324 relevio
469 1293 627 1325 dictarum
642 1296 799 1325 terrarum
815 1293 880 1335 regi
896 1294 1003 1325 debito
1025 1304 1082 1335 per
1104 1294 1255 1327 saisinam
1279 1294 1388 1328 datam

335 1342 481 1373 Gilberto
498 1343 660 1383 Kennedy
676 1343 714 1374 de
731 1342 858 1375 eisdem.
905 1343 947 1375 Et
962 1343 1002 1375 de
1019 1344 1050 1384 vj
1066 1343 1098 1374 fi.
1116 1343 1173 1384 xiij
1191 1347 1214 1374 ἔ.
1231 1343 1278 1385 iiij
1295 1343 1323 1374 d.
1348 1343 1387 1375 de

335 1391 454 1422 relevio
469 1395 626 1423 terrarum
650 1392 689 1423 de
712 1392 920 1430 Achcaltane‚
936 1393 1002 1434 regi
1025 1393 1133 1424 debito
1156 1403 1213 1434 per
1235 1393 1387 1424 saisinam

334 1441 444 1471 datam
475 1441 610 1482 Georgio
640 1441 802 1482 Kennedy
833 1441 872 1472 de
903 1442 1031 1473 eisdem.
1075 1442 1118 1473 Et
1148 1442 1187 1473 de
1209 1442 1231 1482 ij
1257 1442 1387 1483 paribus

334 1489 567 1521 cirotheoarum
598 1490 744 1521 albarum
773 1500 830 1530 per
860 1490 1116 1531 duplicaoionem
1151 1490 1314 1522 albefirme
1346 1490 1386 1523 de

333 1539 426 1570 terris
449 1539 488 1570 de
512 1539 668 1580 Aetiquin
692 1549 749 1581 per
774 1539 925 1572 saisinam
944 1539 1053 1571 datam
1077 1540 1162 1572 dicto
1187 1539 1323 1581 Georgio
1347 1540 1387 1571 de

334 1588 461 1620 eisdem.
507 1588 550 1619 Et
588 1588 627 1619 de
658 1588 680 1629 ij
712 1588 842 1628 paribus
880 1588 1111 1621 cirotheearum
1149 1589 1291 1620 albarum
1331 1599 1387 1630 per
1429 1581 1432 1585 ’

334 1637 590 1678 duplieaeionem
615 1637 686 1668 albe
702 1637 792 1669 firme
814 1638 881 1679 regi
897 1638 1003 1670 debitae
1027 1649 1084 1679 per
1099 1639 1252 1670 saisinam
1278 1638 1387 1670 datam

333 1687 478 1718 ι1011611111
507 1687 705 1728 Fergussone
736 1687 774 1718 (16
805 1687 933 1719 eisdem.
980 1688 1112 1719 Summa
1145 1688 1242 1729 hujus
1273 1689 1386 1726 oneris,

333 1737 400 1777 xxij
420 1735 453 1768 n’.
469 1736 504 1777 iij
517 1740 539 1767 ἒ.
557 1736 604 1776 iiij
621 1736 651 1767 d.
672 1736 718 1777 iiij
736 1737 826 1777 paria
842 1737 1082 1770 cirothecarum.
1129 1738 1261 1769 Summa
1275 1738 1386 1770 totalis

332 1785 539 1823 oneracionis‚
554 1784 625 1826 ij⁰iij
642 1785 673 1816 11⁴.
691 1785 737 1826 iiij
755 1786 843 1826 paria
859 1787 1097 1819 cirothecarum.

375 1835 418 1866 Et
434 1845 499 1866 non
515 1837 625 1866 onerat
648 1844 682 1866 se
705 1834 744 1866 de
767 1835 867 1867 firmis
889 1839 1048 1867 terrarum
1071 1836 1110 1868 de
1134 1836 1386 1869 Glensthechare

332 1883 524 1925 M‘Kemyn,
547 1894 606 1914 1160
629 1883 668 1914 (16
691 1883 792 1914 firmis
815 1886 973 1916 terrarum
996 1885 1035 1916 de
1053 1885 1202 1923 Culzane,
1224 1886 1385 1917 Auchtin·

331 1933 436 1970 loune,
453 1933 642 1970 Lesinhane,
658 1936 690 1963 ei:
710 1933 920 1971 Cardoucum,
943 1934 1155 1966 existencium
1178 1935 1213 1966 in
1236 1935 1384 1967 manibus

330 1983 412 2024 regis
429 1993 485 2024 per
500 1982 643 2024 spacium
660 1993 775 2014 novem
792 1993 957 2020 annorum,
973 1994 1036 2025 que
1059 1984 1278 2016 conceduntur
1297 1995 1382 2016 com-

331 2033 460 2073 putanti
476 2043 532 2073 per
547 2032 655 2063 literas
672 2032 794 2063 domini
808 2033 891 2073 regis
907 2033 966 2064 sub
982 2033 1107 2074 privato
1131 2038 1273 2066 ostensas
1289 2045 1384 2076 super

332 2085 527 2122 computum.
574 2081 642 2112 Nee
660 2081 698 2112 de
716 2081 877 2122 aliquibus
893 2081 964 2113 aliis
988 2082 1112 2121 wardis,
1135 2083 1271 2121 releviis,
1287 2084 1381 2115 mari-

331 2131 434 2172 tagiis,
450 2131 577 2168 finibus,
595 2131 761 2168 esoheatis,
777 2134 833 2162 aut
849 2131 989 2163 exitibus
1007 2132 1092 2164 curie
1108 2143 1174 2172 sue,
1190 2133 1266 2174 quia
1281 2133 1383 2168 nichil
