1551 2462
142 287 155 314 1
163 286 232 315 466.
451 280 612 313 REGUM
636 280 883 312 SCOTORUM.
1128 283 1144 311 3
1151 282 1166 310 9
1173 282 1189 311 T

185 378 307 418 Charqe.
352 377 498 413 Arrears,
513 377 590 408 „4363
605 377 668 407 173.
686 376 746 413 8ιῖ.,
761 376 783 406 8
799 375 871 406 bolls
887 375 974 412 malt,
990 376 1031 405 11
1048 375 1169 415 mart-s]

185 428 277 465 Item,
300 427 384 458 idem
408 430 519 458 onerat
541 436 574 457 se
598 426 636 457 de
659 425 811 467 iij⁰lxxxij
829 425 860 456 fi.
885 426 939 466 xvj
961 429 983 456 ἔ.
1009 426 1063 465 viij
1082 425 1110 456 d.
1136 425 1191 466 viij

140 478 234 510 bollis
251 477 347 508 brasii
365 477 394 517 xj
412 476 524 507 martis
540 486 597 516 per
612 476 750 516 integras
767 475 875 506 firmas
897 475 998 506 tocius
1022 475 1194 505 comitatus

141 527 180 559 de
211 527 395 558 Stratherne
426 526 465 557 de
498 525 622 556 duobus
652 525 797 556 terminis
828 524 926 565 hujus
957 524 1108 565 computi,
1132 534 1194 564 que

141 576 376 618 particulariter
413 575 637 606 describuntur
666 575 701 605 in
738 574 842 605 rotulo
872 574 949 605 anni
986 573 1193 614 precedent-is.

143 627 235 663 Item,
261 626 346 657 idem
377 629 489 656 onerat
519 635 552 656 se
583 624 622 655 de
649 623 789 665 j⁰lxxxxj
815 623 846 654 Π.
879 624 934 664 viij
960 627 981 654 s.
1007 623 1052 663 iiij
1078 622 1105 653 d.
1139 633 1196 663 per

142 676 281 717 integras
304 675 412 706 firmas
442 675 520 705 dicti
543 674 713 705 comitatus
737 674 776 705 de
806 674 944 704 termino
968 673 1196 704 Penthecostes

143 726 219 757 anni
241 725 373 756 Domini
396 728 454 756 etc.
478 724 667 765 sexagesimi
690 723 806 764 quarti,
829 734 902 754 cum
919 733 982 764 quo
1005 725 1196 763 computans

142 775 324 812 intromisit,
340 785 398 806 nec
414 777 564 805 oneratus
583 774 646 805 fuit
661 773 828 814 hucusque
852 773 891 804 de
915 773 1025 805 eodem
1049 773 1195 804 termino.

143 825 274 856 Summa
303 825 401 866 hujus
432 824 544 861 oneris,
574 823 713 864 v⁰1xxiiij
744 823 776 853 fi.
809 833 828 854 v
852 827 875 854 s.
922 822 1055 853 Summa
1088 822 1196 853 totalis

143 875 338 906 oneracionis
354 884 427 905 cum
442 873 617 914 arreragiis,
628 872 743 914 vj⁰xliij
761 872 793 903 fi.
810 873 830 913 ij
850 877 872 903 s.
890 873 946 913 viij
964 872 993 903 d.
1011 872 1077 912 xxij
1096 875 1196 903 marte

140 924 153 965 j
171 923 276 955 celdra
292 923 397 954 brasii.

185 973 335 1013 Expense
358 972 509 1012 ejusdem.
557 972 597 1003 In
621 971 743 1012 primis,
768 971 903 1002 allocate
934 971 1135 1012 computanti
1159 971 1198 1002 de

143 1022 242 1053 firmis
257 1026 414 1053 terrarum
431 1021 470 1052 de
486 1021 654 1052 Kinkellis
670 1021 826 1051 concessis
843 1031 898 1061 per
913 1021 1080 1051 dominum
1092 1031 1198 1061 regem

101 1087 103 1089 ·
143 1071 165 1102 J
168 1071 287 1102 ohanni
304 1071 419 1112 Strang
435 1070 475 1101 ad
491 1070 592 1101 vitam
608 1080 664 1111 pro
684 1070 776 1101 feodo
798 1080 863 1107 suo,
883 1071 922 1101 de
947 1080 1030 1101 anno
1046 1070 1199 1110 computi,

145 1121 234 1161 xxxij
251 1120 282 1151 fi.
329 1121 371 1151 Et
387 1120 500 1158 eidem,
512 1120 550 1151 de
563 1120 662 1151 firmis
674 1123 828 1151 terrarum
843 1119 881 1150 de
894 1119 1012 1156 Foulis‚
1027 1119 1200 1160 Drumfyn,

145 1174 178 1201 et
194 1170 409 1206 Casteltoune,
426 1170 582 1201 concessis
598 1169 784 1201 Alexandro
800 1169 1017 1200 Foulartoune
1034 1169 1073 1200 ad
1090 1169 1200 1206 vitam,

147 1220 186 1251 de
201 1221 340 1251 termino
356 1220 584 1251 Penthecostes
600 1220 677 1250 anni
700 1220 889 1260 sexagesimi
913 1219 1026 1260 quarti,
1043 1230 1064 1249 X
1079 1219 1111 1250 li.
1158 1220 1200 1250 Et

145 1270 258 1307 eidem,
274 1270 313 1301 de
329 1270 430 1300 firmis
445 1273 599 1301 terrarum
617 1269 656 1300 de
681 1269 887 1300 Casteltoune
911 1269 950 1299 de
974 1269 1092 1306 Foulis‚
1108 1279 1200 1300 occu-

145 1323 292 1360 patarum
317 1330 372 1360 per
396 1319 518 1351 dictum
544 1319 768 1350 Alexandrum
795 1323 869 1350 ante
893 1319 1067 1350 terminum
1091 1319 1201 1350 Sancti

146 1369 282 1400 Martini
304 1369 388 1400 infra
411 1369 470 1399 hoc
493 1372 690 1409 computum,
713 1369 769 1409 qui
792 1379 849 1409 pro
872 1371 951 1399 tuuc
977 1369 1061 1399 diem
1085 1368 1201 1399 clausit

146 1422 334 1455 extremum,
361 1418 518 1449 concessis
540 1418 649 1449 relicte
674 1418 817 1458 ejusdem
848 1428 905 1459 pro
930 1418 1053 1449 duobus
1076 1418 1201 1449 ultimis

146 1469 291 1499 terminis
307 1468 403 1509 hujus
420 1468 572 1508 computi,
592 1471 628 1499 ut
651 1471 741 1508 patet
763 1478 819 1508 per
841 1467 951 1499 literas
975 1467 1097 1498 domini
1120 1468 1202 1508 regis

147 1518 206 1549 sub
228 1518 350 1558 signeto
373 1520 516 1548 ostensas
540 1527 635 1558 super
658 1522 845 1558 computum
870 1517 908 1548 de
932 1517 1025 1548 dictis
1046 1518 1202 1554 terminis,

147 1577 169 1599 v
183 1567 215 1598 li,
239 1568 270 1608 vj
289 1572 311 1598 ἒ.
335 1567 391 1607 viij
409 1566 448 1604 d„
471 1570 503 1598 et
527 1567 703 1608 percipitur
730 1567 930 1608 computanti
953 1567 1039 1608 quod
1063 1568 1202 1608 amplius

147 1627 212 1648 non
227 1617 331 1648 solvat
351 1617 436 1648 dicte
459 1617 569 1648 relicte
593 1616 694 1647 dictas
717 1616 824 1647 firmas
844 1617 912 1647 sine
935 1627 1018 1648 novo
1042 1618 1202 1648 mandato.

149 1667 192 1698 Et
228 1667 340 1704 eidem,
376 1677 433 1708 per
475 1667 670 1698 solucionem
709 1667 826 1698 factam
869 1667 988 1699 Thome
1030 1667 1203 1705 XVardlew,

150 1716 319 1754 citheriste,
349 1716 388 1747 de
412 1716 512 1748 firmis
536 1719 691 1747 terrarum
719 1716 758 1747 de
784 1716 937 1758 Brigland
962 1717 1021 1748 sibi
1047 1718 1204 1748 concessis

149 1776 205 1807 per
219 1766 327 1797 literas
344 1765 465 1796 domini
481 1765 563 1806 regis
587 1765 666 1796 alias
683 1769 825 1797 ostensas
842 1777 937 1807 super
952 1770 1148 1807 computum,
1165 1767 1204 1797 de

151 1815 243 1846 dictis
258 1815 361 1846 tribus
381 1815 539 1851 terminis,
562 1815 609 1855 iiij
627 1815 659 1846 ii.
704 1815 747 1846 Et
773 1816 885 1853 eidem,
909 1826 965 1856 per
988 1816 1205 1847 clecidenciam

153 1865 311 1896 firmarum
342 1868 501 1896 terrarum
532 1865 570 1895 de
603 1865 722 1905 Douny
761 1875 834 1896 cum
865 1866 981 1906 quibus
1015 1868 1206 1906 computans

152 1915 295 1955 superius
319 1918 477 1951 oneratur,
499 1925 538 1946 ex
562 1925 597 1945 eo
622 1915 707 1955 quod
731 1915 815 1945 dicte
840 1918 923 1945 terre
945 1915 1148 1955 reperiuntur
1170 1915 1205 1945 in

151 1964 265 1996 rentali
281 1964 418 1996 assedari
435 1964 538 1995 solum
553 1974 611 2005 pro
629 1968 768 2004 quatuor
783 1964 899 1995 marcis
916 1964 949 1994 in
966 1974 1050 1994 anno
1066 1967 1098 1995 et
1120 1974 1205 1995 com—

151 2017 266 2055 putans
282 2018 431 2045 oneratur
448 2024 522 2046 cum
537 2024 594 2045 sex
610 2014 734 2050 marcis,
750 2014 789 2044 de
807 2013 901 2044 dictis
925 2014 1028 2044 tribus
1051 2014 1207 2051 terminis,

152 2074 194 2094 xv
219 2067 241 2096 ἔ.
287 2064 328 2094 Et
355 2064 523 2095 forestario
551 2063 591 2094 de
619 2063 812 2094 Coremuklo
836 2073 892 2103 pro
923 2063 1067 2094 custodia
1090 2063 1207 2094 foreste

110 2150 116 2151 ἶ
153 2113 302 2153 ejusdcm,
318 2113 356 2144 de
372 2113 464 2144 feodo
481 2123 538 2144 suo
555 2112 593 2143 de
611 2112 706 2143 dictis
729 2112 833 2143 tribus
857 2113 1012 2149 terminis,
1036 2123 1079 2143 xx
1095 2117 1117 2144 s.
1164 2113 1208 2145 Et

155 2162 286 2203 Symoni
315 2162 465 2200 Donaldi,
496 2162 622 2194 custodi
647 2172 802 2203 equorum
825 2162 1054 2193 indomitorum
1084 2163 1207 2195 domini

154 2212 234 2254 regis
249 2212 284 2243 in
300 2212 499 2254 Glenartnay
516 2216 548 2243 et
565 2212 790 2254 Coremuffloy,
802 2223 858 2253 pro
875 2211 967 2244 feodo
983 2223 1040 2243 suo
1057 2213 1096 2244 de
1112 2213 1207 2244 (lictis
