1551 2462
377 260 418 291 90
688 259 852 292 ROTULI
876 259 1112 292 SOAOOARH
1334 264 1425 293 1461.

375 353 421 393 iiij
454 352 630 384 celdrarum
654 353 688 384 ix
711 353 868 385 bollarum
891 353 979 384 ordei
1008 353 1178 384 comitatus
1201 353 1241 385 de
1265 353 1426 386 Garviaeh

374 412 431 442 per
448 401 531 433 idem
546 405 682 443 tempus.
728 403 771 434 Et
786 402 825 433 de
838 403 851 443 j
869 401 898 434 d.
923 402 994 434 albe
1010 402 1100 434 firme
1116 402 1155 434 de
1172 403 1375 435 Portarstone
1391 403 1425 434 in

374 451 459 482 dicto
489 451 651 482 comitatu.
708 452 750 482 Et
780 451 819 483 de
846 451 890 492 xij
923 451 1160 483 columbaribus
1196 452 1290 483 dictis
1320 452 1425 484 hund-

373 501 486 532 colaris
503 504 585 532 terre
602 501 640 532 de
657 501 808 532 Blakhall
824 512 880 542 pro
901 502 973 533 alba
989 502 1078 533 firma
1104 502 1255 542 ejusdem.
1300 503 1343 533 Et
1358 502 1397 533 de
1411 503 1423 543 j

373 561 448 591 pare
464 550 699 582 serothecarum
723 550 867 582 albarum
891 551 962 582 albe
985 551 1075 583 firme
1092 555 1174 582 terre
1190 551 1229 583 de
1253 545 1424 593 Petkapill.

371 600 415 631 Et
445 600 484 631 de
518 601 530 641 j
570 610 645 641 pare
683 600 855 631 calcarium
893 600 1119 632 deauratorum
1156 600 1227 631 albe
1265 601 1355 632 firme
1385 601 1424 632 de

372 649 537 681 Lethinde.
583 650 625 680 Et
649 650 687 681 de
710 650 731 691 ij
756 650 886 691 paribus
909 650 1082 681 calcarium
1105 650 1330 681 deauratorum
1353 650 1425 682 albe

372 699 462 730 firme
478 699 517 730 de
539 699 743 731 Achinlevin.
788 699 831 730 Et
854 699 893 730 de
913 700 925 740 j
951 699 1023 731 albo
1046 699 1158 731 merilo
1181 700 1252 731 albe
1276 700 1365 731 firme
1384 700 1424 732 de

373 748 589 786 Quhitecorse.
634 749 882 780 Memorandum
905 749 991 791 quod
1009 749 1080 781 albe
1103 750 1193 781 firme
1209 750 1424 791 suprascripte

372 798 542 829 solvuntur
571 798 707 839 singulis
745 799 847 830 annis.
901 799 1033 830 Summa
1071 799 1168 840 hujus
1205 799 1318 837 oneris,
1344 799 1424 830 xxix

371 847 396 878 fi
429 849 461 889 xj
500 853 523 880 ἔ.
564 848 599 879 ix
636 848 665 879 d.
704 848 748 889 xij
788 848 993 880 hundcolaris
1028 849 1041 890 j
1073 859 1149 890 pare
1188 849 1422 881 serothecarum

372 898 517 929 albarum
533 898 566 939 iij
592 898 722 939 paribus
746 898 917 929 calcarium
941 899 1163 930 deauratorum
1176 899 1189 939 j
1208 899 1279 930 albo
1302 899 1421 930 merilo.

371 948 504 979 Summa
538 948 644 979 totalis
671 948 867 979 oneracionis
893 953 1000 989 preter
1026 948 1189 989 arreragia,
1216 947 1287 989 viije
1309 949 1364 989 xxj
1388 947 1422 980 fi.

370 998 402 1038 vj
434 1002 457 1029 s.
481 998 515 1038 iij
548 997 576 1028 d.
624 997 756 1028 Summa
786 998 894 1029 totalis
925 998 1120 1030 oneracionis
1147 1009 1221 1030 cum
1249 998 1423 1040 arreragiis,

369 1046 439 1088 viijc
453 1047 566 1087 lmvj
583 1046 614 1077 fi.
631 1057 653 1077 x
668 1051 691 1078 ἓ.
707 1046 730 1087 ij
747 1046 776 1078 d.

413 1099 561 1139 Expense
584 1098 736 1139 ejusdem.
782 1098 821 1129 In
833 1098 953 1139 primis,
977 1098 1110 1130 allocate
1133 1098 1334 1140 computanti
1363 1108 1421 1139 pro

370 1158 477 1179 annuo
508 1147 635 1179 redditu
665 1147 772 1179 debito
803 1148 900 1189 priori
925 1147 964 1179 de
994 1147 1167 1180 Rostinoth
1197 1148 1236 1179 de
1264 1148 1356 1179 terris
1381 1148 1421 1179 de

370 1197 569 1228 Balnabrech
595 1197 772 1234 annuatim,
801 1197 952 1228 videlicet
983 1197 1194 1239 quadraginta
1223 1208 1280 1229 sex
1310 1197 1420 1229 solidis

370 1250 441 1278 octo
465 1247 612 1284 denariis,
635 1250 673 1278 ut
697 1247 809 1278 asserit
832 1249 1027 1287 compotans,
1046 1247 1085 1278 de
1109 1247 1252 1288 quinque
1276 1247 1420 1278 terminis

369 1297 466 1338 hujus
491 1297 638 1338 compoti,
664 1296 717 1327 vij.
744 1297 797 1337 xvj
825 1301 850 1329 ἓ.
879 1297 923 1337 vij
952 1296 981 1328 d.
1041 1297 1084 1328 Et
1110 1297 1218 1328 abbati
1242 1297 1281 1328 de
1304 1297 1420 1338 Cupro,

369 1347 558 1388 percipienti
581 1347 749 1378 annuatim
772 1356 829 1377 sex
851 1345 968 1378 solidos
991 1349 1062 1377 octo
1085 1346 1232 1377 denarios
1255 1346 1294 1377 de
1310 1346 1420 1377 fabrili

368 1396 408 1427 de
438 1396 586 1433 Brechin,
611 1399 649 1426 ut
671 1395 756 1426 idem
783 1398 968 1436 compotens
992 1395 1092 1427 eciam
1114 1395 1234 1433 asserit,
1258 1395 1297 1426 de
1323 1395 1418 1427 dictis

369 1445 512 1486 quinque
549 1444 704 1481 terminis,
734 1444 788 1484 xvj
827 1449 850 1475 s„
882 1444 938 1485 viij
978 1444 1009 1475 d.
1076 1444 1119 1475 Et
1155 1444 1341 1476 Alexandro
1378 1445 1418 1477 de

369 1495 516 1532 Setoune,
537 1494 727 1535 percipienti
750 1494 917 1524 annuatim
944 1494 1154 1535 quadraginta
1176 1494 1293 1526 solidos
1318 1490 1418 1526 annui

368 1545 511 1576 redditus
542 1544 580 1575 de
615 1543 779 1584 Kyncrag,
808 1543 870 1574 sibi
900 1544 1001 1575 eciam
1032 1543 1133 1575 debiti
1162 1554 1202 1575 ex
1231 1543 1418 1585 hujusmodi

367 1593 550 1631 assercione,
567 1593 606 1625 de
628 1593 749 1624 eisdem
764 1593 918 1630 terminis,
941 1603 962 1624 v
984 1592 1016 1625 fi.
1062 1593 1175 1624 Eidem
1198 1593 1237 1624 de
1257 1594 1354 1625 firmis
1377 1593 1416 1625 de

366 1643 509 1684 Kincrag
550 1642 588 1673 de
626 1642 750 1673 duobus
788 1642 900 1683 primis
941 1642 1087 1673 ‘terminis
1128 1642 1225 1683 hujus
1268 1643 1417 1684 compoti,

366 1696 518 1732 occupato
542 1701 614 1723 cum
630 1691 760 1732 grangia
782 1691 910 1722 domine
937 1692 1052 1733 regine,
1075 1702 1114 1723 ex
1131 1692 1216 1723 diota
1231 1693 1416 1730 assercione,

365 1742 479 1782 xxxiiij
497 1741 529 1773 fi.
554 1741 609 1781 xii}¹
634 1745 657 1772 s.
681 1741 726 1781 iiij
751 1741 780 1772 d.
826 1741 868 1771 Et
892 1741 1004 1778 eidem,
1021 1741 1059 1772 de
1082 1741 1182 1772 firmis
1205 1745 1360 1773 terrarum
1375 1742 1416 1773 de

365 1792 491 1832 Hawgh
518 1791 555 1822 de
579 1791 680 1821 tribus
704 1790 827 1821 ultimis
843 1791 988 1821 terminis
1005 1790 1102 1831 hujus
1118 1791 1265 1831 compoti,
1281 1801 1415 1832 occupa-

365 1844 470 1872 tarum
483 1840 631 1871 similiter
641 1850 714 1870 cum
724 1839 862 1880 grangiis
874 1839 1001 1870 domine
1017 1840 1132 1880 regine,
1143 1850 1184 1870 ex
1194 1840 1304 1871 eadem
1315 1850 1414 1872 asser-

366 1890 463 1927 cione‚
480 1890 524 1929 xij
541 1889 573 1920 li.
591 1900 611 1919 x
627 1893 652 1920 s.
711 1889 754 1919 Et
776 1899 832 1929 per
848 1888 1043 1920 solucionem
1068 1889 1184 1920 factam
1200 1889 1288 1920 fratri
1307 1890 1414 1921 David

365 1939 532 1971 Crannoch
543 1938 582 1969 de
594 1938 694 1969 firmis
711 1938 750 1969 de
765 1938 928 1979 Kyrmrag,
938 1938 976 1969 de
990 1939 1140 1970 mandato
1157 1939 1284 1970 domine
1297 1940 1413 1980 regine,

365 1989 404 2020 de
420 1989 543 2020 duobus
560 1987 672 2019 mediis
688 1987 834 2018 terminis
850 1979 946 2027 huju‘s
960 1988 1108 2028 compoti,
1127 1989 1160 2029 iij
1179 1988 1210 2019 fi.
1227 1988 1258 2029 vj
1273 1993 1297 2020 s.
1313 1989 1369 2030 viij
1382 1989 1411 2020 d.

364 2039 406 2069 Et
422 2038 533 2074 eidem,
550 2048 606 2078 per
628 2037 820 2078 superfluam
836 2037 1058 2068 oneracionem
1077 2042 1235 2069 certarum
1256 2041 1412 2070 terrarum

364 2088 577 2119 dominiorum
603 2087 641 2118 de
666 2086 803 2118 Brechin
835 2089 868 2117 et
892 2086 999 2117 Nevar
1029 2086 1067 2117 de
1095 2097 1177 2118 novo
1202 2087 1351 2126 levatam,
1375 2092 1412 2119 ut

364 2141 453 2178 patet
493 2137 526 2167 in
558 2136 673 2168 reutali
697 2136 736 2166 ad
767 2135 1000 2167 Penthecosten
1028 2146 1111 2167 anno
1143 2137 1347 2178 sexagesimo,
1372 2137 1410 2169 de

363 2187 487 2218 duobus
510 2186 621 2227 primis
645 2186 788 2218 terminis
811 2185 908 2226 hujus
931 2186 1077 2227 compoti.
1103 2197 1146 2216 xx
1162 2186 1194 2219 li.
1218 2187 1251 2217 ix
1267 2191 1289 2218 Ξ.
1307 2187 1362 2228 viij
1380 2187 1410 2220 d.
