<?xml version="1.0" encoding="UTF-8"?>
<!DOCTYPE html PUBLIC "-//W3C//DTD XHTML 1.0 Transitional//EN"
    "http://www.w3.org/TR/xhtml1/DTD/xhtml1-transitional.dtd">
<html xmlns="http://www.w3.org/1999/xhtml" xml:lang="en" lang="en">
 <head>
  <title>
</title>
<meta http-equiv="Content-Type" content="text/html;charset=utf-8" />
  <meta name='ocr-system' content='tesseract 3.04.00' />
  <meta name='ocr-capabilities' content='ocr_page ocr_carea ocr_par ocr_line ocrx_word'/>
</head>
<body>
  <div class='ocr_page' id='page_1' title='image "./rotuliscaccariir07scot_0718.png"; bbox 0 0 1551 2462; ppageno 0'>
   <div class='ocr_carea' id='block_1_1' title="bbox 206 342 349 431">
    <p class='ocr_par' dir='ltr' id='par_1_1' title="bbox 206 342 349 431">
     <span class='ocr_line' id='line_1_1' title="bbox 206 342 349 365; baseline 0 0"><span class='ocrx_word' id='word_1_1' title='bbox 206 342 349 365; x_wconf 77' lang='lat' dir='ltr'>Onerandus</span> 
     </span>
     <span class='ocr_line' id='line_1_2' title="bbox 207 372 305 395; baseline 0.01 -1"><span class='ocrx_word' id='word_1_2' title='bbox 207 372 265 394; x_wconf 79' lang='lat' dir='ltr'>baro</span> <span class='ocrx_word' id='word_1_3' title='bbox 276 372 305 395; x_wconf 83' lang='lat' dir='ltr'>de</span> 
     </span>
     <span class='ocr_line' id='line_1_3' title="bbox 208 401 337 431; baseline 0 -7"><span class='ocrx_word' id='word_1_4' title='bbox 208 401 337 431; x_wconf 80' lang='lat' dir='ltr'>Kilrawag.</span> 
     </span>
    </p>
   </div>
   <div class='ocr_carea' id='block_1_2' title="bbox 205 1079 372 1162">
    <p class='ocr_par' dir='ltr' id='par_1_2' title="bbox 205 1079 372 1162">
     <span class='ocr_line' id='line_1_4' title="bbox 207 1079 372 1109; baseline -0.006 -5"><span class='ocrx_word' id='word_1_5' title='bbox 207 1079 372 1109; x_wconf 76' lang='lat' dir='ltr'>Respondebit</span> 
     </span>
     <span class='ocr_line' id='line_1_5' title="bbox 205 1110 294 1138; baseline 0 -6"><span class='ocrx_word' id='word_1_6' title='bbox 205 1110 294 1138; x_wconf 81' lang='lat' dir='ltr'>Wales,</span> 
     </span>
     <span class='ocr_line' id='line_1_6' title="bbox 205 1140 332 1162; baseline 0 0"><span class='ocrx_word' id='word_1_7' title='bbox 205 1140 332 1162; x_wconf 83' lang='lat' dir='ltr'>rotulator.</span> 
     </span>
    </p>
   </div>
   <div class='ocr_carea' id='block_1_3' title="bbox 208 1226 323 1258">
    <p class='ocr_par' dir='ltr' id='par_1_3' title="bbox 208 1226 323 1258">
     <span class='ocr_line' id='line_1_7' title="bbox 208 1226 323 1258; baseline 0 -1"><span class='ocrx_word' id='word_1_8' title='bbox 208 1226 323 1258; x_wconf 89' lang='lat' dir='ltr'>Grana.</span> 
     </span>
    </p>
   </div>
   <div class='ocr_carea' id='block_1_4' title="bbox 425 228 1474 276">
    <p class='ocr_par' dir='ltr' id='par_1_4' title="bbox 425 228 1474 276">
     <span class='ocr_line' id='line_1_8' title="bbox 425 228 1474 276; baseline 0.001 -2"><span class='ocrx_word' id='word_1_9' title='bbox 425 246 486 275; x_wconf 74' lang='lat'>640</span> <span class='ocrx_word' id='word_1_10' title='bbox 736 242 901 275; x_wconf 71' lang='lat' dir='ltr'>norum</span> <span class='ocrx_word' id='word_1_11' title='bbox 925 241 1161 275; x_wconf 76' lang='lat' dir='ltr'>SCAcoARH</span> <span class='ocrx_word' id='word_1_12' title='bbox 1384 228 1474 276; x_wconf 66' lang='lat'>1469}</span> 
     </span>
    </p>
   </div>
   <div class='ocr_carea' id='block_1_5' title="bbox 421 331 1512 675">
    <p class='ocr_par' dir='ltr' id='par_1_5' title="bbox 421 331 1512 675">
     <span class='ocr_line' id='line_1_9' title="bbox 423 331 1488 377; baseline -0.002 -9"><span class='ocrx_word' id='word_1_13' title='bbox 423 336 608 368; x_wconf 82' lang='lat' dir='ltr'><strong>onerabitur</strong></span> <span class='ocrx_word' id='word_1_14' title='bbox 623 347 696 368; x_wconf 89' lang='lat' dir='ltr'>cum</span> <span class='ocrx_word' id='word_1_15' title='bbox 713 331 833 368; x_wconf 83' lang='lat' dir='ltr'>eisdem</span> <span class='ocrx_word' id='word_1_16' title='bbox 847 336 881 368; x_wconf 88' lang='lat' dir='ltr'>in</span> <span class='ocrx_word' id='word_1_17' title='bbox 898 336 1043 377; x_wconf 77' lang='lat' dir='ltr'>proximo</span> <span class='ocrx_word' id='word_1_18' title='bbox 1061 339 1211 377; x_wconf 90' lang='lat' dir='ltr'>computo</span> <span class='ocrx_word' id='word_1_19' title='bbox 1232 345 1296 367; x_wconf 88' lang='lat' dir='ltr'>suo.</span> <span class='ocrx_word' id='word_1_20' title='bbox 1343 335 1488 367; x_wconf 49' lang='lat' dir='ltr'>Summa*</span> 
     </span>
     <span class='ocr_line' id='line_1_10' title="bbox 425 385 1474 427; baseline -0.001 -10"><span class='ocrx_word' id='word_1_21' title='bbox 425 386 523 427; x_wconf 85' lang='lat' dir='ltr'>hujus</span> <span class='ocrx_word' id='word_1_22' title='bbox 539 386 723 427; x_wconf 86' lang='lat' dir='ltr'>pendencie,</span> <span class='ocrx_word' id='word_1_23' title='bbox 739 386 853 427; x_wconf 80' lang='lat' dir='ltr'>lxxxxj</span> <span class='ocrx_word' id='word_1_24' title='bbox 870 386 902 416; x_wconf 69' lang='grc' dir='ltr'>Π.</span> <span class='ocrx_word' id='word_1_25' title='bbox 919 386 941 426; x_wconf 85' lang='lat' dir='ltr'>ij</span> <span class='ocrx_word' id='word_1_26' title='bbox 959 390 981 417; x_wconf 79' lang='lat' dir='ltr'>s.</span> <span class='ocrx_word' id='word_1_27' title='bbox 999 396 1019 416; x_wconf 92' lang='lat' dir='ltr'><strong>v</strong></span> <span class='ocrx_word' id='word_1_28' title='bbox 1035 386 1065 418; x_wconf 76' lang='lat' dir='ltr'>d.</span> <span class='ocrx_word' id='word_1_29' title='bbox 1110 386 1153 417; x_wconf 79' lang='lat' dir='ltr'>Et</span> <span class='ocrx_word' id='word_1_30' title='bbox 1177 385 1223 417; x_wconf 90' lang='lat' dir='ltr'>sic</span> <span class='ocrx_word' id='word_1_31' title='bbox 1245 389 1367 417; x_wconf 80' lang='lat' dir='ltr'><strong>restant</strong></span> <span class='ocrx_word' id='word_1_32' title='bbox 1389 385 1424 426; x_wconf 87' lang='lat' dir='ltr'>lij</span> <span class='ocrx_word' id='word_1_33' title='bbox 1440 385 1474 416; x_wconf 71' lang='lat' dir='ltr'>fi.</span> 
     </span>
     <span class='ocr_line' id='line_1_11' title="bbox 422 435 1512 477; baseline -0.001 -10"><span class='ocrx_word' id='word_1_34' title='bbox 422 447 444 467; x_wconf 87' lang='lat' dir='ltr'><strong>x</strong></span> <span class='ocrx_word' id='word_1_35' title='bbox 460 440 483 467; x_wconf 73' lang='lat' dir='ltr'>s.</span> <span class='ocrx_word' id='word_1_36' title='bbox 500 436 548 467; x_wconf 77' lang='lat' dir='ltr'>ob.</span> <span class='ocrx_word' id='word_1_37' title='bbox 596 437 644 467; x_wconf 92' lang='lat' dir='ltr'>De</span> <span class='ocrx_word' id='word_1_38' title='bbox 660 436 786 477; x_wconf 85' lang='lat' dir='ltr'>quibus,</span> <span class='ocrx_word' id='word_1_39' title='bbox 803 436 937 467; x_wconf 80' lang='lat' dir='ltr'>allocate</span> <span class='ocrx_word' id='word_1_40' title='bbox 953 435 1153 476; x_wconf 85' lang='lat' dir='ltr'>computanti</span> <span class='ocrx_word' id='word_1_41' title='bbox 1168 446 1224 476; x_wconf 89' lang='lat' dir='ltr'>pro</span> <span class='ocrx_word' id='word_1_42' title='bbox 1240 435 1284 476; x_wconf 87' lang='lat' dir='ltr'>vij</span> <span class='ocrx_word' id='word_1_43' title='bbox 1302 435 1475 476; x_wconf 88' lang='lat' dir='ltr'>rynmartis</span> <span class='ocrx_word' id='word_1_44' title='bbox 1508 453 1512 457; x_wconf 90' lang='lat'><em>-</em></span> 
     </span>
     <span class='ocr_line' id='line_1_12' title="bbox 421 485 1476 526; baseline -0.001 -10"><span class='ocrx_word' id='word_1_45' title='bbox 421 485 663 518; x_wconf 78' lang='lat' dir='ltr'>vicecomitatus</span> <span class='ocrx_word' id='word_1_46' title='bbox 691 485 729 516; x_wconf 90' lang='lat' dir='ltr'>de</span> <span class='ocrx_word' id='word_1_47' title='bbox 756 486 861 522; x_wconf 84' lang='lat' dir='ltr'><strong>Fores,</strong></span> <span class='ocrx_word' id='word_1_48' title='bbox 889 496 946 526; x_wconf 89' lang='lat' dir='ltr'>pro</span> <span class='ocrx_word' id='word_1_49' title='bbox 971 496 1108 526; x_wconf 83' lang='lat' dir='ltr'>quarum</span> <span class='ocrx_word' id='word_1_50' title='bbox 1127 485 1271 526; x_wconf 87' lang='lat' dir='ltr'>qualibet</span> <span class='ocrx_word' id='word_1_51' title='bbox 1297 485 1476 516; x_wconf 84' lang='lat' dir='ltr'>allocantur</span> 
     </span>
     <span class='ocr_line' id='line_1_13' title="bbox 421 534 1476 576; baseline -0.001 -10"><span class='ocrx_word' id='word_1_52' title='bbox 421 534 597 566; x_wconf 86' lang='lat' dir='ltr'>husbandis</span> <span class='ocrx_word' id='word_1_53' title='bbox 644 535 786 576; x_wconf 85' lang='lat' dir='ltr'>quinque</span> <span class='ocrx_word' id='word_1_54' title='bbox 817 534 919 572; x_wconf 85' lang='lat' dir='ltr'>solidi,</span> <span class='ocrx_word' id='word_1_55' title='bbox 951 535 988 566; x_wconf 89' lang='lat' dir='ltr'>de</span> <span class='ocrx_word' id='word_1_56' title='bbox 1019 535 1158 566; x_wconf 88' lang='lat' dir='ltr'>termino</span> <span class='ocrx_word' id='word_1_57' title='bbox 1198 534 1308 565; x_wconf 83' lang='lat' dir='ltr'>Sancti</span> <span class='ocrx_word' id='word_1_58' title='bbox 1339 534 1476 566; x_wconf 84' lang='lat' dir='ltr'>Martini</span> 
     </span>
     <span class='ocr_line' id='line_1_14' title="bbox 421 583 1507 625; baseline -0.001 -9"><span class='ocrx_word' id='word_1_59' title='bbox 421 583 518 625; x_wconf 80' lang='lat' dir='ltr'>hujus</span> <span class='ocrx_word' id='word_1_60' title='bbox 550 585 701 625; x_wconf 87' lang='lat' dir='ltr'>computi,</span> <span class='ocrx_word' id='word_1_61' title='bbox 730 595 819 615; x_wconf 79' lang='lat' dir='ltr'>xxxv</span> <span class='ocrx_word' id='word_1_62' title='bbox 845 588 868 615; x_wconf 74' lang='lat' dir='ltr'>s.</span> <span class='ocrx_word' id='word_1_63' title='bbox 923 584 965 615; x_wconf 81' lang='lat' dir='ltr'>Et</span> <span class='ocrx_word' id='word_1_64' title='bbox 996 584 1108 622; x_wconf 87' lang='lat' dir='ltr'>eidem,</span> <span class='ocrx_word' id='word_1_65' title='bbox 1136 594 1193 625; x_wconf 87' lang='lat' dir='ltr'>pro</span> <span class='ocrx_word' id='word_1_66' title='bbox 1223 584 1267 625; x_wconf 88' lang='lat' dir='ltr'>vij</span> <span class='ocrx_word' id='word_1_67' title='bbox 1299 587 1476 625; x_wconf 78' lang='lat' dir='ltr'>rynmuton</span> <span class='ocrx_word' id='word_1_68' title='bbox 1504 595 1507 600; x_wconf 59' lang='lat'><strong><em>⁴</em></strong></span> 
     </span>
     <span class='ocr_line' id='line_1_15' title="bbox 423 633 1475 675; baseline 0 -11"><span class='ocrx_word' id='word_1_69' title='bbox 423 634 500 665; x_wconf 89' lang='lat' dir='ltr'>dicti</span> <span class='ocrx_word' id='word_1_70' title='bbox 528 634 778 671; x_wconf 72' lang='lat' dir='ltr'><strong>vicecomitatus,</strong></span> <span class='ocrx_word' id='word_1_71' title='bbox 803 634 933 674; x_wconf 81' lang='lat' dir='ltr'>dempta</span> <span class='ocrx_word' id='word_1_72' title='bbox 958 634 1066 671; x_wconf 86' lang='lat' dir='ltr'>tercia,</span> <span class='ocrx_word' id='word_1_73' title='bbox 1089 644 1146 674; x_wconf 85' lang='lat' dir='ltr'>pro</span> <span class='ocrx_word' id='word_1_74' title='bbox 1170 644 1306 675; x_wconf 86' lang='lat' dir='ltr'>quorum</span> <span class='ocrx_word' id='word_1_75' title='bbox 1331 633 1475 674; x_wconf 89' lang='lat' dir='ltr'>quolibet</span> 
     </span>
    </p>
   </div>
   <div class='ocr_carea' id='block_1_6' title="bbox 422 683 1517 721">
    <p class='ocr_par' dir='ltr' id='par_1_6' title="bbox 422 683 1517 721">
     <span class='ocr_line' id='line_1_16' title="bbox 422 683 1517 721; baseline 0 -7"><span class='ocrx_word' id='word_1_76' title='bbox 422 684 602 715; x_wconf 86' lang='lat' dir='ltr'>allocautur</span> <span class='ocrx_word' id='word_1_77' title='bbox 617 684 794 715; x_wconf 86' lang='lat' dir='ltr'>husbandis</span> <span class='ocrx_word' id='word_1_78' title='bbox 814 684 982 715; x_wconf 81' lang='lat' dir='ltr'>duodecim</span> <span class='ocrx_word' id='word_1_79' title='bbox 999 684 1131 721; x_wconf 86' lang='lat' dir='ltr'>denarii,</span> <span class='ocrx_word' id='word_1_80' title='bbox 1148 684 1187 715; x_wconf 92' lang='lat' dir='ltr'>de</span> <span class='ocrx_word' id='word_1_81' title='bbox 1203 684 1314 716; x_wconf 89' lang='lat' dir='ltr'>eodem</span> <span class='ocrx_word' id='word_1_82' title='bbox 1329 683 1476 721; x_wconf 82' lang='lat' dir='ltr'>termino,</span> <span class='ocrx_word' id='word_1_83' title='bbox 1514 687 1517 690; x_wconf 63' lang='lat'><strong>⁴</strong></span> 
     </span>
    </p>
   </div>
   <div class='ocr_carea' id='block_1_7' title="bbox 422 733 1511 1172">
    <p class='ocr_par' dir='ltr' id='par_1_7' title="bbox 422 733 1473 823">
     <span class='ocr_line' id='line_1_17' title="bbox 422 733 1473 775; baseline -0.001 -10"><span class='ocrx_word' id='word_1_84' title='bbox 422 734 466 774; x_wconf 83' lang='lat' dir='ltr'>vij</span> <span class='ocrx_word' id='word_1_85' title='bbox 485 738 508 765; x_wconf 71' lang='lat' dir='ltr'>s.</span> <span class='ocrx_word' id='word_1_86' title='bbox 556 733 688 764; x_wconf 88' lang='lat' dir='ltr'>Summa</span> <span class='ocrx_word' id='word_1_87' title='bbox 711 733 807 774; x_wconf 84' lang='lat' dir='ltr'>hujus</span> <span class='ocrx_word' id='word_1_88' title='bbox 831 744 978 775; x_wconf 76' lang='lat' dir='ltr'><strong>expense,</strong></span> <span class='ocrx_word' id='word_1_89' title='bbox 995 733 1056 775; x_wconf 78' lang='lat' dir='ltr'>xlij</span> <span class='ocrx_word' id='word_1_90' title='bbox 1074 738 1098 766; x_wconf 77' lang='lat' dir='ltr'>s.</span> <span class='ocrx_word' id='word_1_91' title='bbox 1143 734 1186 768; x_wconf 88' lang='lat' dir='ltr'>Et</span> <span class='ocrx_word' id='word_1_92' title='bbox 1209 734 1256 765; x_wconf 90' lang='lat' dir='ltr'>sic</span> <span class='ocrx_word' id='word_1_93' title='bbox 1272 733 1422 765; x_wconf 87' lang='lat' dir='ltr'>restantl</span> <span class='ocrx_word' id='word_1_94' title='bbox 1441 733 1473 764; x_wconf 77' lang='lat' dir='ltr'>li.</span> 
     </span>
     <span class='ocr_line' id='line_1_18' title="bbox 424 783 580 823; baseline 0.006 -10"><span class='ocrx_word' id='word_1_95' title='bbox 424 783 479 823; x_wconf 81' lang='lat' dir='ltr'>viij</span> <span class='ocrx_word' id='word_1_96' title='bbox 497 787 519 814; x_wconf 74' lang='grc' dir='ltr'>ἔ.</span> <span class='ocrx_word' id='word_1_97' title='bbox 533 783 580 814; x_wconf 70' lang='grc' dir='ltr'>οἵ).</span> 
     </span>
    </p>

    <p class='ocr_par' dir='ltr' id='par_1_8' title="bbox 422 832 1511 1172">
     <span class='ocr_line' id='line_1_19' title="bbox 466 832 1474 873; baseline 0.001 -10"><span class='ocrx_word' id='word_1_98' title='bbox 466 832 509 863; x_wconf 87' lang='lat' dir='ltr'>Et</span> <span class='ocrx_word' id='word_1_99' title='bbox 532 832 775 863; x_wconf 76' lang='lat' dir='ltr'>memorandum</span> <span class='ocrx_word' id='word_1_100' title='bbox 802 832 888 873; x_wconf 83' lang='lat' dir='ltr'>quod</span> <span class='ocrx_word' id='word_1_101' title='bbox 911 835 1100 873; x_wconf 82' lang='lat' dir='ltr'>computans</span> <span class='ocrx_word' id='word_1_102' title='bbox 1123 843 1188 864; x_wconf 87' lang='lat' dir='ltr'>non</span> <span class='ocrx_word' id='word_1_103' title='bbox 1211 836 1323 864; x_wconf 84' lang='lat' dir='ltr'>onerat</span> <span class='ocrx_word' id='word_1_104' title='bbox 1343 843 1376 864; x_wconf 88' lang='lat' dir='ltr'>se</span> <span class='ocrx_word' id='word_1_105' title='bbox 1401 843 1474 863; x_wconf 86' lang='lat' dir='ltr'>cum</span> 
     </span>
     <span class='ocr_line' id='line_1_20' title="bbox 423 881 1510 924; baseline 0.001 -12"><span class='ocrx_word' id='word_1_106' title='bbox 423 882 656 923; x_wconf 80' lang='lat' dir='ltr'>quinquaginta</span> <span class='ocrx_word' id='word_1_107' title='bbox 671 882 761 913; x_wconf 86' lang='lat' dir='ltr'>libris</span> <span class='ocrx_word' id='word_1_108' title='bbox 777 881 941 922; x_wconf 81' lang='lat' dir='ltr'>promissis</span> <span class='ocrx_word' id='word_1_109' title='bbox 957 892 1014 923; x_wconf 86' lang='lat' dir='ltr'>per</span> <span class='ocrx_word' id='word_1_110' title='bbox 1036 882 1221 924; x_wconf 85' lang='lat' dir='ltr'>episcopum</span> <span class='ocrx_word' id='word_1_111' title='bbox 1237 882 1474 914; x_wconf 85' lang='lat' dir='ltr'>Moraviensem</span> <span class='ocrx_word' id='word_1_112' title='bbox 1507 906 1510 907; x_wconf 17' lang='grc' dir='ltr'><em>γ</em></span> 
     </span>
     <span class='ocr_line' id='line_1_21' title="bbox 423 932 1474 974; baseline 0 -11"><span class='ocrx_word' id='word_1_113' title='bbox 423 932 461 963; x_wconf 92' lang='lat' dir='ltr'>de</span> <span class='ocrx_word' id='word_1_114' title='bbox 477 935 561 963; x_wconf 80' lang='lat' dir='ltr'>resta</span> <span class='ocrx_word' id='word_1_115' title='bbox 578 932 721 973; x_wconf 86' lang='lat' dir='ltr'>computi</span> <span class='ocrx_word' id='word_1_116' title='bbox 736 932 795 969; x_wconf 88' lang='lat' dir='ltr'>sui,</span> <span class='ocrx_word' id='word_1_117' title='bbox 811 942 850 963; x_wconf 80' lang='lat' dir='ltr'>ex</span> <span class='ocrx_word' id='word_1_118' title='bbox 867 941 903 963; x_wconf 87' lang='lat' dir='ltr'>eo</span> <span class='ocrx_word' id='word_1_119' title='bbox 920 932 1005 972; x_wconf 82' lang='lat' dir='ltr'>quod</span> <span class='ocrx_word' id='word_1_120' title='bbox 1020 932 1106 963; x_wconf 89' lang='lat' dir='ltr'>idem</span> <span class='ocrx_word' id='word_1_121' title='bbox 1122 932 1288 974; x_wconf 87' lang='lat' dir='ltr'>episcopus</span> <span class='ocrx_word' id='word_1_122' title='bbox 1305 932 1401 964; x_wconf 89' lang='lat' dir='ltr'>solvit</span> <span class='ocrx_word' id='word_1_123' title='bbox 1416 942 1474 973; x_wconf 90' lang='lat' dir='ltr'>pro</span> 
     </span>
     <span class='ocr_line' id='line_1_22' title="bbox 422 981 1474 1023; baseline 0.001 -11"><span class='ocrx_word' id='word_1_124' title='bbox 422 981 508 1013; x_wconf 84' lang='lat' dir='ltr'>dicta</span> <span class='ocrx_word' id='word_1_125' title='bbox 537 992 664 1013; x_wconf 79' lang='lat' dir='ltr'>summa</span> <span class='ocrx_word' id='word_1_126' title='bbox 701 981 772 1014; x_wconf 88' lang='lat' dir='ltr'>Ade</span> <span class='ocrx_word' id='word_1_127' title='bbox 811 981 928 1019; x_wconf 87' lang='lat' dir='ltr'>Wales‚</span> <span class='ocrx_word' id='word_1_128' title='bbox 960 985 1182 1023; x_wconf 85' lang='lat' dir='ltr'>computorum</span> <span class='ocrx_word' id='word_1_129' title='bbox 1220 981 1396 1019; x_wconf 84' lang='lat' dir='ltr'>rotulatori,</span> <span class='ocrx_word' id='word_1_130' title='bbox 1433 981 1474 1013; x_wconf 86' lang='lat' dir='ltr'>ad</span> 
     </span>
     <span class='ocr_line' id='line_1_23' title="bbox 422 1030 1511 1072; baseline 0 -10"><span class='ocrx_word' id='word_1_131' title='bbox 422 1031 606 1062; x_wconf 87' lang='lat' dir='ltr'>habendum</span> <span class='ocrx_word' id='word_1_132' title='bbox 634 1030 818 1063; x_wconf 87' lang='lat' dir='ltr'>celeriorem</span> <span class='ocrx_word' id='word_1_133' title='bbox 845 1031 1085 1072; x_wconf 83' lang='lat' dir='ltr'>expedicionem</span> <span class='ocrx_word' id='word_1_134' title='bbox 1111 1034 1144 1062; x_wconf 90' lang='lat' dir='ltr'>et</span> <span class='ocrx_word' id='word_1_135' title='bbox 1173 1031 1369 1064; x_wconf 81' lang='lat' dir='ltr'>solucionem</span> <span class='ocrx_word' id='word_1_136' title='bbox 1399 1033 1474 1063; x_wconf 77' lang='lat' dir='ltr'>ante</span> <span class='ocrx_word' id='word_1_137' title='bbox 1508 1054 1511 1059; x_wconf 91' lang='lat'>.</span> 
     </span>
     <span class='ocr_line' id='line_1_24' title="bbox 422 1081 1473 1122; baseline 0.002 -10"><span class='ocrx_word' id='word_1_138' title='bbox 422 1081 596 1113; x_wconf 85' lang='lat' dir='ltr'>terminum</span> <span class='ocrx_word' id='word_1_139' title='bbox 611 1081 819 1122; x_wconf 82' lang='lat' dir='ltr'>obligacionis</span> <span class='ocrx_word' id='word_1_140' title='bbox 835 1091 900 1118; x_wconf 88' lang='lat' dir='ltr'>sue,</span> <span class='ocrx_word' id='word_1_141' title='bbox 916 1081 1008 1122; x_wconf 82' lang='lat' dir='ltr'>xlviij</span> <span class='ocrx_word' id='word_1_142' title='bbox 1026 1081 1068 1118; x_wconf 74' lang='lat' dir='ltr'>fi„</span> <span class='ocrx_word' id='word_1_143' title='bbox 1084 1081 1154 1122; x_wconf 86' lang='lat' dir='ltr'>ipso</span> <span class='ocrx_word' id='word_1_144' title='bbox 1170 1081 1292 1115; x_wconf 81' lang='lat' dir='ltr'>fatente</span> <span class='ocrx_word' id='word_1_145' title='bbox 1307 1084 1473 1122; x_wconf 80' lang='lat' dir='ltr'>receptum</span> 
     </span>
     <span class='ocr_line' id='line_1_25' title="bbox 422 1131 1209 1172; baseline 0 -10"><span class='ocrx_word' id='word_1_146' title='bbox 422 1141 517 1172; x_wconf 81' lang='lat' dir='ltr'>super</span> <span class='ocrx_word' id='word_1_147' title='bbox 533 1134 730 1172; x_wconf 88' lang='lat' dir='ltr'>computum,</span> <span class='ocrx_word' id='word_1_148' title='bbox 746 1134 778 1161; x_wconf 89' lang='lat' dir='ltr'>et</span> <span class='ocrx_word' id='word_1_149' title='bbox 793 1141 849 1172; x_wconf 88' lang='lat' dir='ltr'>pro</span> <span class='ocrx_word' id='word_1_150' title='bbox 866 1131 983 1171; x_wconf 89' lang='lat' dir='ltr'>quibus</span> <span class='ocrx_word' id='word_1_151' title='bbox 999 1131 1209 1172; x_wconf 78' lang='lat' dir='ltr'>respondebit.</span> 
     </span>
    </p>
   </div>
   <div class='ocr_carea' id='block_1_8' title="bbox 420 1229 1506 2214">
    <p class='ocr_par' dir='ltr' id='par_1_9' title="bbox 421 1229 1473 1369">
     <span class='ocr_line' id='line_1_26' title="bbox 467 1229 1473 1270; baseline 0 -9"><span class='ocrx_word' id='word_1_152' title='bbox 467 1229 665 1270; x_wconf 86' lang='lat' dir='ltr'>Computum</span> <span class='ocrx_word' id='word_1_153' title='bbox 689 1239 857 1270; x_wconf 85' lang='lat' dir='ltr'>granorum</span> <span class='ocrx_word' id='word_1_154' title='bbox 882 1229 1042 1264; x_wconf 85' lang='lat' dir='ltr'>dictorum</span> <span class='ocrx_word' id='word_1_155' title='bbox 1063 1229 1286 1267; x_wconf 82' lang='lat' dir='ltr'>dominiorum,</span> <span class='ocrx_word' id='word_1_156' title='bbox 1311 1229 1473 1262; x_wconf 86' lang='lat' dir='ltr'>redditum</span> 
     </span>
     <span class='ocr_line' id='line_1_27' title="bbox 421 1277 1473 1321; baseline 0.001 -12"><span class='ocrx_word' id='word_1_157' title='bbox 421 1288 478 1319; x_wconf 82' lang='lat' dir='ltr'>per</span> <span class='ocrx_word' id='word_1_158' title='bbox 495 1277 633 1310; x_wconf 87' lang='lat' dir='ltr'>eundem</span> <span class='ocrx_word' id='word_1_159' title='bbox 650 1278 858 1313; x_wconf 83' lang='lat' dir='ltr'>camerarium</span> <span class='ocrx_word' id='word_1_160' title='bbox 882 1289 975 1316; x_wconf 83' lang='lat' dir='ltr'>anno,</span> <span class='ocrx_word' id='word_1_161' title='bbox 999 1278 1059 1316; x_wconf 91' lang='lat' dir='ltr'>die,</span> <span class='ocrx_word' id='word_1_162' title='bbox 1081 1289 1202 1317; x_wconf 88' lang='lat' dir='ltr'>mense,</span> <span class='ocrx_word' id='word_1_163' title='bbox 1224 1282 1257 1310; x_wconf 87' lang='lat' dir='ltr'>et</span> <span class='ocrx_word' id='word_1_164' title='bbox 1278 1278 1348 1311; x_wconf 89' lang='lat' dir='ltr'>loco</span> <span class='ocrx_word' id='word_1_165' title='bbox 1363 1289 1473 1321; x_wconf 78' lang='lat' dir='ltr'>supra-</span> 
     </span>
     <span class='ocr_line' id='line_1_28' title="bbox 422 1328 557 1369; baseline -0.007 -9"><span class='ocrx_word' id='word_1_166' title='bbox 422 1328 557 1369; x_wconf 80' lang='lat' dir='ltr'>scriptis.</span> 
     </span>
    </p>

    <p class='ocr_par' dir='ltr' id='par_1_10' title="bbox 420 1377 1506 1764">
     <span class='ocr_line' id='line_1_29' title="bbox 465 1377 1506 1421; baseline 0.002 -13"><span class='ocrx_word' id='word_1_167' title='bbox 465 1378 558 1411; x_wconf 87' lang='lat' dir='ltr'>Idem</span> <span class='ocrx_word' id='word_1_168' title='bbox 586 1381 696 1408; x_wconf 88' lang='lat' dir='ltr'>onerat</span> <span class='ocrx_word' id='word_1_169' title='bbox 727 1387 759 1408; x_wconf 87' lang='lat' dir='ltr'>se</span> <span class='ocrx_word' id='word_1_170' title='bbox 786 1377 820 1408; x_wconf 89' lang='lat' dir='ltr'>in</span> <span class='ocrx_word' id='word_1_171' title='bbox 849 1377 960 1418; x_wconf 86' lang='lat' dir='ltr'>primis</span> <span class='ocrx_word' id='word_1_172' title='bbox 985 1377 1024 1409; x_wconf 88' lang='lat' dir='ltr'>de</span> <span class='ocrx_word' id='word_1_173' title='bbox 1056 1388 1078 1412; x_wconf 74' lang='lat' dir='ltr'><strong>x</strong></span> <span class='ocrx_word' id='word_1_174' title='bbox 1105 1377 1220 1411; x_wconf 84' lang='lat' dir='ltr'>celdris</span> <span class='ocrx_word' id='word_1_175' title='bbox 1245 1378 1302 1419; x_wconf 85' lang='lat' dir='ltr'>viij</span> <span class='ocrx_word' id='word_1_176' title='bbox 1328 1377 1422 1410; x_wconf 84' lang='lat' dir='ltr'>bonis</span> <span class='ocrx_word' id='word_1_177' title='bbox 1448 1377 1471 1420; x_wconf 83' lang='lat' dir='ltr'>ij</span> <span class='ocrx_word' id='word_1_178' title='bbox 1504 1418 1506 1421; x_wconf 90' lang='lat'>.</span> 
     </span>
     <span class='ocr_line' id='line_1_30' title="bbox 423 1427 1504 1469; baseline 0.001 -11"><span class='ocrx_word' id='word_1_179' title='bbox 423 1427 545 1459; x_wconf 82' lang='lat' dir='ltr'>ferlotis</span> <span class='ocrx_word' id='word_1_180' title='bbox 572 1427 606 1468; x_wconf 74' lang='lat' dir='ltr'>iij</span> <span class='ocrx_word' id='word_1_181' title='bbox 632 1427 736 1468; x_wconf 86' lang='lat' dir='ltr'>peccis</span> <span class='ocrx_word' id='word_1_182' title='bbox 760 1427 915 1459; x_wconf 81' lang='lat' dir='ltr'>frumenti</span> <span class='ocrx_word' id='word_1_183' title='bbox 938 1437 994 1467; x_wconf 87' lang='lat' dir='ltr'>per</span> <span class='ocrx_word' id='word_1_184' title='bbox 1021 1428 1176 1468; x_wconf 79' lang='lat' dir='ltr'>arreragia</span> <span class='ocrx_word' id='word_1_185' title='bbox 1199 1427 1308 1459; x_wconf 87' lang='lat' dir='ltr'>ultimi</span> <span class='ocrx_word' id='word_1_186' title='bbox 1331 1428 1473 1469; x_wconf 90' lang='lat' dir='ltr'>computi</span> <span class='ocrx_word' id='word_1_187' title='bbox 1502 1432 1504 1438; x_wconf 82' lang='grc'><em>’</em></span> 
     </span>
     <span class='ocr_line' id='line_1_31' title="bbox 422 1476 1473 1516; baseline 0.001 -9"><span class='ocrx_word' id='word_1_188' title='bbox 422 1476 479 1507; x_wconf 87' lang='lat' dir='ltr'>sui.</span> <span class='ocrx_word' id='word_1_189' title='bbox 526 1477 568 1507; x_wconf 93' lang='lat' dir='ltr'>Et</span> <span class='ocrx_word' id='word_1_190' title='bbox 584 1476 622 1507; x_wconf 92' lang='lat' dir='ltr'>de</span> <span class='ocrx_word' id='word_1_191' title='bbox 639 1476 706 1516; x_wconf 79' lang='lat' dir='ltr'>xvij</span> <span class='ocrx_word' id='word_1_192' title='bbox 731 1476 846 1507; x_wconf 87' lang='lat' dir='ltr'>celdris</span> <span class='ocrx_word' id='word_1_193' title='bbox 863 1476 1017 1509; x_wconf 82' lang='lat' dir='ltr'>frumenti</span> <span class='ocrx_word' id='word_1_194' title='bbox 1040 1477 1210 1509; x_wconf 84' lang='lat' dir='ltr'>comitatus</span> <span class='ocrx_word' id='word_1_195' title='bbox 1234 1477 1379 1509; x_wconf 81' lang='lat' dir='ltr'>Moravie</span> <span class='ocrx_word' id='word_1_196' title='bbox 1395 1477 1473 1509; x_wconf 86' lang='lat' dir='ltr'>dicti</span> 
     </span>
     <span class='ocr_line' id='line_1_32' title="bbox 423 1525 1498 1566; baseline 0.001 -9"><span class='ocrx_word' id='word_1_197' title='bbox 423 1526 602 1562; x_wconf 82' lang='lat' dir='ltr'>comitatus,</span> <span class='ocrx_word' id='word_1_198' title='bbox 620 1525 750 1566; x_wconf 80' lang='lat' dir='ltr'>dempta</span> <span class='ocrx_word' id='word_1_199' title='bbox 772 1525 870 1556; x_wconf 88' lang='lat' dir='ltr'>tercia</span> <span class='ocrx_word' id='word_1_200' title='bbox 893 1525 1002 1558; x_wconf 87' lang='lat' dir='ltr'>debita</span> <span class='ocrx_word' id='word_1_201' title='bbox 1025 1536 1140 1566; x_wconf 85' lang='lat' dir='ltr'>sponse</span> <span class='ocrx_word' id='word_1_202' title='bbox 1164 1526 1286 1558; x_wconf 89' lang='lat' dir='ltr'>domini</span> <span class='ocrx_word' id='word_1_203' title='bbox 1312 1527 1471 1558; x_wconf 84' lang='lat' dir='ltr'>Johannis</span> <span class='ocrx_word' id='word_1_204' title='bbox 1495 1548 1498 1551; x_wconf 90' lang='lat'><em>-</em></span> 
     </span>
     <span class='ocr_line' id='line_1_33' title="bbox 422 1574 1471 1617; baseline 0.002 -12"><span class='ocrx_word' id='word_1_205' title='bbox 422 1575 550 1616; x_wconf 80' lang='lat' dir='ltr'>Ogilvy,</span> <span class='ocrx_word' id='word_1_206' title='bbox 566 1574 605 1605; x_wconf 87' lang='lat' dir='ltr'>de</span> <span class='ocrx_word' id='word_1_207' title='bbox 627 1574 764 1609; x_wconf 82' lang='lat' dir='ltr'>termino</span> <span class='ocrx_word' id='word_1_208' title='bbox 788 1574 898 1605; x_wconf 85' lang='lat' dir='ltr'>Sancti</span> <span class='ocrx_word' id='word_1_209' title='bbox 920 1574 1057 1607; x_wconf 86' lang='lat' dir='ltr'>Martini</span> <span class='ocrx_word' id='word_1_210' title='bbox 1083 1575 1168 1610; x_wconf 81' lang='lat' dir='ltr'>infra</span> <span class='ocrx_word' id='word_1_211' title='bbox 1195 1576 1255 1607; x_wconf 91' lang='lat' dir='ltr'>hoc</span> <span class='ocrx_word' id='word_1_212' title='bbox 1276 1580 1471 1617; x_wconf 82' lang='lat' dir='ltr'>computum,</span> 
     </span>
     <span class='ocr_line' id='line_1_34' title="bbox 421 1623 1471 1665; baseline 0.002 -10"><span class='ocrx_word' id='word_1_213' title='bbox 421 1625 497 1665; x_wconf 87' lang='lat' dir='ltr'>quia</span> <span class='ocrx_word' id='word_1_214' title='bbox 522 1628 601 1658; x_wconf 91' lang='lat' dir='ltr'>tunc</span> <span class='ocrx_word' id='word_1_215' title='bbox 631 1623 777 1660; x_wconf 83' lang='lat' dir='ltr'>redditur</span> <span class='ocrx_word' id='word_1_216' title='bbox 803 1627 938 1655; x_wconf 87' lang='lat' dir='ltr'>tantum.</span> <span class='ocrx_word' id='word_1_217' title='bbox 985 1624 1117 1659; x_wconf 87' lang='lat' dir='ltr'>Summa</span> <span class='ocrx_word' id='word_1_218' title='bbox 1141 1624 1250 1657; x_wconf 83' lang='lat' dir='ltr'>totalis</span> <span class='ocrx_word' id='word_1_219' title='bbox 1274 1625 1471 1657; x_wconf 87' lang='lat' dir='ltr'>oneracionis</span> 
     </span>
     <span class='ocr_line' id='line_1_35' title="bbox 421 1673 1499 1715; baseline 0.002 -11"><span class='ocrx_word' id='word_1_220' title='bbox 421 1684 494 1705; x_wconf 81' lang='lat' dir='ltr'>cuin</span> <span class='ocrx_word' id='word_1_221' title='bbox 511 1673 676 1714; x_wconf 83' lang='lat' dir='ltr'>arreragiis</span> <span class='ocrx_word' id='word_1_222' title='bbox 699 1673 864 1710; x_wconf 81' lang='lat' dir='ltr'>frumenti,</span> <span class='ocrx_word' id='word_1_223' title='bbox 887 1673 975 1713; x_wconf 81' lang='lat' dir='ltr'>xxvij</span> <span class='ocrx_word' id='word_1_224' title='bbox 1001 1673 1106 1707; x_wconf 82' lang='lat' dir='ltr'>oeldre</span> <span class='ocrx_word' id='word_1_225' title='bbox 1130 1674 1186 1715; x_wconf 83' lang='lat' dir='ltr'>viij</span> <span class='ocrx_word' id='word_1_226' title='bbox 1212 1674 1296 1705; x_wconf 88' lang='lat' dir='ltr'>bolle</span> <span class='ocrx_word' id='word_1_227' title='bbox 1318 1674 1340 1715; x_wconf 83' lang='lat' dir='ltr'>ij</span> <span class='ocrx_word' id='word_1_228' title='bbox 1359 1674 1470 1706; x_wconf 82' lang='lat' dir='ltr'>ferlote</span> <span class='ocrx_word' id='word_1_229' title='bbox 1485 1677 1499 1715; x_wconf 67' lang='lat' dir='ltr'>j</span> 
     </span>
     <span class='ocr_line' id='line_1_36' title="bbox 420 1724 573 1764; baseline -0.013 -9"><span class='ocrx_word' id='word_1_230' title='bbox 420 1724 454 1764; x_wconf 82' lang='lat' dir='ltr'>iij</span> <span class='ocrx_word' id='word_1_231' title='bbox 472 1733 573 1764; x_wconf 74' lang='lat' dir='ltr'>peuce.</span> 
     </span>
    </p>

    <p class='ocr_par' dir='ltr' id='par_1_11' title="bbox 420 1772 1499 2214">
     <span class='ocr_line' id='line_1_37' title="bbox 464 1772 1499 1814; baseline 0.003 -10"><span class='ocrx_word' id='word_1_232' title='bbox 464 1774 514 1805; x_wconf 90' lang='lat' dir='ltr'>De</span> <span class='ocrx_word' id='word_1_233' title='bbox 534 1773 659 1814; x_wconf 89' lang='lat' dir='ltr'>quibus,</span> <span class='ocrx_word' id='word_1_234' title='bbox 675 1772 809 1804; x_wconf 83' lang='lat' dir='ltr'>allocate</span> <span class='ocrx_word' id='word_1_235' title='bbox 833 1773 1032 1814; x_wconf 82' lang='lat' dir='ltr'>computanti</span> <span class='ocrx_word' id='word_1_236' title='bbox 1055 1783 1112 1814; x_wconf 82' lang='lat' dir='ltr'>per</span> <span class='ocrx_word' id='word_1_237' title='bbox 1135 1773 1330 1808; x_wconf 82' lang='lat' dir='ltr'>solucionem</span> <span class='ocrx_word' id='word_1_238' title='bbox 1355 1774 1499 1808; x_wconf 68' lang='lat' dir='ltr'>factam·</span> 
     </span>
     <span class='ocr_line' id='line_1_38' title="bbox 421 1821 1496 1864; baseline 0.001 -10"><span class='ocrx_word' id='word_1_239' title='bbox 421 1823 586 1855; x_wconf 83' lang='lat' dir='ltr'>Fratribus</span> <span class='ocrx_word' id='word_1_240' title='bbox 611 1822 868 1858; x_wconf 84' lang='lat' dir='ltr'>Predicatoribus</span> <span class='ocrx_word' id='word_1_241' title='bbox 890 1823 928 1854; x_wconf 89' lang='lat' dir='ltr'>de</span> <span class='ocrx_word' id='word_1_242' title='bbox 951 1823 1056 1864; x_wconf 83' lang='lat' dir='ltr'>Elgin‚</span> <span class='ocrx_word' id='word_1_243' title='bbox 1075 1823 1326 1864; x_wconf 87' lang='lat' dir='ltr'>percipientibus</span> <span class='ocrx_word' id='word_1_244' title='bbox 1349 1833 1470 1856; x_wconf 82' lang='lat' dir='ltr'>annua·</span> <span class='ocrx_word' id='word_1_245' title='bbox 1489 1821 1496 1842; x_wconf 80' lang='lat'>²·</span> 
     </span>
     <span class='ocr_line' id='line_1_39' title="bbox 421 1871 1473 1914; baseline 0.002 -11"><span class='ocrx_word' id='word_1_246' title='bbox 421 1873 481 1903; x_wconf 90' lang='lat' dir='ltr'>tim</span> <span class='ocrx_word' id='word_1_247' title='bbox 511 1872 590 1903; x_wconf 84' lang='lat' dir='ltr'>duas</span> <span class='ocrx_word' id='word_1_248' title='bbox 620 1872 741 1904; x_wconf 87' lang='lat' dir='ltr'>celdras</span> <span class='ocrx_word' id='word_1_249' title='bbox 772 1872 811 1903; x_wconf 91' lang='lat' dir='ltr'>de</span> <span class='ocrx_word' id='word_1_250' title='bbox 841 1871 992 1913; x_wconf 87' lang='lat' dir='ltr'>thanagio</span> <span class='ocrx_word' id='word_1_251' title='bbox 1022 1872 1175 1910; x_wconf 81' lang='lat' dir='ltr'>Moravie,</span> <span class='ocrx_word' id='word_1_252' title='bbox 1206 1872 1336 1914; x_wconf 83' lang='lat' dir='ltr'>dempta</span> <span class='ocrx_word' id='word_1_253' title='bbox 1373 1873 1473 1906; x_wconf 71' lang='lat' dir='ltr'>tercia</span> 
     </span>
     <span class='ocr_line' id='line_1_40' title="bbox 421 1921 1469 1964; baseline 0.002 -12"><span class='ocrx_word' id='word_1_254' title='bbox 421 1922 573 1963; x_wconf 86' lang='lat' dir='ltr'>ejusdem,</span> <span class='ocrx_word' id='word_1_255' title='bbox 589 1921 628 1953; x_wconf 89' lang='lat' dir='ltr'>de</span> <span class='ocrx_word' id='word_1_256' title='bbox 645 1932 728 1952; x_wconf 85' lang='lat' dir='ltr'>anno</span> <span class='ocrx_word' id='word_1_257' title='bbox 752 1922 894 1962; x_wconf 84' lang='lat' dir='ltr'>computi</span> <span class='ocrx_word' id='word_1_258' title='bbox 918 1925 951 1953; x_wconf 89' lang='lat' dir='ltr'>et</span> <span class='ocrx_word' id='word_1_259' title='bbox 973 1922 1033 1953; x_wconf 91' lang='lat' dir='ltr'>sub</span> <span class='ocrx_word' id='word_1_260' title='bbox 1055 1922 1196 1963; x_wconf 86' lang='lat' dir='ltr'>periculo</span> <span class='ocrx_word' id='word_1_261' title='bbox 1220 1923 1444 1963; x_wconf 74' lang='lat' dir='ltr'>computantis,</span> <span class='ocrx_word' id='word_1_262' title='bbox 1453 1923 1469 1964; x_wconf 88' lang='lat' dir='ltr'><strong>j</strong></span> 
     </span>
     <span class='ocr_line' id='line_1_41' title="bbox 421 1971 1487 2014; baseline 0 -11"><span class='ocrx_word' id='word_1_263' title='bbox 421 1972 527 2003; x_wconf 87' lang='lat' dir='ltr'>celdra</span> <span class='ocrx_word' id='word_1_264' title='bbox 542 1982 563 2002; x_wconf 88' lang='lat' dir='ltr'><strong>v</strong></span> <span class='ocrx_word' id='word_1_265' title='bbox 579 1971 661 2002; x_wconf 91' lang='lat' dir='ltr'>bolle</span> <span class='ocrx_word' id='word_1_266' title='bbox 682 1971 694 2011; x_wconf 82' lang='lat' dir='ltr'>j</span> <span class='ocrx_word' id='word_1_267' title='bbox 719 1971 835 2003; x_wconf 78' lang='lat' dir='ltr'>fei-lota</span> <span class='ocrx_word' id='word_1_268' title='bbox 854 1971 867 2011; x_wconf 86' lang='lat' dir='ltr'><strong>j</strong></span> <span class='ocrx_word' id='word_1_269' title='bbox 891 1981 987 2012; x_wconf 85' lang='lat' dir='ltr'>pecca</span> <span class='ocrx_word' id='word_1_270' title='bbox 1010 1971 1169 2003; x_wconf 87' lang='lat' dir='ltr'>frumenti.</span> <span class='ocrx_word' id='word_1_271' title='bbox 1215 1972 1258 2003; x_wconf 85' lang='lat' dir='ltr'>Et</span> <span class='ocrx_word' id='word_1_272' title='bbox 1280 1971 1393 2010; x_wconf 89' lang='lat' dir='ltr'>eidem,</span> <span class='ocrx_word' id='word_1_273' title='bbox 1414 1976 1487 2014; x_wconf 85' lang='lat' dir='ltr'>per&#39;</span> 
     </span>
     <span class='ocr_line' id='line_1_42' title="bbox 420 2020 1490 2061; baseline 0.001 -9"><span class='ocrx_word' id='word_1_274' title='bbox 420 2021 646 2053; x_wconf 86' lang='lat' dir='ltr'>liberacionem</span> <span class='ocrx_word' id='word_1_275' title='bbox 662 2021 780 2052; x_wconf 79' lang='lat' dir='ltr'>factam</span> <span class='ocrx_word' id='word_1_276' title='bbox 803 2020 948 2052; x_wconf 78' lang='lat' dir='ltr'>Johanni</span> <span class='ocrx_word' id='word_1_277' title='bbox 971 2021 1099 2052; x_wconf 88' lang='lat' dir='ltr'>domino</span> <span class='ocrx_word' id='word_1_278' title='bbox 1122 2021 1242 2053; x_wconf 85' lang='lat' dir='ltr'>Dernle</span> <span class='ocrx_word' id='word_1_279' title='bbox 1265 2022 1304 2053; x_wconf 83' lang='lat' dir='ltr'>de</span> <span class='ocrx_word' id='word_1_280' title='bbox 1320 2021 1490 2061; x_wconf 30' lang='lat' dir='ltr'>mandato,-</span> 
     </span>
     <span class='ocr_line' id='line_1_43' title="bbox 422 2070 1467 2111; baseline 0 -9"><span class='ocrx_word' id='word_1_281' title='bbox 422 2071 543 2102; x_wconf 88' lang='lat' dir='ltr'>domiui</span> <span class='ocrx_word' id='word_1_282' title='bbox 560 2070 641 2111; x_wconf 85' lang='lat' dir='ltr'>regis</span> <span class='ocrx_word' id='word_1_283' title='bbox 657 2070 833 2101; x_wconf 77' lang='lat' dir='ltr'>literatorie</span> <span class='ocrx_word' id='word_1_284' title='bbox 848 2070 908 2101; x_wconf 87' lang='lat' dir='ltr'>sub</span> <span class='ocrx_word' id='word_1_285' title='bbox 924 2071 1057 2111; x_wconf 85' lang='lat' dir='ltr'>signeto,</span> <span class='ocrx_word' id='word_1_286' title='bbox 1073 2081 1129 2111; x_wconf 89' lang='lat' dir='ltr'>per</span> <span class='ocrx_word' id='word_1_287' title='bbox 1143 2071 1339 2111; x_wconf 86' lang='lat' dir='ltr'>signaturam</span> <span class='ocrx_word' id='word_1_288' title='bbox 1355 2070 1467 2102; x_wconf 85' lang='lat' dir='ltr'>Archi—</span> 
     </span>
     <span class='ocr_line' id='line_1_44' title="bbox 421 2119 1468 2161; baseline 0 -10"><span class='ocrx_word' id='word_1_289' title='bbox 421 2120 516 2152; x_wconf 82' lang='lat' dir='ltr'>baldo</span> <span class='ocrx_word' id='word_1_290' title='bbox 526 2120 654 2151; x_wconf 88' lang='lat' dir='ltr'>Broune</span> <span class='ocrx_word' id='word_1_291' title='bbox 670 2119 832 2157; x_wconf 76' lang='lat' dir='ltr'>directam,</span> <span class='ocrx_word' id='word_1_292' title='bbox 847 2123 1007 2151; x_wconf 84' lang='lat' dir='ltr'>ostensam</span> <span class='ocrx_word' id='word_1_293' title='bbox 1024 2130 1120 2160; x_wconf 89' lang='lat' dir='ltr'>super</span> <span class='ocrx_word' id='word_1_294' title='bbox 1135 2123 1330 2161; x_wconf 87' lang='lat' dir='ltr'>computum,</span> <span class='ocrx_word' id='word_1_295' title='bbox 1338 2120 1351 2161; x_wconf 86' lang='lat' dir='ltr'><strong>j</strong></span> <span class='ocrx_word' id='word_1_296' title='bbox 1363 2119 1468 2151; x_wconf 68' lang='lat' dir='ltr'>caldra</span> 
     </span>
     <span class='ocr_line' id='line_1_45' title="bbox 422 2167 1493 2214; baseline 0 -14"><span class='ocrx_word' id='word_1_297' title='bbox 422 2170 585 2204; x_wconf 79' lang='lat' dir='ltr'>frumenti.</span> <span class='ocrx_word' id='word_1_298' title='bbox 630 2169 674 2205; x_wconf 85' lang='lat' dir='ltr'>Et</span> <span class='ocrx_word' id='word_1_299' title='bbox 711 2169 823 2206; x_wconf 80' lang='lat' dir='ltr'>eidem,</span> <span class='ocrx_word' id='word_1_300' title='bbox 868 2179 925 2214; x_wconf 86' lang='lat' dir='ltr'>per</span> <span class='ocrx_word' id='word_1_301' title='bbox 961 2169 1185 2206; x_wconf 68' lang='lat' dir='ltr'>liberacionem,</span> <span class='ocrx_word' id='word_1_302' title='bbox 1229 2170 1347 2202; x_wconf 82' lang='lat' dir='ltr'>factam</span> <span class='ocrx_word' id='word_1_303' title='bbox 1384 2167 1493 2209; x_wconf 45' lang='lat' dir='ltr'>dicto&amp;</span> 
     </span>
    </p>
   </div>
   <div class='ocr_carea' id='block_1_9' title="bbox 1483 0 1551 2462">
    <p class='ocr_par' dir='ltr' id='par_1_12' title="bbox 1483 0 1551 2462">
     <span class='ocr_line' id='line_1_46' title="bbox 1483 0 1551 2462; baseline 0 0"><span class='ocrx_word' id='word_1_304' title='bbox 1483 0 1551 2462; x_wconf 95' lang='lat' dir='ltr'> </span> 
     </span>
    </p>
   </div>
  </div>
 </body>
</html>
