1551 2462
177 1035 342 1064 Respondebit

179 1065 280 1093 Gutture,

177 1095 302 1118 rotulator.

235 1149 280 1172 Do.

178 1245 285 1287 Elgyn
303 1248 335 1277 et

178 1290 280 1320 Fores.

395 286 456 335 508
709 304 873 336 norum
898 304 1134 336 SCAccAnn
1356 305 1448 337 1467.

393 398 558 429 Willelmo
615 398 738 429 fatente
793 401 958 439 receptum
1009 408 1106 439 super
1158 402 1354 439 computum,
1407 398 1446 430 de

393 447 530 478 termino
554 448 775 479 Pentichostes
799 447 916 485 ultimi,
940 459 960 478 x
984 447 1015 478 fi.
1062 448 1105 478 Et
1132 448 1261 485 eisdem,
1281 458 1338 489 per
1361 448 1445 479 solu-

392 497 517 528 cionem
547 497 666 528 factam
697 497 865 528 Elizabeth
891 497 1041 538 priorisse
1069 498 1109 529 de
1132 498 1363 540 Hadingtoune
1388 509 1445 539 pro

393 547 542 587 expensis
558 547 686 578 domine
702 547 891 588 Margarete,
908 547 1023 578 sororis
1040 547 1163 578 domini
1184 548 1275 589 regis,
1300 558 1358 589 pro
1381 548 1446 580 suis

392 596 564 628 esculentis
580 600 612 628 et
628 597 807 638 poculentis
823 597 942 628 ibidem
959 597 1061 634 factis,
1085 597 1124 628 de
1147 598 1300 629 mandato
1323 597 1446 629 domini

392 647 492 677 nostri
509 647 591 688 regis
607 647 667 678 sub
683 647 809 687 privato
831 646 910 678 alias
934 650 1061 678 ostenso
1084 657 1180 688 super
1203 650 1391 688 computum
1413 650 1446 679 et

392 695 502 727 literas
525 696 610 727 dicte
633 696 780 737 priorisse
804 696 842 727 de
865 700 1002 738 recepto,
1025 697 1082 738 xiij
1099 696 1131 727 Ti.
1157 697 1187 737 vj
1206 701 1229 728 ἔ.
1253 697 1309 738 vijj
1330 697 1358 728 d.
1404 697 1446 728 Et
1486 721 1490 723 Δ

393 746 588 776 numeratori
617 745 753 787 pellium
783 756 840 786 pro
876 746 942 777 suis
981 746 1160 787 diligenciis
1197 747 1232 777 in
1261 747 1449 788 hujusmodi

393 795 504 832 officio,
520 806 559 827 ex
576 796 831 827 consideracione
848 796 1031 832 auditorum
1047 796 1106 827 hoc
1123 807 1215 834 auno,
1232 797 1287 837 xiij
1306 801 1328 828 s.
1352 797 1399 838 iiij
1416 796 1444 828 d.

392 845 435 876 Et
448 845 576 883 eisdem,
587 856 643 886 pro
655 845 772 887 viginti
787 849 926 886 quatuor
941 846 1027 878 ulnis
1045 847 1212 878 cordarum
1228 857 1285 887 pro
1301 846 1395 878 scalis
1407 846 1447 878 ad

391 898 518 926 tronam
534 896 651 936 emptis
667 906 723 936 per
740 899 982 937 computantem
998 899 1030 927 et
1052 896 1174 928 ibidem
1197 896 1446 933 remanentibus,
1475 892 1479 893 ⁷

391 955 449 985 pro
465 946 581 986 quibus
597 946 810 987 respondebit,
835 957 875 977 ex
898 946 1156 978 consideracione
1180 947 1371 984 auditorum,
1387 957 1408 977 x
1424 951 1447 978 s.

394 995 452 1036 [Το
471 995 680 1036 Oomptroller,
697 996 779 1027 „4⁰90.
825 995 913 1034 Sum,
928 997 1027 1028 „8150
1041 997 1106 1028 163.
1125 997 1173 1028 m.
1219 997 1449 1033 Balanaessffl
1476 997 1483 1000 ”

393 1046 436 1076 Is.
461 1044 559 1087 Ossedff,
583 1056 680 1086 quam
703 1056 863 1077 summam
886 1045 983 1077 solvit
1006 1046 1091 1077 dicto
1115 1050 1339 1088 computorum
1361 1049 1447 1077 rotu-
1490 1054 1507 1076 .’

393 1095 487 1126 latori
509 1105 566 1136 per
589 1095 828 1136 obligacionem,
859 1106 915 1137 pro
939 1096 1055 1137 quibus
1079 1096 1292 1137 respondebit.
1339 1096 1382 1127 Et
1403 1096 1483 1139 sio]
1503 1125 1506 1130 ,

394 1155 483 1186 eque.

439 1251 634 1292 Computum
665 1252 688 1283 J
690 1252 780 1283 acobi
803 1252 956 1293 Douglas,
987 1252 1174 1284 custumarii
1207 1253 1379 1293 burgorum
1409 1252 1449 1284 de

394 1300 500 1342 Elgyn
516 1305 549 1332 et
565 1301 668 1338 Fores,
686 1301 805 1342 [pao-th,
820 1302 843 1332 3
858 1301 943 1332 June
960 1301 1059 1342 1467]
1076 1311 1133 1342 per
1156 1305 1336 1339 custuniani
1357 1301 1449 1343 burgi
1491 1304 1494 1343 J

394 1350 433 1381 de
457 1350 561 1391 Elgin,
585 1350 660 1391 quia
683 1350 774 1381 nulla
799 1354 946 1382 custuma
969 1351 1029 1382 hoc
1057 1361 1140 1382 anno
1164 1351 1341 1382 habebatur
1364 1351 1448 1392 apud

394 1400 499 1436 Fores,
517 1400 624 1440 [from
640 1403 728 1440 ento-y
743 1411 783 1430 οη
798 1400 883 1441 office,
899 1401 953 1431 viz.
970 1401 1015 1431 5²0
1029 1400 1142 1432 March
1157 1401 1250 1438 1467.
1489 1427 1498 1446 ὁ

440 1450 564 1490 Olmrqc.
613 1450 738 1481 Ouslom
763 1449 800 1490 of
820 1451 842 1480 8
868 1450 972 1480 decores
999 1450 1086 1481 hides
1110 1448 1180 1492 (24⁰1
1203 1451 1246 1481 Is,
1262 1450 1341 1489 spol),
1360 1450 1450 1490 from
1483 1449 1499 1458 ⁹

388 1503 464 1540 port
480 1500 517 1540 of
526 1500 634 1539 Elyz'n,
651 1499 716 1530 and
730 1500 775 1530 38
790 1500 882 1530 dozen
893 1500 1017 1530 woollen
1034 1500 1112 1530 eloth
1127 1500 1254 1530 various
1263 1501 1365 1540 prices
1379 1500 1452 1540 (³202
1473 1532 1479 1535 ,
1509 1523 1512 1527 .

393 1550 478 1588 33.);
501 1550 557 1580 26⁰3
570 1550 613 1586 43.
630 1549 696 1589 bd]

440 1598 688 1629 Memorandum
703 1598 789 1638 quod
805 1601 995 1638 computans
1008 1608 1072 1629 non
1089 1602 1200 1629 onerat
1211 1609 1244 1629 se
1254 1599 1293 1630 de
1304 1602 1451 1630 custuma
1475 1601 1481 1604 ’

396 1647 578 1678 salmonum
594 1647 749 1678 salsorum
766 1651 999 1688 asportatorum
1023 1651 1112 1678 extra
1127 1658 1261 1688 regnum
1277 1648 1353 1688 quia
1368 1648 1452 1679 nulli
1484 1648 1486 1652 ’

397 1745 533 1770 Wiuelmo
551 1745 650 1777 Rogeri,
665 1753 710 1778 pro
728 1753 773 1770 suo
790 1745 860 1769 fideli
876 1745 981 1769 servicio
998 1745 1072 1769 nobis
1092 1747 1117 1769 et
1133 1746 1160 1770 in
1178 1745 1274 1778 capena
1290 1749 1377 1771 nostra
1395 1755 1452 1772 con·
1499 1763 1506 1770 .

398 1785 471 1809 tinne
484 1784 663 1816 impendendo,
678 1792 803 1808 summam
815 1784 911 1816 viginti
923 1784 1045 1808 librarum
1056 1784 1153 1808 usualis
1165 1789 1265 1809 monete
1277 1785 1348 1817 regni
1361 1785 1448 1817 nostri,

397 1823 534 1847 annuatim
551 1823 685 1848 levandam
706 1823 736 1847 de
753 1823 853 1855 magnis
874 1823 998 1847 custumis
1017 1822 1092 1855 burgi
1111 1823 1193 1847 nostri
1211 1823 1241 1847 de
1259 1823 1449 1856 Hadingtoune,
1497 1849 1504 1853 ,

397 1870 495 1894 semper
507 1864 533 1886 et
545 1869 675 1894 quousque
693 1862 762 1886 dieto
774 1861 905 1886 Willelmo
926 1861 957 1885 de
975 1861 1060 1893 aliqua
1080 1862 1207 1894 prebenda
1224 1862 1264 1887 vel
1281 1862 1404 1895 hospitali
1421 1863 1453 1888 ad
1475 1881 1499 1899 »-

397 1901 509 1925 valorem
527 1900 593 1925 dicte
606 1908 703 1925 summe
715 1900 810 1932 viginti
821 1900 944 1924 librarum
956 1900 997 1924 vel
1014 1900 1124 1932 amplius
1137 1901 1300 1933 provideatur
1317 1902 1349 1926 ad
1361 1903 1448 1927 vitam.

398 1940 480 1969 Quare
499 1940 660 1964 custumariis
678 1939 790 1971 ejusdem
808 1939 883 1971 burgi
900 1939 981 1963 nostri
999 1939 1043 1971 qui
1060 1947 1106 1972 pro
1123 1942 1236 1972 tempore
1253 1941 1348 1965 fuerint
1365 1941 1452 1966 stricte

398 1978 560 2011 precipiendo
577 1978 729 2002 mandamus
752 1980 878 2010 quatenus
901 1978 997 2002 dictam
1020 1986 1146 2003 summam
1168 1979 1237 2004 dieto
1259 1979 1390 2004 Willelmo
1411 1979 1452 2004 vel
1483 2009 1509 2013 ι,

398 2018 451 2042 suis
463 2017 599 2049 assignatis
616 2017 922 2049 annuatinrpersolvant,
937 2025 1014 2049 quam
1027 2025 1153 2042 summam
1171 2018 1198 2042 in
1216 2019 1338 2043 scaccario
1355 2020 1448 2048 nostm,

398 2056 507 2080 ostensis
519 2056 595 2080 semel
606 2056 767 2088 presentibus
780 2063 862 2080 coram
885 2055 1044 2080 auditoribus
1062 2056 1173 2088 ejusdem
1192 2059 1218 2081 et
1234 2056 1262 2080 in
1279 2057 1370 2082 rotulis
1387 2064 1451 2082 com·
1461 2056 1494 2082 ‘s
1538 2053 1543 2060 '

397 2095 456 2127 puti
481 2096 561 2119 nostri
579 2095 729 2127 registratis,
753 2095 906 2127 precipimus
929 2097 955 2119 et
978 2095 1097 2119 volumus
1120 2095 1189 2119 dicto
1211 2095 1319 2120 durante
1341 2098 1451 2128 tempore
1492 2112 1493 2115 κ
1539 2124 1544 2129 .

399 2134 509 2158 auocari.
547 2134 643 2158 Datum
667 2134 714 2158 sub
732 2136 818 2158 nostro
841 2136 935 2158 secreto
959 2133 1044 2166 sigillo
1069 2134 1138 2166 apud
1161 2134 1311 2166 Edinburgh
1334 2134 1452 2159 vicesimo
1488 2135 1490 2138 ’
1544 2167 1550 2176 ι

399 2172 490 2204 quinto
508 2172 549 2196 die
571 2172 666 2196 mensis
684 2172 814 2196 Februarii
838 2180 904 2196 anno
923 2172 1028 2196 Domini
1051 2172 1188 2196 millesimo
1206 2173 1452 2205 quadringentesimo
1487 2168 1490 2198 s

398 2211 554 2242 sexagesimo
566 2214 636 2236 sexto
649 2214 674 2235 ct
686 2211 757 2243 regni
769 2211 850 2236 nostri
862 2211 978 2243 septimo.
1016 2211 1070 2236 Hcc
1081 2211 1157 2236 litera
1165 2211 1307 2244 subscripta
1314 2214 1367 2237 erat
1375 2219 1452 2237 manu

398 2250 476 2281 regia,
491 2252 517 2274 et
529 2249 679 2282 registratur
691 2257 735 2282 per
746 2258 786 2274 me
799 2249 937 2274 Ricardum
950 2250 1064 2279 Roberti,
1079 2252 1143 2275 teste
1155 2258 1233 2275 manu
1245 2251 1352 2283 propria.
