1551 2462
169 215 259 245 1463.
473 212 636 244 REGUM
660 212 906 245 SOOTORUM.
1159 215 1218 245 197

166 316 262 347 super
291 309 483 347 compotum,
509 306 586 347 xxvj
619 310 642 337 ἔ.
672 305 729 347 viij
763 305 792 338 d.
854 306 898 337 Et
930 316 987 347 per
1024 307 1219 347 superfluam

165 356 385 388 oneracionem
413 356 589 388 molendini
613 356 652 387 de
679 356 844 397 Fruquhy,
861 366 900 387 ex
927 366 964 387 eo
987 356 1073 396 quod
1096 356 1219 387 dictum

165 405 385 437 molendinum
402 405 587 437 elevabatur
601 405 636 436 in
653 405 735 437 festo
759 405 986 436 Pentechostes
1008 405 1044 436 in
1059 415 1143 436 anno
1160 409 1217 437 etc.

165 455 360 496 sexagesimo
376 456 514 487 secundo
528 455 568 487 ad
584 459 722 496 quatuor
733 465 855 486 marcas
868 458 900 486 et
912 455 1000 496 prius
1013 455 1218 486 assedabatur

164 515 221 545 pro
244 505 454 546 quadraginta
477 505 595 543 solidis,
611 505 650 536 de
664 515 758 536 anno
781 505 918 546 compoti
944 508 976 536 et
993 504 1031 535 de
1048 515 1132 547 anno
1147 515 1217 545 pre-

165 554 297 586 cedente
320 555 379 587 hoc
409 558 601 596 compotum,
632 556 709 595 xxvj
738 559 761 586 ἓ.
793 555 850 595 viij
883 554 912 586 d.
958 554 1091 585 Summa
1120 554 1217 595 hujus

164 613 310 645 expense,
325 604 418 645 lxxiij
434 603 466 636 fi.
481 605 504 645 ij
522 609 545 636 s.
563 604 608 645 iiij
627 604 656 636 d.
702 605 744 635 Et
760 604 805 635 sic
825 607 949 635 restant
964 604 1090 645 v⁶lxxiij
1107 604 1138 635 H'.
1156 615 1177 635 v
1193 608 1215 635 s.

163 653 199 684 ix
228 653 258 685 d.
288 653 336 685 ob.
381 654 431 685 De
458 664 530 695 qua,
554 653 688 685 allocate
717 654 914 694 compotanti
941 664 997 694 per
1020 653 1216 684 solucionem

163 702 280 734 factam
296 703 403 734 David
427 703 521 744 Boys,
537 704 688 744 magistro
711 703 830 735 fabrice
850 703 889 735 de
905 703 1158 744 Ravynniscrag‚
1175 703 1215 734 ad

160 752 313 784 fabricam
329 752 481 793 ejusdem,
494 753 533 784 de
549 753 700 784 mandato
718 753 844 784 domine
860 753 978 794 regine,
996 756 1033 784 ut
1049 756 1139 794 patet
1155 763 1212 794 per

162 801 289 833 literam
305 812 362 833 sua
377 803 613 844 subscripcione
636 803 781 834 manuali
804 804 1018 844 subscriptam
1042 805 1074 834 et
1089 803 1216 834 literam

163 851 284 883 domini
314 853 445 884 Roberti
476 853 609 894 Spanky
636 863 694 884 sua
723 854 850 894 propria
876 863 975 884 manu
1001 853 1154 893 scriptam
1176 863 1216 883 ex

163 905 254 942 parte
278 902 357 933 dicti
381 902 488 933 David
513 902 552 933 de
575 906 711 943 recepto,
734 906 877 934 ostensas
904 912 1000 942 super
1024 905 1215 942 compotum,
1230 927 1394 957 Respondebit

162 951 198 981 xl
220 951 261 989 nl,
283 961 339 992 pro
364 952 481 992 quibus
504 952 717 992 respondebit,
733 955 765 982 et
788 954 865 983 nota
887 951 973 992 quod
996 961 1123 988 summa
1146 961 1215 991 pre·
1230 958 1309 981 David
1320 959 1392 988 Boys

163 1001 249 1032 dicta
264 1001 326 1032 fuit
342 1001 446 1032 soluta
459 1001 555 1032 tercio
568 1002 589 1032 J
592 1001 651 1032 11111
661 1001 845 1032 immediate
862 1005 935 1032 ante
946 1001 1005 1032 1100
1022 1004 1215 1041 compotum.

163 1051 206 1081 Et
230 1050 342 1087 eidem,
366 1049 644 1092 per‘solucionem
672 1051 790 1082 factam
817 1051 902 1082 dicto
928 1051 1037 1082 David
1064 1051 1149 1091 Boys
1175 1050 1216 1081 ad

163 1099 282 1131 dictam
298 1100 459 1138 fabricam,
475 1104 512 1131 ut
527 1104 616 1141 patet
631 1111 688 1141 per
703 1100 830 1132 literam
846 1100 925 1131 dicti
941 1099 1063 1130 domini
1085 1099 1217 1131 Roberti

164 1149 296 1190 Spanky
323 1149 559 1181 vicesimonono
586 1149 670 1181 Julii
699 1150 852 1191 scriptam
880 1149 919 1180 de
945 1152 1071 1190 recepto
1098 1152 1130 1180 et
1156 1150 1216 1181 sub
1230 1177 1276 1199 Res
1278 1176 1394 1206 p'ondbe

163 1199 304 1239 periculo
321 1200 545 1240 compotantis,
562 1200 594 1240 xj
611 1199 642 1230 1]
659 1209 716 1240 pro
740 1199 857 1240 quibus
880 1199 981 1230 eciam
1003 1198 1214 1239 1espondebit.
1229 1184 1308 1229 David
1319 1185 1391 1236 Βὲγζ

162 1248 206 1279 Et
228 1248 341 1286 eidem,
356 1259 412 1289 per
433 1248 631 1280 solucionem
654 1249 772 1279 factam
796 1248 938 1279 Henrico
962 1247 1142 1278 Me1lzioun
1158 1258 1215 1288 pro
1230 1260 1369 1284 Onerandus
1380 1263 1417 1285 est

163 1297 255 1328 feodo
278 1297 374 1329 unius
397 1298 503 1329 latimi
525 1297 563 1329 de
586 1297 686 1328 firmis
710 1297 888 1328 molendini
911 1297 951 1328 de
974 1297 1126 1334 Kinloch,
1142 1307 1215 1328 eum
1229 1290 1420 1343 Dffissi‘hffcyffmi?

163 1347 279 1388 quibus
295 1347 399 1378 dictus
415 1347 523 1378 David
538 1348 624 1388 Boys
648 1347 827 1378 onerandus
844 1349 892 1378 est
910 1347 946 1377 in
967 1347 1112 1387 proximo
1129 1357 1213 1378 com·
1228 1327 1286 1379 {oto
1297 1357 1347 1373 suo

163 1400 237 1436 poto
250 1406 315 1434 suo,
331 1406 371 1427 ex
381 1406 417 1428 eo
424 1397 518 1438 quod
532 1396 638 1428 dictus
653 1397 814 1428 Henricus
827 1396 986 1437 obligatur
998 1396 1038 1427 ad
1054 1399 1214 1427 sustenta—

162 1446 285 1477 cionem
300 1447 396 1477 unius
412 1446 517 1477 latimi
531 1447 572 1478 ad
588 1447 708 1478 dictam
724 1446 878 1478 fabricam
901 1446 941 1478 de
964 1446 1215 1487 Ravynniscrag,

162 1496 217 1536 viij
249 1495 281 1528 11.
326 1496 368 1528 Et
398 1496 512 1534 eidem,
538 1507 595 1538 per
625 1496 822 1528 solucionem
853 1496 972 1527 factam
994 1496 1080 1527 dicto
1106 1496 1214 1526 David

162 1546 247 1587 Boys
274 1546 314 1577 ad
343 1546 467 1578 dietum
498 1547 651 1578 fabricam
682 1547 722 1578 de
750 1546 1002 1587 Ravynniscrag,
1027 1555 1083 1586 per
1106 1555 1214 1585 recep—

160 1596 284 1627 cionem
321 1595 400 1627 dicti
445 1596 580 1629 Henrici
618 1596 799 1628 Merlzioun
844 1606 884 1627 ex
929 1598 1020 1636 parte
1069 1594 1214 1635 ejusdem

161 1644 277 1683 David,
290 1648 322 1677 et
337 1645 376 1677 de
393 1645 510 1686 quibus
527 1645 632 1677 dictus
650 1645 756 1677 David
771 1645 912 1676 reddidit
928 1647 1121 1686 compotum,
1138 1643 1172 1674 xl
1189 1648 1213 1675 ἔ.

159 1694 203 1726 Et
232 1695 346 1733 eidem,
368 1705 426 1736 per
449 1695 645 1727 solucionem
668 1695 788 1726 factam
810 1695 990 1736 Mergarete
1006 1694 1045 1725 de
1072 1693 1213 1730 Balsour,

162 1754 276 1785 sponse
292 1745 516 1786 compotantis,
539 1745 580 1776 ad
603 1748 688 1776 tecas
712 1744 840 1776 domine
863 1744 970 1785 regine
985 1743 1070 1774 infra
1085 1746 1213 1783 tempus

161 1795 308 1835 compoti,
331 1795 391 1827 sub
418 1795 559 1836 periculo
587 1794 811 1836 ccmpotantis,
832 1793 916 1835 j⁰xlv
943 1793 986 1830 fi„
1012 1803 1068 1833 pro
1095 1792 1212 1833 quibus
1226 1786 1294 1839 ffissrp
1279 1786 1427 1846 ἓξξξξξξῆι-

160 1844 371 1885 respondebit
418 1845 462 1876 Et
493 1845 605 1882 eidem,
643 1854 700 1885 per
737 1843 932 1875 solucionem
970 1842 1089 1873 factam
1127 1842 1211 1872 dicte
1225 1835 1293 1869 four‘.³

161 1892 340 1935 Mergarete
357 1894 490 1925 130110111-
507 1894 547 1925 ad
563 1894 663 1925 dictas
679 1897 766 1925 tecas
782 1893 882 1924 altera
891 1892 961 1923 vice
977 1895 1010 1922 et
1024 1891 1084 1922 sub
1101 1891 1211 1922 eodem
1224 1884 1410 1943 ξξξῐζιῑξῇῐζέε

160 1943 310 1984 periculo,
325 1944 405 1984 xxiij
422 1944 453 1974 fi.
457 1954 536 1985 ‚pro
552 1944 669 1985 quibus
685 1944 784 1975 eciam
797 1942 1008 1984 respondebit.
1045 1941 1088 1972 Et
1099 1941 1212 1977 eidem,
1225 1945 1283 1966 reta.

161 2003 218 2033 per
247 1992 442 2024 solucionem
473 1993 592 2024 factam
622 1993 706 2025 dicte
736 1993 916 2034 Mergarete
946 1991 986 2022 de
1010 1990 1143 2021 Balfour
1172 1990 1212 2021 ad

161 2041 301 2082 prefatas
320 2041 452 2073 cofferas
473 2042 601 2074 domine
622 2043 731 2084 regine
755 2018 828 2073 aliae
839 2041 909 2072 vice
932 2044 965 2071 et
987 2040 1046 2071 sub
1070 2039 1212 2080 predicto

161 2090 312 2131 periculo,
327 2089 396 2131 j⁰xx
413 2090 455 2128 11,
469 2102 527 2132 pro
544 2092 660 2132 quibus
683 2092 785 2123 eciam
802 2089 1013 2131 respondebit.
1045 2089 1088 2120 Et
1100 2088 1212 2126 eidem,
1285 2099 1329 2121 Do.

163 2150 219 2181 per
250 2140 444 2172 solucionem
471 2141 590 2172 factam
611 2141 721 2173 eedem
744 2140 923 2181 Margarete
953 2139 992 2170 de
1014 2138 1147 2170 Balfour
1173 2137 1213 2170 ad
