1551 2462
86 281 89 284 ,
130 264 220 304 1466.
299 314 302 315 ⁷
441 269 602 302 REGUM
626 269 871 302 SOOTORUM.
1117 271 1176 300 395

127 363 303 396 secundum
329 363 363 393 in
388 363 589 394 excambium
615 369 694 393 'cum
724 362 834 393 decem
862 363 1012 393 marcatis
1037 364 1120 392 terre
1142 361 1179 392 de

127 413 275 445 Ballerno
292 412 420 443 domino
437 413 583 454 episcopo
599 412 835 449 Dunkeldensi,
853 415 889 442 ut
912 415 1001 453 patet
1017 412 1050 442 in
1067 411 1180 442 rotulis

127 462 378 505 precedentibus,
405 462 444 493 de
469 472 553 493 anno
580 462 723 502 computi
750 465 783 492 et
810 462 870 492 sub
894 461 1034 502 periculo
1051 471 1180 501 compu-

128 512 235 550 tantis,
254 512 288 542 xl
304 516 327 543 5.
373 512 415 542 Et
431 511 470 543 de
486 511 586 542 firmis
601 514 758 542 terrarum
775 511 814 542 de
831 511 1041 548 Dalmarnok,
1055 520 1179 542 conces<

129 572 234 594 sarum
250 561 335 593 dieto
352 561 498 602 episcopo
522 561 556 592 111
578 561 765 602 hujusmodi
789 562 992 592 excambium
1015 571 1071 602 pro
1087 560 1181 591 dictis

129 612 221 643 terris
244 610 283 642 de
307 610 465 647 Ballerno,
481 610 520 641 de
544 610 630 641 dicto
657 621 749 648 anno,
773 611 807 652 iij
832 611 863 642 H.
889 611 920 651 vj
945 615 967 642 ἐ.
992 611 1047 651 viij
1066 610 1093 641 d.
1140 610 1182 640 Et,

130 661 240 699 eidem,
265 660 304 692 de
328 660 428 691 firmis
456 663 612 691 terrarum
640 661 679 691 dc
705 661 843 702 Erntuly
871 664 1096 702 occupatarum
1126 670 1182 700 per

130 711 252 742 dictum
263 710 430 741 dominum
443 710 637 750 episcopum,
649 709 710 740 sibi
721 720 941 741 concessarum
955 720 1010 751 per
1020 710 1182 740 dominam

129 760 272 800 reginam
287 770 344 800 pro
359 760 451 790 terris
468 759 689 790 ecclesiasticis
706 759 744 791 dc
760 760 917 791 Abircorn
934 760 1095 800 occupatis
1109 769 1181 789 cum

129 809 259 851 grangia
275 809 313 841 de
325 809 498 847 Abercorn,
508 809 547 840 de
563 819 646 840 anno
663 809 805 850 computi
821 813 853 840 eb
864 810 923 841 sub
935 809 1019 840 dicto
1032 809 1182 850 periculo,

131 859 187 899 xiij
204 858 235 890 fi„
251 858 284 899 vj
302 853 328 889 ἔξ
342 858 397 899 viij
415 858 444 889 d.
489 859 532 889 Et
547 858 659 895 eidem,
676 868 731 899 per
753 859 946 899 superfluam
962 859 1183 890 oneracionem

131 911 286 940 terrarum
302 908 340 939 de
357 908 569 949 Glenlyoune,
585 918 621 939 eo
637 908 723 949 quod
747 908 830 940 dicte
853 912 933 940 terre
957 912 1085 939 tantum
1101 918 1183 941 asse-

131 957 250 989 dantur
274 968 332 999 pro
359 958 593 998 quinquaginta
616 957 730 989 marcis
754 958 788 988 in
812 968 904 995 anno,
928 962 1022 999 proub
1045 961 1134 998 patet
1150 957 1184 988 iu

132 1007 255 1044 rentali,
271 1008 310 1038 de
327 1017 410 1038 anno
432 1007 584 1048 computi,
599 1007 620 1048 ij
641 1007 673 1038 n‘.
691 1007 747 1048 xiij
765 1012 787 1038 s.
804 1007 850 1047 iiij
870 1007 897 1038 d.
944 1008 987 1038 Ee
1002 1008 1114 1044 eidem,
1129 1017 1186 1047 per

133 1057 328 1098 superfluam
344 1057 566 1088 oneracionem
589 1059 743 1087 terrarum
767 1057 806 1088 de
830 1057 962 1088 Ranach
978 1068 1051 1088 cum
1068 1057 1185 1097 quibus

134 1109 323 1147 computans
341 1107 488 1147 superius
504 1110 661 1143 oneratur,
674 1117 714 1137 ex
730 1116 766 1137 eo
782 1106 867 1147 quod
884 1107 1087 1147 reperiuntur
1103 1117 1186 1138 asse-

134 1155 203 1187 dari
219 1166 275 1197 pro
292 1155 401 1186 decem
425 1155 540 1186 marcis
563 1155 597 1186 in
621 1166 704 1186 anno
727 1156 750 1187 J
752 1155 871 1187 ohanni
888 1156 1032 1193 Stewart,
1048 1156 1086 1187 de
1103 1167 1186 1187 anno

134 1205 286 1246 computi,
317 1205 348 1246 xj
383 1204 415 1236 n.
447 1205 503 1246 xiij
533 1209 556 1237 ἔ.
583 1205 629 1246 iiij
657 1205 685 1235 d.
732 1204 777 1236 Et
800 1216 888 1237 maro
912 1206 951 1238 de
975 1206 1138 1247 Deschyre
1155 1210 1187 1237 eb

135 1255 275 1296 Twyere,
289 1265 343 1295 pro
361 1254 454 1285 feodo
471 1264 529 1286 suo
545 1254 584 1286 de
600 1265 684 1285 anno
701 1255 852 1295 computi,
869 1255 903 1286 xl
919 1259 941 1286 ἔ.
987 1256 1030 1286 Et
1045 1266 1132 1287 maro
1149 1256 1187 1286 de

136 1304 332 1345 Glenlyoun,
344 1314 401 1344 pro
414 1304 505 1335 feodo
522 1314 578 1334 suo
595 1304 634 1335 de
650 1303 761 1335 eodem
772 1314 864 1341 anno,
877 1305 953 1345 xxvj
972 1309 993 1336 s.
1011 1305 1067 1345 viij
1079 1305 1108 1336 d.
1146 1305 1189 1335 Et

136 1364 223 1385 maro
235 1354 274 1385 de
287 1353 510 1390 Stratbbraun,
522 1364 578 1395 pro
591 1354 682 1384 feodo
695 1364 752 1385 suo
765 1354 804 1385 de
817 1354 927 1385 eodem
940 1365 1032 1393 anno,
1046 1355 1078 1384 xl
1090 1359 1112 1386 s.
1147 1355 1189 1385 Et

137 1413 224 1441 maro
241 1403 280 1434 de
296 1403 459 1444 Apuadul,
474 1413 531 1444 pro
548 1403 640 1434 feodo
656 1413 713 1434 suo
730 1402 769 1434 de
785 1403 895 1434 eodem
919 1414 1012 1441 anno,
1028 1404 1062 1434 xl
1078 1409 1101 1435 s.
1147 1405 1190 1435 Et

137 1453 250 1490 eidem,
266 1452 304 1484 de
319 1453 420 1484 firmis
436 1456 593 1484 terrarum
619 1453 668 1489 de,
685 1453 846 1484 Marnlorn
872 1457 961 1485 vasta
988 1464 1045 1495 pro
1073 1455 1190 1485 foresta

138 1501 299 1543 deputata,
314 1505 408 1543 prout
425 1505 514 1543 patei:
536 1502 571 1532 in
593 1502 710 1533 rentali
726 1503 811 1534 fact-a
834 1513 890 1543 per
911 1503 1058 1534 abbatem
1075 1503 1190 1534 Sancte

40 1591 42 1593 Ι
140 1552 260 1589 Crucis,
287 1552 326 1583 de
350 1562 435 1583 anno
462 1552 613 1593 computi,
637 1552 714 1593 xxvj
734 1556 756 1583 ἔ.
774 1553 829 1593 viij
848 1552 876 1584 d.
933 1553 976 1583 Et
999 1553 1111 1589 eidem,
1134 1563 1190 1594 pro

71 1601 92 1628 U
139 1601 246 1633 decem
263 1602 375 1632 martis
398 1601 492 1633 dictis
516 1601 706 1633 stukmartis
733 1602 869 1643 receptis
897 1602 936 1633 ab
959 1602 1135 1633 husbandis
1152 1602 1190 1634 de

142 1650 287 1692 Disohyr‚
310 1651 432 1692 Twyer,
455 1654 487 1682 et
512 1651 688 1692 Apnadull,
704 1662 761 1692 pro
786 1662 923 1693 quarum
947 1652 1091 1693 qualibet
1113 1652 1190 1684 allo-

141 1703 230 1731 catur
245 1700 364 1732 eisdem
382 1700 514 1732 dimidia
538 1711 652 1738 marca,
669 1712 733 1742 que
749 1701 912 1732 intrantur
934 1701 969 1732 in
983 1701 1074 1732 libris
1091 1702 1190 1732 domi-
1204 1704 1369 1734 Respondebit

142 1749 216 1787 01111,
245 1753 278 1781 eb
307 1759 363 1790 pro
394 1750 511 1791 quibus
542 1755 768 1791 computorum
795 1751 949 1782 rotulator
978 1751 1191 1792 respondebit,
1203 1734 1367 1787 ssssffiffffffle'

141 1798 176 1840 iij
191 1798 224 1830 fi.
240 1798 271 1839 vj
289 1803 311 1830 ἔ.
329 1799 385 1840 viij
403 1799 431 1830 d.
479 1799 537 1840 [To
563 1800 766 1841 Oompt‘roller
780 1801 840 1841 for
863 1801 1034 1838 lzovsehohi,
1050 1802 1125 1832 ,26079
1148 1803 1190 1833 53.
1264 1813 1309 1836 Do.

142 1848 228 1889 1102]
273 1849 315 1880 Et
338 1849 450 1886 eidem,
473 1859 529 1890 per
551 1849 776 1881 liberacionem
801 1849 919 1881 faciam
949 1850 1035 1881 dicto
1058 1860 1188 1891 compu-

141 1901 248 1930 torum
270 1899 438 1930 rotulatori
460 1902 492 1930 et
515 1899 667 1930 intratam
690 1899 830 1930 inlibris
847 1899 1000 1931 domicilii
1016 1900 1056 1930 ad
1072 1910 1190 1940 expen-

98 1958 99 1961 ’
143 1957 193 1979 sus
215 1948 368 1980 domicilii
399 1948 522 1980 domini
545 1949 635 1990 regis,
659 1949 744 1980 dicto
767 1952 989 1990 computorum
1019 1949 1193 1981 rotulatore
1265 1957 1310 1980 Do.

145 1997 265 2029 fatente
290 2001 455 2039 receptum
482 2008 578 2040 super
605 2001 800 2039 computum,
823 1999 856 2039 iij
881 1998 912 2029 fi.
930 1999 961 2039 vj
987 2003 1009 2029 Ξ.
1027 1999 1058 2040 vj
1082 1999 1121 2036 d„
1137 2010 1193 2040 pro

145 2046 261 2087 quibus
304 2047 515 2088 respondebit.
576 2048 619 2078 Et
656 2047 768 2085 eidem,
806 2058 862 2088 pro
907 2048 1001 2079 certis
1045 2048 1194 2090 dampnis

145 2095 246 2137 passis
281 2106 338 2137 per
374 2099 614 2137 computantem
655 2097 738 2128 circa
773 2097 988 2138 provisionem
1025 2097 1059 2128 in
1097 2099 1195 2129 Perth

146 2155 242 2186 penes
258 2146 431 2184 cervisiam,
447 2157 553 2187 panes,
570 2150 604 2178 et
618 2146 728 2187 pisces,
745 2157 868 2178 necnon
887 2157 944 2188 pro
961 2147 1055 2179 certis
1072 2158 1195 2189 repara-

147 2194 291 2227 cionibus
317 2196 408 2228 factis
433 2197 467 2228 in
491 2196 632 2237 hospicio
659 2196 779 2227 domini
806 2197 888 2238 regis
910 2197 1036 2235 ibidem,
1059 2208 1098 2229 ex
1122 2209 1195 2230 con-
