1551 2462
866 2 884 13 ζ,
903 0 923 7 .—
936 0 954 7 :·
975 0 983 11 ⁷.
998 0 1202 18 -3771-‚1--1--yV-rq·

374 338 436 367 490
657 373 666 379 x
688 332 854 365 norum
877 331 1115 364 SCACCARII
1337 332 1429 363 146⁷.
1479 320 1486 321 ’

372 429 470 470 hujus
486 427 599 466 oneris,
608 426 694 468 j⁰lxx
709 427 740 458 fi.
757 427 801 468 vij
820 431 844 458 s.
858 426 917 458 xd.
964 426 1097 457 Summa
1110 425 1219 457 totalis
1232 424 1428 457 oneracionis

374 490 448 510 cum
464 478 639 520 arreragiis,
654 476 772 518 iij⁰xijij
790 477 823 509 fi.
840 478 872 518 xj
890 481 913 508 s.
930 487 952 507 v
967 476 995 507 d.

414 529 564 569 Expense
587 527 738 568 ejusdem.
785 527 826 558 In
850 526 971 568 primis,
995 526 1130 557 allocate
1155 524 1356 566 computanti
1371 535 1428 566 per

371 578 569 610 solucionem
599 578 718 609 factam
748 576 872 608 duobus
911 576 1086 618 capellanis
1125 575 1362 608 celebrantibus
1391 575 1427 606 in
1479 595 1493 608 ι

371 632 473 660 castro
497 628 536 660 de
552 628 637 659 Bute
659 631 692 658 et
715 627 837 668 capella
853 627 945 659 beate
961 626 1091 668 Brigide
1106 636 1206 667 prope
1221 625 1345 657 dictum
1360 635 1427 656 cas-
1463 652 1466 654 ,
1499 631 1503 635 ·

369 682 467 716 trum,
482 677 733 719 percipientibus
760 677 928 708 annuatim
957 677 996 708 de
1023 677 1123 708 firmis
1148 676 1232 708 dicte
1255 675 1362 707 insule
1387 675 1427 707 de

371 729 456 760 Bute
471 728 640 759 duodecim
654 727 752 759 libras
769 727 912 768 quinque
935 727 1055 758 solidos
1079 730 1111 758 et
1126 729 1264 767 quatuor
1279 725 1426 757 denarios
1442 720 1447 723 ⁷
1470 759 1481 765 ν
1498 706 1506 756 3.

370 789 411 809 ex
437 778 657 809 infeodacione
683 781 715 809 et
742 777 910 809 elimosina
932 777 1018 818 regis
1044 777 1186 818 antiqua,
1210 780 1249 807 ut
1271 779 1361 817 patet
1391 775 1426 818 in

369 828 484 859 rotulis
530 827 682 868 antiquis,
727 827 806 868 ipsis
852 837 910 868 per
957 837 1032 858 suas
1083 827 1194 858 literas
1248 825 1457 867 fatentibus*

370 880 536 919 receptum
581 887 676 918 super
714 879 911 917 computum,
948 876 992 917 xij
1032 876 1064 907 Ῐί.
1103 887 1125 907 v
1157 881 1180 907 ἓ.
1218 875 1265 917 iiij
1297 875 1326 906 d.
1383 875 1426 906 Et

370 938 427 969 per
463 927 691 959 liberacionem
728 926 847 957 factam
880 925 1049 957 Elizabeth
1087 925 1127 957 de
1163 926 1310 964 Dunbar,
1348 924 1425 956 olim

370 977 531 1008 comitisse
562 976 716 1013 Moravie,
754 976 790 1007 in
818 980 942 1017 partem
980 976 1153 1008 solucionis
1183 978 1314 1007 centum
1343 986 1427 1006 mar-
1472 973 1484 995 >³

371 1037 482 1058 carum
506 1027 568 1058 sibi
593 1036 650 1067 per
680 1025 846 1057 dominum
872 1036 978 1067 regem
1005 1026 1046 1057 ad
1072 1036 1165 1057 suam
1189 1029 1308 1057 etatem
1331 1025 1426 1066 quin·
1484 1060 1486 1062 ,

373 1077 476 1108 decim
492 1086 650 1107 annorum
665 1085 897 1113 concessarum,
913 1079 952 1107 ut
966 1079 1057 1117 patet
1071 1076 1107 1107 in
1122 1076 1227 1107 rotulo
1243 1075 1320 1107 anni
1335 1085 1424 1107 sexa-

370 1126 484 1168 gesimi
513 1126 630 1167 quarti,
660 1125 720 1156 sub
757 1125 898 1166 periculo
937 1126 1164 1167 computantis,
1201 1136 1270 1157 xxx
1305 1125 1338 1156 ri.
1383 1125 1427 1156 Et

371 1176 516 1208 Johanni
532 1175 656 1207 custodi
680 1175 719 1207 de
741 1175 953 1217 Litilcumray
976 1179 1009 1208 et
1032 1176 1199 1208 damarum
1222 1176 1365 1217 ejusdem
1386 1175 1426 1208 de
1487 1197 1491 1199 -

372 1237 456 1258 anno
473 1226 625 1267 computi,
641 1237 686 1257 xx
706 1230 730 1258 ἒ.
775 1226 818 1257 Et
840 1237 898 1267 per
921 1226 1116 1258 solucionem
1139 1226 1259 1258 factam
1282 1226 1304 1257 J
1307 1225 1426 1257 ohanni
1474 1234 1497 1243 ··

372 1277 501 1308 domino
517 1276 656 1308 Dernlee
673 1286 729 1317 pro
745 1276 890 1308 custodia
912 1276 991 1308 dicti
1007 1277 1103 1308 castri
1125 1276 1165 1307 de
1181 1277 1274 1313 Bute,
1289 1275 1426 1317 percipi-
1485 1310 1490 1311 ⁷

373 1327 440 1359 enti
456 1326 624 1358 annuatim
640 1326 851 1367 quadraginta
875 1337 997 1358 marcas
1021 1327 1062 1358 ad
1077 1329 1194 1358 etatem
1211 1326 1294 1368 regis
1309 1325 1425 1367 quind-

372 1373 454 1409 ecim
470 1387 627 1408 annorum
642 1387 700 1417 per
714 1376 826 1407 literas
848 1377 931 1418 regis
946 1377 1006 1408 sub
1029 1376 1156 1418 privato
1172 1379 1316 1408 ostensas
1331 1385 1426 1417 super
1481 1379 1483 1382 ⁴

371 1430 568 1467 computum,
584 1426 623 1457 de
639 1436 723 1457 anno
739 1426 890 1467 computi,
907 1427 984 1467 xxvj
1009 1427 1042 1458 fi.
1057 1426 1115 1467 xiij
1132 1430 1156 1458 s.
1175 1426 1219 1467 iiij
1237 1425 1266 1457 d.
1311 1426 1354 1457 Et
1368 1435 1427 1467 per
1471 1429 1478 1433 “

371 1476 568 1507 solucionem
584 1476 703 1507 factam
718 1475 741 1507 J
743 1476 840 1507 acobo
857 1476 1004 1513 Stewart,
1015 1476 1194 1508 vicecomiti
1211 1475 1250 1507 de
1263 1476 1356 1513 Bute,
1368 1485 1425 1517 pro

372 1535 478 1556 annuo
501 1525 629 1556 redditu
652 1535 749 1565 quem
773 1525 891 1556 clamat
913 1525 952 1557 de
976 1526 1087 1557 eadem
1109 1525 1224 1562 insula,
1239 1525 1274 1557 in
1296 1525 1426 1566 plenam
1488 1537 1490 1539 ·

371 1575 568 1606 solucionem
578 1574 721 1611 ejusdem
731 1575 791 1606 sub
803 1575 945 1615 periculo
957 1576 1174 1616 computantis
1190 1575 1229 1606 de
1242 1585 1326 1606 anno
1338 1585 1424 1606 com-

370 1625 451 1665 puti,
465 1624 518 1665 xvj
531 1623 563 1655 fi.
581 1623 638 1664 xiij
656 1628 679 1655 s.
695 1623 743 1664 iiij
757 1623 786 1655 d.
832 1624 875 1655 Et
890 1624 1003 1661 eidem,
1018 1635 1076 1665 per
1091 1624 1287 1655 solucionem
1305 1624 1424 1655 factam
1484 1629 1488 1633 ’

372 1674 457 1704 dicto
480 1673 624 1704 Johanni
640 1672 769 1704 domino
785 1673 933 1710 Dernlee,
950 1673 983 1704 in
999 1676 1123 1714 partem
1146 1672 1318 1704 solucionis
1337 1672 1424 1704 feodi

371 1723 422 1754 sui
438 1723 499 1754 sibi
514 1733 571 1764 per
586 1722 694 1754 literas
711 1722 833 1753 domini
849 1723 931 1764 regis
947 1723 1007 1754 sub
1022 1723 1148 1764 privato
1164 1722 1305 1754 concessi
1320 1732 1424 1763 usque

371 1773 412 1804 ad
428 1776 545 1804 etatem
563 1772 645 1813 regis
669 1772 786 1813 viginti
809 1773 906 1804 unius
929 1783 1095 1810 annorum,
1119 1772 1269 1804 videlicet
1291 1775 1422 1803 centum

371 1833 558 1860 marcarum,
575 1822 614 1853 de
637 1823 754 1863 quibus
777 1822 981 1863 assignantur
1003 1822 1215 1864 quadraginta
1229 1822 1345 1853 librate
1359 1825 1422 1853 ter-

370 1883 479 1904 rarum
494 1872 599 1904 insule
615 1872 655 1903 de
671 1872 763 1910 Bute,
779 1876 812 1903 et
826 1871 993 1903 residuum
1008 1872 1042 1903 in
1057 1872 1169 1903 martis
1180 1875 1212 1903 et
1227 1871 1322 1903 ordeo
1338 1871 1423 1903 dicte

371 1923 485 1960 insule,
501 1923 535 1954 in
551 1926 675 1964 partem
691 1922 864 1954 solucionis
881 1921 988 1953 ultimi
1011 1921 1142 1953 termini
1157 1921 1254 1962 hujus
1271 1921 1422 1962 computi,
1484 1934 1493 1940 ’

371 1973 432 2004 sub
457 1972 600 2014 periculo
624 1971 850 2012 computantis,
873 1982 918 2002 xx
941 1971 974 2003 fi„
1019 1972 1063 2009 Et
1087 1971 1200 2008 eidem,
1227 1981 1285 2012 pro
1308 1970 1424 2012 viginti
1485 2008 1492 2015 ι

371 2023 483 2055 martis
513 2022 535 2064 ij
562 2021 718 2063 quarteris
743 2025 845 2053 marte
871 2021 977 2053 insule
1006 2021 1047 2053 de
1076 2022 1169 2058 Bute,
1199 2031 1256 2062 pro
1286 2031 1423 2062 quarum

372 2073 517 2115 qualibet
532 2072 711 2104 allocantur
725 2071 902 2103 husbandis
918 2071 1062 2112 quinque
1077 2070 1170 2102 solidi
1186 2070 1221 2102 in
1236 2070 1303 2102 suis
1314 2070 1424 2108 firmis,

372 2126 478 2164 preter
499 2132 614 2154 novem
637 2124 756 2152 martas
780 2131 859 2162 quas
881 2121 1018 2161 percipit
1041 2119 1210 2152 Elizabeth
1233 2119 1272 2151 de
1287 2119 1424 2151 Dunbar
1447 2148 1451 2150 ,
1483 2145 1503 2170 ‘i

371 2173 523 2214 predicta,
539 2173 577 2203 de
594 2182 678 2203 anno
695 2170 847 2211 computi,
870 2181 892 2201 v
906 2170 938 2201 fi.
962 2170 984 2211 ij
1009 2174 1032 2201 s.
1058 2170 1088 2210 vj
1106 2169 1135 2201 d.
1180 2170 1224 2201 Et
1239 2169 1351 2207 eidem,
1366 2179 1428 2211 pro

373 2222 515 2262 quinque
529 2220 643 2252 celdris
659 2224 691 2252 et
707 2220 810 2251 tribus
826 2219 921 2250 bollis
936 2229 1112 2250 avenarum
1122 2218 1239 2250 debitis
1254 2228 1311 2259 per
1322 2218 1424 2250 dictos
1478 2235 1492 2247 κ

372 2271 555 2303 husbandos
575 2270 614 2302 de
631 2270 716 2302 dicta
731 2269 845 2307 insula,
860 2278 917 2310 pro
933 2279 1070 2310 quarum
1086 2267 1230 2309 qualibet
1246 2268 1331 2299 bolla
1345 2267 1422 2299 allo·
1477 2260 1491 2281 ⁴⁶
