1551 2462
152 265 210 294 146
219 265 245 293 4.
464 259 625 291 REGUM
650 259 897 291 SOOTORUM.
1143 263 1181 290 26
1188 261 1203 290 7

150 355 223 387 (18111
239 354 279 386 de
295 354 380 386 (1101ῑο
391 353 536 392 termino,
552 356 585 384 eb
600 355 729 384 tantum
745 353 843 384 solvit
859 353 893 384 in
909 352 1054 394 pecuniis
1070 353 1105 384 in
1121 353 1203 384 festo

151 405 260 437 Sanobi
304 404 447 435 Mai-bini.
504 404 636 435 Summa
679 403 777 443 hujus
831 403 934 434 oneris
980 403 1015 433 in
1059 403 1206 446 pecunia,

146 452 379 496 j‘ssxxxxvijffi,
402 464 424 484 v
444 457 468 485 ἓ.
491 464 511 484 v
534 453 563 484 d.
621 453 753 484 Summa
783 453 880 494 hujus
908 453 1013 484 oneris
1041 453 1205 489 frumenti,

149 505 181 545 xj
206 504 310 535 celdre
333 503 367 544 iij
385 502 477 534 bolle.
524 503 655 534 Summa
670 503 767 544 hujus
786 503 891 534 oneris
905 503 995 541 ordii,
1010 503 1080 543 xiiij
1100 503 1205 534 celdre

150 563 224 585 cum
262 552 386 584 duabus
423 552 568 593 partibus
614 552 734 584 ferlote.
792 553 924 584 Summa
966 552 1063 593 hujus
1095 552 1200 583 oneris

149 613 330 639 avenarum,
346 613 367 633 v
382 602 487 634 celdre
503 602 571 643 xiiij
588 602 672 634 100118
684 602 706 643 ij
725 602 838 634 ferlote
854 603 876 643 ij
894 613 1000 643 peace.

195 653 288 691 Item,
314 652 399 684 idem
424 655 533 687 onerat}
557 662 590 683 se
617 652 656 683 de
680 663 700 683 v
722 652 754 683 n.
771 653 803 693 vj
828 657 851 684 Ξ.
868 652 924 693 viij
949 652 978 683 d.
1003 652 1041 683 de
1064 651 1202 683 termino

151 703 377 735 Penthecosbes
390 702 402 743 J'
420 701 525 733 celdra
543 712 562 732 v
578 702 671 733 bossis
685 702 697 743 3’
723 702 838 733 ferlota
853 703 875 743 ij
893 702 997 743 peceis
1021 701 1175 733 frumenti
1190 701 1202 742 3”

149 752 255 784 celdra
272 763 294 782 x
309 752 402 783 bouis
417 752 451 792 iij
469 751 592 783 serlonis
608 752 689 783 ordii
704 762 761 793 per
777 752 917 793 integras
941 752 1049 783 firmas
1065 755 1147 782 terre
1164 751 1203 782 de

150 802 319 833 Balkeross
334 802 369 832 in
384 802 544 842 quarterio
560 801 599 832 de
615 802 715 842 Largo
728 802 767 833 de
777 802 914 834 termino
927 802 1036 833 Sancti
1052 801 1198 832 Martini.

149 852 192 883 Et
208 852 247 883 de
263 852 340 892 xxvj
357 856 379 883 ἔ,
397 852 453 892 viij
478 851 507 883 d.
524 852 592 892 xiiij
618 851 712 882 bonis
735 852 817 884 ordii
840 852 879 882 de
902 852 1002 883 firmis
1025 851 1203 883 molendini

150 901 300 942 ejusdem.
346 901 389 932 Et
411 901 450 932 de
473 901 519 942 1113
544 901 603 941 nj
628 901 735 932 celdra
756 901 804 942 iiij
829 901 922 932 bonis
946 902 1027 932 ordii
1049 902 1071 942 ij
1090 901 1205 932 celdris

148 951 205 992 viij
230 951 325 982 bonis
341 961 516 982 avenarum
538 954 623 982 terre
646 951 685 982 (18
707 951 825 982 Nethir
840 951 946 983 Reras.
992 951 1035 982 Et
1050 951 1090 982 de
1105 961 1126 981 v
1142 950 1175 982 fi.
1189 951 1202 991 j

150 1000 257 1032 eeldra
279 1000 326 1041 1113
351 1000 446 1031 bolh's
470 1000 623 1031 frumenti
643 1000 655 1041 J'
673 1000 779 1033 celdra
794 1000 829 1033 ix
851 1000 945 1031 bollis
969 1001 1049 1031 ordii
1064 1004 1148 1031 terre
1164 1000 1203 1031 de

150 1050 324 1081 Neutoune
346 1050 386 1081 de
408 1050 507 1081 Reras
531 1050 570 1081 de
593 1050 678 1081 dioto
701 1050 846 1081 termino.
891 1050 934 1080 Et
957 1050 995 1081 de
1012 1050 1043 1091 vj
1061 1054 1084 1081 ἔ.
1100 1050 1156 1090 viij
1174 1050 1204 1081 (1.

150 1102 234 1130 terre
250 1099 290 1130 de
313 1099 522 1130 Burnehouse
545 1099 584 1130 de
607 1099 693 1130 dicto
715 1099 860 1133 termino.
905 1100 948 1131 Et
964 1099 1003 1130 (18
1020 1110 1041 1129 X
1056 1099 1089 1131 n.
1106 1100 1162 1140 xiij
1180 1103 1203 1131 Ξ.

151 1149 197 1189 iiij
215 1148 244 1179 d.
258 1149 270 1189 j
289 1148 396 1180 caldra
412 1159 434 1179 x
449 1148 543 1180 bollis
559 1149 713 1179 frumenti
728 1149 750 1191 ij
769 1148 883 1181 celdris
899 1149 945 1190 iiij
970 1148 1064 1180 bonis
1087 1149 1169 1180 ordii
1186 1159 1207 1180 v

152 1198 268 1229 celdris
285 1208 458 1229 avenarum
474 1198 551 1229 ville
574 1198 614 1229 (18
636 1199 737 1239 Largo
760 1198 799 1234 de
815 1198 900 1229 dioto
916 1199 1062 1230 termino.
1107 1199 1149 1229 Et
1166 1199 1205 1230 de

152 1248 187 1289 iij
212 1247 243 1278 fi.
268 1248 307 1279 de
330 1247 430 1279 firmis
453 1248 586 1289 triginta
608 1247 746 1279 duorum
769 1248 965 1289 ootagiorum
995 1248 1138 1288 ejusdem
1166 1248 1206 1279 de

152 1297 264 1328 eodem
287 1297 433 1329 termino.
478 1297 521 1328 Et
544 1297 583 1329 de
606 1297 640 1328 xl
664 1301 687 1328 ἓ.
708 1298 720 1338 3“
746 1297 853 1328 caldra
874 1297 921 1338 iiij
946 1298 1040 1329 bouis
1071 1298 1151 1328 ordii
1182 1298 1205 1338 ij

152 1346 246 1378 boUis
262 1347 379 1378 farrine
396 1347 560 1378 avenatioe
583 1347 622 1379 de
645 1347 745 1378 firmis
769 1347 945 1378 molendini
967 1348 1118 1388 ejusdem.
1164 1348 1207 1379 En

152 1396 191 1427 de
219 1407 264 1427 xx
286 1401 310 1428 ἔ.
334 1397 373 1428 (18
400 1396 499 1427 firmis
523 1397 733 1434 brasinarum,
756 1397 906 1428 videlicet
928 1397 1037 1434 trium,
1060 1397 1207 1438 ejusdem

153 1446 230 1477 ville
247 1446 286 1477 de
302 1446 388 1477 dicho
411 1446 556 1479 termino.
601 1447 644 1477 Et
660 1447 699 1478 de
723 1446 801 1487 xviij
819 1447 848 1478 (1.
866 1450 949 1478 terre
972 1447 1011 1479 de
1027 1447 1206 1488 Craglande

153 1495 192 1526 de
208 1495 294 1527 dicto
317 1496 462 1527 termino.
509 1496 552 1527 Et
575 1496 614 1528 de
637 1497 668 1540 vj
693 1496 722 1528 d.
747 1497 1020 1538 cujusdam,terre
1043 1498 1206 1538 quondam

153 1544 273 1576 Thome
304 1546 431 1577 Broune
462 1545 501 1577 de
531 1546 616 1578 dieto
646 1547 791 1578 izermino.
852 1546 895 1578 Et
925 1547 964 1578 de
1002 1547 1058 1588 viij
1091 1548 1205 1580 celdris

151 1594 306 1626 frumenti
330 1606 351 1626 x
374 1595 488 1627 oeldris
512 1596 556 1636 xij
582 1596 675 1627 bollis
699 1596 781 1627 ordii
804 1596 843 1627 de
866 1596 897 1628 18
919 1597 1033 1628 Bernis
1060 1598 1142 1638 regis
1167 1598 1206 1630 de

152 1644 289 1676 termino
313 1645 423 1676 Sancbi
446 1645 583 1676 Martini
604 1646 728 1677 ultimo.
774 1646 907 1677 Summa
936 1647 1071 1687 pecunie
1109 1647 1205 1688 hujus

152 1694 314 1734 quarterii,
340 1695 430 1736 xxxij
462 1694 494 1725 fi.
522 1695 578 1736 xiij
611 1699 633 1727 ἓ.
655 1695 702 1736 iiij
734 1695 763 1727 d.
811 1696 943 1727 Summa
972 1696 1136 1734 frumenti,
1160 1698 1205 1738 xij

152 1743 256 1775 celdre
271 1744 306 1785 iij
323 1744 407 1776 100118
419 1745 432 1785 j
451 1745 565 1777 ferlota
579 1745 602 1786 ij
619 1755 721 1786 pecce.
768 1745 900 1776 Summa
922 1746 1011 1784 ordii,
1029 1747 1085 1777 xix
1101 1747 1207 1779 celdre

153 1793 188 1823 ix
203 1793 286 1825 bolle
298 1794 332 1835 iij
350 1794 471 1827 ferlote.
517 1794 650 1827 Summa
665 1805 848 1833 avenarum,
859 1796 903 1836 vij
921 1796 1027 1831 celdre
1042 1797 1099 1837 viij
1113 1797 1207 1834 bolle,

155 1842 176 1883 ij
195 1842 279 1875 bolle
301 1843 420 1876 farrine
444 1844 616 1876 avenatice.
663 1844 797 1875 Summa
819 1845 927 1876 totalis
950 1846 1147 1877 oneracionis
1171 1847 1207 1877 in

154 1893 297 1932 pecunia,
313 1891 466 1934 ijj⁰lxxiiij
483 1893 516 1925 fi.
529 1894 585 1924 xix
596 1898 619 1925 ἒ.
629 1904 675 1934 1113
693 1893 724 1925 d.
771 1894 903 1925 Summa
917 1895 1026 1926 totalis
1044 1895 1207 1933 frumenti,

154 1942 231 1982 xxxj
255 1942 359 1974 celdre
384 1943 414 1983 vj
440 1943 524 1974 holle
547 1943 581 1984 iij
607 1943 721 1975 ferlote
743 1943 767 1984 ij
790 1954 892 1984 pecce.
939 1944 1071 1976 Summa
1097 1945 1206 1976 totalis

153 1991 241 2030 ordii,
254 1992 289 2023 lx
305 1992 409 2024 celdre
424 1993 469 2034 vij
486 1992 570 2024 holle
587 1996 660 2024 cuin
683 1993 782 2024 tercia
800 1997 891 2034 parte
908 1993 1027 2025 ferlote.
1073 1994 1207 2025 Summa

152 2041 260 2073 totalis
273 2052 455 2080 avenarum,
472 2042 516 2083 xlj
535 2042 638 2074 oeldre
655 2042 687 2083 xj
705 2042 788 2074 bolle
812 2043 834 2083 ij
852 2043 965 2074 ferlote
981 2043 1003 2084 ij
1020 2053 1115 2084 pecce
1132 2054 1206 2075 cum

152 2091 249 2122 tercia
264 2094 354 2132 parte
370 2091 491 2129 ferlote,
506 2092 528 2132 ij
546 2092 631 2123 bolle
647 2092 764 2123 farrine
777 2092 949 2124 avenatice.

195 2140 383 2181 [Disclmrye.
435 2141 478 2172 To
501 2142 708 2172 Dominicans
724 2142 761 2182 of
781 2142 895 2182 szpar,
912 2142 1105 2173 annualrent
1113 2143 1204 2183 from

152 2189 334 2228 Ruthulute,
349 2191 404 2222 „602
425 2192 505 2230 1035
528 2192 645 2232 Bishop
667 2192 705 2232 of
722 2191 877 2228 Dzmzhld,
904 2192 1098 2223 annualrent
1114 2193 1205 2233 from
