1551 2462
117 310 131 337 1
138 309 207 338 465.
428 305 515 337 REG
522 305 589 337 UM
614 305 860 337 SCOTORUM.
1102 309 1164 337 339

113 397 251 430 Martini
263 397 347 429 infra
363 397 422 429 hoc
445 401 640 438 computum.
685 398 728 429 Et
751 398 790 429 de
813 398 848 439 iij
865 398 980 430 celdris
996 398 1052 439 viij
1070 398 1163 430 bollis

113 449 135 489 ij
153 448 274 480 ferlotis
290 447 377 479 ordei
391 447 496 479 insule
512 447 551 479 de
566 448 675 479 Arane
691 448 730 479 de
746 448 832 479 dicto
842 448 984 479 termino.
1032 448 1163 479 Summa

112 497 220 529 tJtalis
251 496 446 528 oneracionis
473 497 560 528 ordei
586 500 692 538 preter
723 497 886 538 arreragia,
912 507 956 528 xv
987 497 1092 528 celdre
1118 497 1160 537 vij

114 547 198 579 bolle
226 547 249 587 ij
280 546 394 578 ferlote
424 546 518 578 ordei.
565 546 697 578 Summa
727 544 836 578 totalis
867 547 1064 578 oneracionis
1089 557 1163 578 cum

114 596 284 638 arreragiis,
300 595 400 636 xxviij
419 596 524 627 celdre
540 595 596 637 viij
615 595 699 627 bolle
715 596 810 627 ordei.

157 646 305 687 Expense
323 645 466 686 ejusdem
487 645 580 677 ordei.
627 645 667 676 In
690 645 812 686 primis,
837 643 970 676 allocate
991 655 1048 686 per
1067 645 1162 676 liber-

115 695 257 727 acionem
282 695 401 726 factam
431 694 584 726 Gilcristo
610 695 708 726 Leioh
738 694 777 726 de
803 705 968 736 grassuma
994 694 1033 726 de
1064 694 1162 726 Glen-

115 745 270 777 derowale
285 755 325 776 ex
341 754 435 776 causa
450 745 596 785 superius
609 745 643 775 in
656 748 806 786 computo
821 745 957 785 pecunie
972 748 1163 785 expressata,

116 795 156 826 de
171 805 254 826 anno
269 794 420 835 computi,
436 803 457 824 v
473 794 557 825 bolle
582 794 669 825 ordei
721 794 764 825 Et
780 794 948 825 Elizabeth
964 794 1003 825 de
1018 794 1163 831 Dunbar,

115 855 173 886 pro
188 852 313 875 summa
325 843 385 874 sibi
401 853 549 876 concessa
564 844 665 874 6016111
675 844 821 884 superius
837 846 1020 884 expressata
1035 844 1070 874 in
1080 853 1164 874 com-

115 897 194 935 puto
219 893 362 934 pecunie,
385 893 406 934 ij
435 892 541 924 celdre
562 893 620 934 xiij
645 893 729 924 bolle
752 893 845 924 ordei.
891 893 934 924 Et
964 893 1164 934 computanti

117 954 173 985 pro
193 943 286 974 feodo
313 951 370 973 suo
397 942 436 973 de
456 952 541 972 anno
566 942 716 983 computi,
734 942 747 983 j
775 943 881 974 celdra
904 943 1000 974 ordei.
1046 943 1089 973 Et
1108 953 1166 983 per

117 993 312 1025 solucionem
336 992 454 1023 factam
471 991 615 1023 Johanni
641 992 770 1023 domino
798 992 952 1023 Dernelez
977 992 1012 1022 in
1036 992 1166 1033 plenam

117 1043 313 1074 solucionem
325 1040 536 1082 quadraginta
549 1051 726 1072 marcarum
736 1041 798 1072 sibi
813 1052 869 1082 per
879 1042 1045 1073 dominum
1060 1052 1166 1083 regem

117 1091 158 1123 ad
181 1100 272 1122 suam
295 1094 413 1122 etatem
436 1089 619 1131 quindecim
642 1100 799 1121 annorum
821 1091 861 1122 de
882 1091 976 1122 ordeo
998 1090 1103 1122 insule
1127 1090 1167 1121 de

118 1141 202 1172 Bute
225 1140 466 1181 assignatarum,
488 1142 526 1170 ut
547 1142 636 1180 patet
659 1149 715 1180 per
737 1139 847 1171 literas
863 1137 986 1170 domini
1009 1140 1091 1180 regis
1107 1140 1167 1171 sub

117 1190 243 1232 privato
259 1193 401 1220 ostensas
419 1199 515 1229 super
531 1192 727 1229 computum,
743 1189 888 1230 precium
904 1189 1008 1220 celdre
1023 1189 1167 1230 quinque

118 1249 232 1276 marce,
247 1239 303 1279 viij
328 1238 432 1269 celdre
455 1238 550 1270 ordei.
599 1239 732 1269 Summa
754 1249 975 1280 expensarum,
999 1239 1044 1279 xij
1062 1239 1167 1270 celdre

118 1289 141 1330 ij
158 1288 242 1320 bolle
257 1287 352 1319 ordei.
397 1288 440 1318 Et
455 1287 500 1318 sic
515 1290 638 1318 restant
654 1287 707 1328 xvj
727 1288 831 1319 celdre
847 1288 878 1328 vj
896 1288 981 1319 bolle
997 1288 1092 1319 ordei.

162 1338 256 1374 Item,
271 1336 356 1368 idem
379 1339 489 1368 onerat
504 1347 538 1368 se
553 1337 593 1367 de
608 1337 643 1377 iij
660 1336 775 1368 celdris
791 1337 909 1368 farriae
926 1338 1092 1369 avenatice
1107 1348 1165 1379 per
1181 1343 1323 1375 Farrina,

121 1380 276 1428 arreragia
296 1386 404 1417 ultimi
430 1386 574 1427 computi
600 1387 659 1423 sui,
687 1389 726 1417 ut
740 1389 830 1427 patet
851 1387 886 1417 in
908 1387 989 1427 pede
1015 1387 1166 1427 ejusdemi

119 1440 163 1472 Et
185 1439 224 1470 de
243 1438 256 1479 j
282 1437 387 1469 celdra
406 1437 463 1478 viij
489 1437 583 1469 bollis
604 1437 722 1469 farrine
745 1438 909 1469 avenatice
932 1438 1109 1469 molendini
1130 1439 1169 1470 de

121 1489 205 1521 Bute
227 1488 265 1519 de
287 1487 412 1518 duobus
434 1486 580 1518 terminis
603 1486 699 1528 hujus
724 1488 875 1528 computi.
921 1488 1170 1519 Memorandum

122 1538 206 1580 quod
228 1537 281 1569 hic
296 1537 386 1568 nulla
401 1536 551 1568 allocacio
567 1536 653 1567 facta
675 1540 723 1568 est
740 1537 946 1568 servitoribus
962 1537 1002 1568 de
1018 1547 1040 1567 x
1056 1536 1170 1568 celdris

122 1586 301 1620 avenarum.
348 1586 480 1617 Summa
502 1585 612 1617 totalis
634 1586 831 1617 oneracionis
853 1586 972 1617 farrine
995 1586 1172 1623 avenatice‚

122 1638 168 1679 iiij
177 1637 285 1674 ,celdre
300 1636 356 1677 viij
374 1635 465 1667 bolle¹

166 1687 258 1724 Item,
280 1686 365 1717 idem
389 1687 499 1716 onerat
515 1695 548 1716 se
564 1685 603 1716 de
619 1681 653 1716 xl
676 1682 787 1716 martis
810 1695 867 1726 per
889 1685 1046 1726 arreragia
1062 1684 1170 1716 ultimi
1185 1688 1297 1719 Marte.

123 1736 264 1778 computi
279 1736 331 1767 sui
345 1738 530 1772 martarum,
542 1738 579 1765 ut
594 1738 684 1775 patet
699 1734 734 1765 in
745 1734 824 1775 pede
841 1734 991 1774 ejusdem
1038 1734 1171 1766 Summa

125 1789 220 1827 patet.
265 1785 358 1822 Item,
374 1784 459 1816 idem
476 1787 586 1815 onerat
602 1794 635 1815 se
658 1783 697 1815 de
713 1783 748 1814 xl
763 1784 875 1814 martis
891 1784 914 1824 ij
932 1784 1054 1824 quartis
1070 1787 1172 1815 marte

125 1834 229 1866 insule
258 1834 297 1866 de
328 1835 412 1865 Bute
443 1833 482 1865 de
508 1833 645 1864 termino
677 1833 787 1864 Sancti
817 1833 955 1864 Martini
991 1833 1075 1864 infra
1111 1833 1171 1864 hoc

127 1887 321 1925 computum,
337 1893 394 1925 pro
410 1893 547 1924 quarum
563 1882 706 1923 qualibet
722 1882 887 1914 allocande
903 1885 981 1913 sunt
996 1882 1173 1913 husbandis

125 1933 160 1964 in
174 1933 240 1965 suis
256 1933 416 1974 computis
431 1932 575 1973 quinque
587 1931 688 1963 solidi.
733 1929 776 1963 Et
787 1942 845 1973 pro
857 1932 923 1973 xvij
942 1932 1054 1963 martis
1069 1931 1174 1963 insule

126 1981 165 2014 de
180 1982 288 2014 Arane
312 1982 351 2014 de
374 1982 460 2013 dicto
482 1981 628 2018 termino,
651 1980 817 2012 61106611ᾶο
840 1980 995 2012 similiter.
1043 1980 1174 2011 Summa

125 2031 233 2063 totalis
256 2031 452 2063 oneracionis
475 2033 581 2072 preter
604 2030 768 2071 6116163116,
791 2030 847 2070 lvij
876 2033 978 2061 marte
1005 2029 1027 2069 ij
1040 2032 1174 2070 ‘quarte

128 2081 258 2113 Summa
279 2080 388 2112 totalis
412 2080 608 2112 oneracionis
632 2090 706 2111 cum
728 2079 903 2119 arreragiis,
918 2078 967 2109 v⁸⁵
983 2079 1048 2119 xvij
1073 2082 1175 2110 marte

129 2130 151 2171 ij
170 2133 288 2171 quarte.
949 2165 953 2169 Α

173 2179 321 2220 Expense
342 2181 526 2210 marterum*
573 2179 613 2209 In
632 2176 753 2218 primis,
775 2176 953 2209 allocantur
975 2177 1176 2218 computauti

131 2239 188 2270 per
202 2229 426 2261 liberacionem
449 2229 568 2260 factam
590 2227 757 2259 Elizabeth
781 2227 819 2259 de
835 2227 971 2258 Dunbar
987 2226 1025 2258 de
1042 2227 1177 2268 quadra-
