1551 2462
137 361 303 390 Respondebit

136 391 299 414 thesaurarius

137 420 237 444 Guthre.

195 501 239 524 Do.

135 897 301 926 Respondebit

135 927 258 956 Kingorne

134 957 287 980 senescallus.

134 1254 298 1283 Respondebit

134 1286 215 1306 custos
225 1284 314 1313 privati

133 1314 213 1343 sigilli.

135 1399 300 1428 Respondebit

134 1429 234 1463 Campe,
246 1429 298 1452 the-

133 1466 259 1482 saurarius.

211 1756 255 1779 Do.

136 1845 162 1877 G
167 1848 295 1877 ustuma

132 1889 216 1922 salis.

354 263 415 292 286
666 259 832 292 ROTULI
856 259 1092 292 SCAocARu
1314 260 1405 292 1464.
1434 242 1437 243 ⁷

352 353 454 392 libris,
470 353 584 395 ij⁰xvfij
601 353 634 385 ii.
650 354 707 394 xiij
725 357 747 384 ἔ.
767 353 814 394 iiij
839 353 869 385 d.
889 353 948 391 ob„
970 363 1028 394 pro
1052 353 1169 394 quibus
1192 353 1406 395 respondebit.

352 404 395 435 Et
424 404 536 441 eidem,
560 414 616 445 per
639 403 864 434 liberacionem
888 403 1007 434 factam
1031 403 1117 434 dicto
1148 403 1349 435 thesaurario
1371 403 1407 434 in

352 454 517 495 speciebus
539 457 571 485 et
594 453 748 485 chandria
772 453 932 484 contentis
955 453 990 483 in
1014 453 1105 484 novis
1128 453 1220 484 libris
1244 453 1408 490 domicilii,

353 504 400 545 iiij
416 504 448 535 fi.
466 514 509 535 xv
525 508 547 535 s.
565 504 587 545 ij
604 503 644 540 d„
660 513 717 544 pro
734 503 850 543 quibus
867 502 952 533 idem
965 502 1182 534 thesaurarius
1194 502 1407 543 respondebit.

352 554 483 585 Summa
499 563 720 595 expensarum,
733 550 891 593 Ι]”“ν1,]”’“’1111]’
905 552 937 583 li.
950 552 1007 593 xiij
1021 556 1044 583 s.
1057 563 1079 583 x
1091 552 1120 583 d.
1165 552 1208 583 Et
1224 552 1269 583 sic
1284 555 1408 584 restant

350 603 453 634 lxxxv
468 603 499 634 li.
513 614 535 634 x
547 607 570 635 s.
584 603 616 644 xj
629 603 658 634 d.
699 603 748 633 De
764 612 829 644 qua
844 612 978 639 summa,
995 602 1129 634 allocate
1144 603 1407 644 computantibus

351 663 409 694 per
424 653 621 684 solucionem
637 653 757 683 factam
773 651 969 682 numeratori
984 651 1119 692 pellium
1135 662 1192 693 pro
1209 652 1274 683 suis
1290 652 1406 683 labori-

350 703 419 740 bus,
435 713 476 734 ex
491 702 749 734 consideracione
765 701 947 732 auditorum
964 701 1004 732 ad
1020 711 1159 742 presens,
1175 702 1252 742 xxvj
1265 706 1288 733 ἔ.
1305 702 1362 742 viij
1376 701 1405 733 d.

349 753 392 784 Et
411 753 514 784 eidem
537 753 618 790 Ade,
640 762 697 793 per
719 751 946 782 liberacionem
969 751 1089 782 factam
1111 751 1240 782 domino
1263 751 1405 782 Henrico

350 803 389 834 de
413 803 588 844 Kingorne,
603 806 683 833 tunc
699 801 875 833 senescallo
892 800 1048 832 domicilii
1073 800 1202 832 domine
1217 800 1327 842 regine
1349 800 1403 841 pie

349 853 510 890 memorie,
527 853 568 884 ad
583 852 736 893 exequias
753 851 897 892 ejusdem
912 851 947 881 in
963 861 1043 888 cera,
1067 850 1135 892 ipso
1159 850 1282 881 fatente
1298 860 1406 891 recep-

351 906 421 934 tum
451 913 547 944 super
577 905 775 943 computum,
806 901 860 941 xvj
877 900 910 931 fi.
941 901 985 941 vij
1013 905 1035 932 s.
1066 900 1098 941 vj
1127 900 1166 937 d„
1196 911 1253 941 pro
1289 900 1406 941 quibus

349 952 563 993 respondebit.
609 951 652 982 Et
668 951 798 988 eisdem,
813 960 871 991 per
885 949 1113 981 liberacionem
1135 950 1254 981 factam
1276 950 1405 981 domine

349 1002 456 1042 regine
487 1001 539 1043 pie
570 1000 723 1032 memorie
755 999 795 1031 de
826 999 974 1031 ducentis
1004 999 1095 1030 libris
1123 999 1240 1030 debitis
1270 999 1406 1031 Nicolao

350 1051 474 1092 Spethy
497 1051 640 1092 predicto
672 1060 729 1091 per
757 1049 924 1080 dominum
954 1058 1070 1089 regem,
1095 1048 1134 1079 de
1161 1049 1279 1089 quibus
1308 1051 1345 1079 ut
1372 1049 1406 1079 in

348 1100 490 1142 presenti
521 1103 671 1141 computo
704 1099 855 1130 scribitur
883 1098 1128 1140 assignabantur
1151 1098 1255 1130 eidem
1279 1099 1407 1130 domine

348 1151 456 1192 regine
494 1149 728 1191 quinquaginta
765 1148 856 1186 libre,
887 1152 920 1179 et
958 1159 1038 1189 quas
1077 1148 1227 1189 magister
1264 1148 1405 1180 Jacobus

349 1200 528 1241 Lyndesay,
559 1202 666 1230 custos
698 1198 817 1239 privati
847 1197 954 1239 sigilli,
984 1198 1146 1229 fatebatur
1177 1208 1210 1229 se
1244 1208 1284 1229 ex
1313 1201 1404 1239 parte

349 1250 492 1291 ejusdem
523 1250 631 1291 regine
658 1248 823 1289 recepisse,
847 1248 860 1278 l
886 1247 927 1285 nl,
954 1258 1012 1289 pro
1039 1248 1156 1288 quibus
1180 1247 1267 1279 idem
1297 1251 1404 1279 custos

348 1300 466 1341 privati
483 1299 582 1341 sigilli
597 1298 810 1340 respondebit.
856 1298 900 1328 Et
915 1298 1019 1329 eidem
1035 1297 1115 1335 Ade,
1131 1308 1188 1338 per
1208 1297 1402 1329 solucionem

349 1349 468 1383 factam
484 1349 569 1380 dicto
585 1347 783 1379 thesaurario
799 1357 855 1388 per
870 1347 1089 1388 recepcionem
1105 1347 1263 1378 Willelmi
1280 1347 1403 1378 Kerke-

349 1399 409 1436 till,
432 1399 502 1440 ipso
526 1399 649 1430 fatente
672 1397 862 1428 mandatum
885 1407 980 1438 super
1004 1400 1201 1437 computum,
1223 1397 1255 1437 vj
1277 1396 1319 1434 fi„
1346 1407 1404 1438 pro

349 1450 466 1490 quibus
497 1447 710 1489 respondebit.
756 1447 798 1477 Et
822 1456 880 1487 pro
911 1446 1004 1477 feodo
1028 1445 1142 1477 domus
1168 1446 1203 1476 in
1228 1456 1292 1486 qua
1318 1455 1403 1477 com-

348 1502 500 1540 putantes
517 1508 574 1529 sua
589 1497 751 1537 recipiunt
767 1499 916 1536 computa
928 1495 967 1526 de
983 1505 1067 1526 anno
1080 1495 1232 1536 computi,
1244 1495 1279 1525 xl
1291 1499 1314 1526 s.
1360 1495 1404 1526 Et

348 1558 405 1589 pro
420 1547 678 1589 reparacionibus
695 1545 871 1586 ponderum
887 1547 979 1575 trone
994 1544 1029 1575 in
1044 1544 1177 1585 plumbo
1193 1547 1226 1575 et
1241 1544 1332 1580 ferro,
1344 1554 1365 1574 v
1377 1548 1401 1575 s.

348 1598 390 1628 Et
413 1598 435 1628 J
438 1597 558 1628 ohanni
588 1595 679 1631 Leth,
706 1605 746 1625 ex
769 1594 937 1625 elimosina
963 1593 1045 1634 regis
1067 1603 1125 1634 pro
1149 1593 1215 1624 suis
1237 1593 1401 1624 laboribus

348 1647 442 1678 factis
472 1646 556 1678 circa
585 1643 849 1685 importacionem
880 1646 1035 1679 custume,
1066 1652 1106 1673 ex
1144 1642 1401 1674 consideracione

348 1696 540 1732 auditorum,
571 1694 627 1735 xiij
652 1698 677 1725 s.
701 1693 747 1734 iiij
779 1693 808 1724 d.
856 1692 956 1733 [Sam
979 1692 1056 1723 :6⁰76
1078 1692 1142 1723 1:23.
1168 1692 1219 1724 ed.
1263 1692 1401 1723 Balaowe

348 1747 402 1778 ..⁴5⁰8
417 1746 481 1777 18s.
499 1745 549 1776 5d.
565 1744 645 1785 paid
660 1747 690 1774 to
708 1742 899 1783 Trea-suren]
945 1742 988 1773 Et
1003 1741 1049 1773 sic
1064 1751 1152 1783 eque.

393 1845 589 1886 Computum
614 1842 723 1874 David
745 1841 853 1883 Boyis,
876 1840 1064 1872 custumarii
1087 1839 1163 1871 salis
1186 1839 1338 1881 asportati
1361 1839 1400 1871 de

347 1905 443 1936 regno
467 1904 523 1935 per
545 1895 656 1934 portus
679 1892 719 1923 de
742 1891 851 1923 Disert
875 1893 907 1922 et
933 1890 1184 1932 Ravynniscrag,
1209 1890 1327 1931 [Pam
1356 1890 1400 1921 19

347 1945 431 1976 June
447 1943 556 1984 1464]

391 1994 485 2025 Idem
507 1994 617 2024 onerat
640 2001 674 2023 se
694 1991 733 2022 de
750 1990 841 2031 xlviij
856 1994 879 2021 s.
903 1989 1166 2031 provenientibus
1189 1989 1229 2020 de
1251 1992 1399 2021 custuma

347 2042 559 2085 quadraginta
590 2044 661 2072 octo
699 2040 878 2072 celdrarum
916 2040 991 2071 salis
1021 2043 1276 2070 custumatarum
1313 2038 1397 2080 apud

347 2093 449 2124 dictos
465 2095 575 2133 portus
591 2094 624 2122 et
647 2093 880 2131 asportatarum
903 2089 942 2120 de
965 2099 1061 2129 regno
1084 2099 1141 2129 per
1163 2092 1290 2129 tempus
1313 2098 1398 2119 com—

346 2143 428 2184 puti,
458 2140 612 2182 capiendo
643 2150 700 2181 pro
730 2143 878 2171 custuma
908 2139 1014 2170 celdre
1044 2138 1212 2169 duodecim
1242 2138 1396 2170 denarios.

347 2193 479 2224 Summa
494 2191 592 2231 hujus
608 2190 711 2222 oneris
726 2192 823 2230 patet.

1546 1919 1551 1927 .
1547 1846 1551 1864 ..
1544 1780 1551 1829 ι...-
