1551 2462
150 248 241 278 1461.
459 245 545 276 REG
554 245 621 276 UM
645 244 892 277 SCOTORUM.
1157 247 1205 277 67·

94 378 97 379 ⁷
149 338 298 370 undeeim
313 338 520 370 servitoribus
537 338 666 370 domine
692 338 798 379 regine
825 338 864 369 de
888 338 1040 369 mandato
1057 338 1200 378 ejusdem

149 399 206 430 pro
222 389 295 420 feno
311 399 475 430 equorum,
491 388 636 429 quolibet
651 389 848 429 percipiente
865 389 1007 429 quinque
1031 388 1148 419 solidos
1165 389 1200 419 in

151 449 243 476 anno,
258 439 293 469 lv
316 443 340 470 ἓ.
387 439 520 470 Summa
544 449 765 480 expensarum,
780 438 814 479 iij
832 438 879 480 liij
893 438 925 470 Π.
941 439 986 480 xij
1001 443 1024 470 S.
1041 439 1086 479 iiij
1104 438 1134 470 (1.
1151 439 1198 469 ob.

150 489 193 520 Et
208 489 253 520 sie
268 491 390 519 restant
414 489 496 529 ijcxv
510 489 542 521 Ti.
559 489 616 520 xix
632 493 655 520 ἔ.
673 489 720 520 οἵ).
767 489 817 519 De
845 489 970 529 quibus,
986 488 1120 519 alloeate
1145 499 1201 529 per

150 538 344 570 solucionem
361 538 477 569 factam
494 539 622 570 domino
648 538 670 569 J
673 538 793 569 ohanni
819 539 931 580 Layng
953 549 1010 580 pro
1027 539 1118 570 feodo
1143 549 1200 570 suo

151 588 281 620 termini
295 588 521 620 Pentheoostes
537 588 645 619 ultimi
660 588 813 629 preteriti,
831 589 870 619 de
895 589 1047 620 mandato
1072 589 1201 620 domine

151 639 266 680 regine,
278 639 407 670 custode
423 639 541 679 privati
557 638 654 680 sigilli
670 642 809 683 testante
825 639 1022 676 mandatum,
1034 639 1068 680 iij
1086 639 1117 670 fi.
1131 639 1162 680 vj
1177 643 1199 670 ἔ.

152 690 207 730 viij
224 689 254 721 d.
299 689 341 720 Et
357 689 402 721 sio
417 692 539 720 restant
555 689 599 730 xij
617 688 648 719 fi.
667 689 711 729 xij
730 693 753 719 ἓ.
770 689 817 729 iiij
835 689 864 720 d.
882 690 930 721 ob.

196 739 388 780 Compotum
411 749 583 780 granorum
599 743 602 745 ’
617 739 655 770 de
687 739 967 780 Strivelingsohire
992 743 1024 772 et
1051 739 1201 771 Menteth

151 789 311 821 redditum
326 789 378 820 die
394 792 427 820 et
441 789 510 820 loco
527 789 672 830 superius
690 789 865 829 descriptis.

165 844 171 845 ’
196 839 288 871 Idem
315 843 425 870 onerat
448 850 481 870 se
513 840 547 870 in
574 839 684 880 primis
709 839 748 870 de
774 840 854 880 xxiij
888 839 1003 870 celdris
1034 839 1132 870 brasii
1162 839 1201 870 de
1217 837 1360 878 [Οτι-πει]

153 889 253 921 firmis
278 889 316 920 de
340 889 516 920 Tulieultre
543 889 582 920 de
608 889 732 920 duobus
757 889 902 920 terminis
929 889 1040 920 Sancti
1068 889 1202 920 Martini

152 940 236 970 infra
248 939 308 970 hoc
320 943 513 980 compotum.
550 940 593 970 Et
609 939 647 970 de
659 939 705 979 iiij
723 939 838 970 eeldris
851 939 947 970 brasii
961 939 1050 970 firme
1063 939 1102 970 de
1114 939 1202 980 Logy

153 989 192 1021 de
203 989 297 1020 dictis
309 989 432 1020 duobus
446 989 599 1020 terminis.
628 988 671 1019 Et
681 988 719 1019 de
729 989 751 1028 ij
766 989 880 1019 celdris
892 988 1043 1019 frumenti
1055 989 1076 1028 ij
1089 988 1203 1019 oeldris

153 1038 251 1069 brasii
274 1038 364 1069 firme
391 1038 429 1069 de
457 1038 626 1078 Blarelogy
657 1038 696 1069 de
721 1038 814 1069 dietis
841 1038 995 1069 terminis.
1041 1038 1084 1069 Et
1114 1038 1153 1069 de
1179 1039 1201 1079 ij

155 1087 270 1118 celdris
286 1087 440 1118 frumenti
455 1087 477 1127 ij
495 1087 608 1118 celdris
626 1086 722 1118 brasii
737 1087 827 1118 firme
843 1087 882 1118 de
898 1087 1012 1127 Powys
1029 1087 1068 1119 de
1084 1087 1204 1119 eisdem

155 1187 201 1227 iiij
219 1186 334 1218 celdris
350 1196 522 1217 avenarum
535 1186 625 1217 firme
642 1186 680 1217 de
696 1186 892 1217 Inneraloun
913 1186 952 1217 de
968 1186 1063 1218 dietis
1079 1186 1203 1218 duobus

155 1236 308 1268 terminis.
353 1235 396 1267 Et
411 1235 450 1267 de
473 1236 572 1276 xxxvj
591 1235 704 1267 celdris
728 1236 830 1267 farine
853 1237 1019 1267 avenatiee
1042 1236 1081 1267 de
1104 1237 1204 1268 firmis

156 1289 313 1317 terrarum
341 1285 380 1316 de
411 1285 597 1326 Cessintuly
628 1285 667 1316 de
694 1285 789 1316 dictis
819 1285 975 1317 terminis.
1019 1286 1062 1317 Et
1089 1286 1128 1317 de
1159 1288 1202 1327 vij

155 1335 270 1367 celdris
285 1335 386 1366 farine
401 1335 564 1366 avenatice
580 1335 670 1366 firme
682 1335 859 1366 molendini
873 1335 911 1366 de
929 1335 1043 1366 Doune
1055 1335 1094 1367 de
1110 1336 1205 1367 dictis

155 1385 310 1417 terminis.
354 1385 397 1415 Et
412 1385 450 1416 de
463 1385 476 1425 j
494 1385 599 1416 celdra
623 1385 678 1425 viij
706 1384 800 1415 bollis
817 1384 919 1415 farine
934 1385 1099 1417 avenatioe
1115 1386 1204 1417 firme

155 1433 332 1466 molendini
361 1433 400 1465 de
430 1434 583 1465 Rednach
613 1434 652 1465 de
683 1434 803 1465 eisdem
832 1434 986 1465 terminis.
1040 1435 1083 1466 Et
1113 1435 1152 1467 de
1182 1436 1202 1476 ij

156 1484 271 1516 celdris
293 1484 395 1516 farine
423 1484 586 1515 avenatice
609 1484 700 1515 firme
725 1484 903 1515 molendini
928 1484 968 1516 de
992 1485 1143 1527 Oammys
1166 1485 1204 1517 de

157 1534 277 1565 eisdem
293 1534 447 1565 terminis.
492 1534 534 1564 Et
555 1534 594 1565 de
614 1534 626 1574 j
652 1533 757 1565 eeldra
781 1534 882 1565 farine
905 1535 1068 1566 avenatiee
1085 1536 1205 1567 molen-

157 1583 225 1614 dini
241 1583 280 1614 de
295 1583 512 1624 Auehinlessy
535 1583 574 1615 de
597 1583 717 1615 eisdem
739 1584 894 1615 terminis.
941 1585 983 1615 Et
1005 1584 1044 1616 de
1064 1585 1076 1625 j
1100 1585 1206 1616 oeldra

157 1632 203 1673 iiij
228 1632 321 1664 bellis
344 1633 446 1664 farine
470 1633 634 1664 avenatiee
657 1633 834 1664 molendini
858 1633 897 1664 de
921 1633 1151 1676 Strongartnay
1167 1635 1206 1666 de

105 1714 113 1721 ,
158 1682 277 1714 eisdem
306 1682 460 1714 terminis.
505 1683 548 1713 Et
577 1683 616 1714 de
647 1683 668 1723 ij
701 1683 815 1715 eeldris
846 1694 891 1724 111J
924 1684 1019 1715 bollis
1049 1684 1137 1715 ordei
1167 1685 1206 1716 de

158 1742 303 1774 garsuma
329 1732 488 1763 dictarum
519 1736 674 1764 terrarum
706 1732 744 1764 de
776 1733 1008 1774 Strongartnay
1035 1744 1091 1774 per
1120 1734 1206 1765 idem

158 1785 293 1823 tempus.
339 1782 381 1812 Et
397 1782 436 1813 de
459 1782 492 1823 iij
517 1782 631 1813 eeldris
655 1782 756 1813 farine
780 1783 944 1813 avenatice
967 1782 1145 1814 molendini
1167 1784 1207 1815 de

160 1831 345 1872 Cessintuly
360 1842 415 1872 per
438 1832 523 1863 idem
545 1835 681 1872 tempus.
727 1832 769 1863 Et
791 1832 831 1863 de
854 1833 954 1873 xxviij
981 1832 1095 1864 eeldris
1112 1843 1207 1864 aven-

159 1891 249 1913 arum
265 1881 304 1913 de
320 1881 419 1913 firmis
435 1885 592 1912 terrarum
608 1882 647 1913 de
670 1882 749 1913 Row
765 1882 803 1913 de
827 1882 946 1914 eisdem
967 1883 1119 1914 terminis.
1167 1883 1209 1913 Et

159 1930 199 1962 de
223 1942 244 1961 x
267 1931 382 1962 celdris
404 1941 579 1963 avenarum
605 1932 695 1963 firme
718 1932 758 1963 de
781 1932 953 1963 Neutoune
976 1932 1015 1963 de
1041 1932 1153 1963 Doune
1170 1933 1209 1963 de

118 1985 120 1987 “
160 1980 279 2012 eisdem
295 1980 447 2012 terminis.
491 1981 534 2011 Et
546 1980 584 2012 de
598 1981 675 2022 xviij
695 1981 809 2012 oeldris
827 1991 1001 2012 avenarum
1017 1981 1107 2012 firme
1124 1981 1163 2013 de
1178 1981 1209 2013 le

160 2030 249 2061 Frew
267 2030 306 2061 de
321 2030 415 2061 dictis
438 2030 592 2062 terminis.
638 2031 680 2061 Et
703 2030 742 2061 de
765 2031 798 2071 iij
824 2030 938 2062 celdris
961 2041 983 2061 x
999 2030 1093 2061 bollis
1112 2031 1210 2063 brasii

161 2079 250 2110 firme
267 2079 306 2110 de
322 2080 428 2111 Skeok
445 2090 501 2120 per
516 2079 601 2111 idem
615 2083 750 2121 tempus.
789 2081 921 2111 Summa
932 2079 1039 2111 totalis
1055 2080 1209 2111 frumenti

161 2129 200 2160 de
217 2129 493 2170 Strivelingsehire
503 2133 535 2160 et
551 2129 711 2167 Menteth,
724 2129 779 2170 viij
795 2130 906 2161 oeldre.
954 2130 1085 2160 Summa
1101 2129 1209 2161 totalis

161 2178 249 2210 ordei
271 2181 304 2210 et
327 2179 424 2210 brasii
451 2179 632 2217 earundem,
655 2179 689 2210 xl
713 2179 817 2211 celdre
840 2179 908 2219 xiiij
938 2178 1032 2211 bolle.
1077 2179 1210 2211 Summa
