1551 2462
120 225 209 254 1468.
427 222 586 253 REGUM
611 222 858 254 SCOTORUM.
1101 226 1162 254 535

116 315 243 346 baronie
259 315 297 346 de
321 314 414 346 dictis
438 315 538 346 annis.
583 315 626 346 Et
643 315 681 346 de
698 326 718 345 v
734 315 766 346 fi.
783 315 814 356 vj
833 319 855 346 s.
874 315 929 356 viij
947 315 977 347 d.
1001 315 1039 346 de
1063 316 1163 347 firmis

116 365 289 396 molendini
327 365 470 406 ejusdem
508 365 547 396 de
586 365 704 396 eisdem
743 365 843 396 annis.
898 366 941 396 Et
982 365 1021 396 de
1060 376 1103 396 xv
1141 370 1163 397 s.

54 442 58 444 .
116 414 255 456 quinque
278 425 421 446 aerarum
437 415 633 455 eotagiorum
650 414 728 445 dicti
751 415 885 445 dominii
909 415 947 446 de
971 415 1164 446 Houstoune

116 464 155 495 de
184 464 304 495 eisdem
335 464 434 495 annis.
491 465 534 495 Et
572 464 610 495 de
642 464 744 494 xxxix
773 464 805 494 H.
837 474 881 494 xv
912 468 927 495 s
957 464 1013 505 viij
1047 464 1075 495 d.
1108 475 1165 505 per

115 514 251 555 integras
296 514 403 545 firmas
443 513 520 545 ville
558 514 597 545 de
634 513 775 545 Blaknes
810 523 883 544 cum
920 514 1012 545 firma
1049 514 1163 545 domus

114 565 197 603 tecte
218 563 341 604 tegulis,
364 566 396 594 et
419 563 534 594 annuis
557 563 735 594 redditibus
759 563 843 594 dicte
867 562 952 600 villeg
971 563 1009 594 de
1030 563 1163 604 prefatis

115 613 214 644 annis.
259 613 301 644 Et
323 613 362 644 de
393 612 426 642 xl
441 612 472 643 fi.
498 612 536 643 de
560 613 660 643 firmis
683 602 841 643 terraru'm
865 612 903 643 de
927 613 1163 649 Gunnistoune,

47 658 55 663 ’
116 661 356 699 Orounerlande,
369 665 401 693 et
412 661 554 693 Manwel
571 662 632 702 Rig
645 661 683 693 de
696 662 790 693 dietis
803 662 902 693 annis.
949 663 991 693 Et
1008 662 1046 693 de
1062 662 1118 702 xiij
1130 661 1162 692 fi.

115 711 146 751 vj
162 715 184 742 ἔ.
200 711 255 752 viij
272 711 300 742 d.
312 711 351 742 de
361 711 458 742 firmis
474 714 631 742 terrarum
646 711 865 751 spectaneium
878 711 998 742 Thome
1014 711 1162 742 Mailvile

30 759 36 766 “
73 782 76 783 ⁷
114 760 196 792 infra
213 761 331 792 dictam
347 761 509 792 baroniam
526 761 564 792 de
585 761 727 792 Manwel
745 761 782 792 de
805 761 900 792 dietis
916 762 1041 793 duobus
1058 762 1160 798 annis,

115 809 242 851 dempta
255 810 352 841 tercia
375 810 482 841 debita
498 810 537 841 (18
560 811 687 842 eisdem.
733 811 776 842 Et
799 811 837 842 de
854 812 875 852 ij
895 811 1008 842 celdris
1032 811 1114 843 ordii
1136 811 1160 852 ij

113 859 224 891 oeldris
249 870 421 892 avenarum
451 864 608 891 terrarum
632 860 670 891 de
686 860 840 891 Kincavil
864 861 902 891 de
920 861 1039 892 eisdem
1057 861 1161 898 annis,

78 920 86 924 “
114 909 157 942 Et
170 908 208 940 de
229 909 261 949 vj
279 909 371 940 bollis
387 909 409 950 ij
434 909 556 940 ferlotis
587 920 661 941 oum
691 910 766 941 bina
793 914 883 950 parte
914 911 1027 941 ferlote
1057 911 1161 942 farine

116 958 275 990 avenatice
301 958 476 990 molendini
500 959 538 990 de
562 959 706 990 Manwel
722 960 757 990 in
780 960 887 991 warda
911 960 1080 991 existentis
1106 971 1163 1001 per

115 1008 198 1039 idem
214 1011 346 1049 tempus.
392 1009 434 1039 Et
450 1009 488 1040 de
502 1009 534 1039 xl
551 1009 666 1040 celdris
680 1010 853 1041 carbonum
870 1010 908 1041 de
922 1011 1107 1042 carbonaria
1122 1011 1162 1042 de

115 1058 287 1100 Linlithqw
310 1058 348 1090 de
372 1059 490 1090 eisdem
515 1060 616 1091 annis.
662 1060 704 1091 Et
728 1060 766 1091 de
783 1061 814 1101 vj
832 1060 864 1092 H.
889 1060 945 1101 xiij
962 1065 986 1092 s.
1004 1061 1051 1101 iiij
1069 1060 1098 1092 d.
1123 1061 1162 1092 de

51 1126 55 1130 -
102 1108 211 1151 *firmis
226 1108 401 1140 molendini
417 1109 542 1140 noviter
554 1109 695 1140 edificati
712 1109 752 1140 ad
767 1110 865 1140 finem
881 1110 1069 1141 orientalem
1085 1110 1163 1142 ville

115 1157 154 1189 de
175 1158 356 1199 Linlithqw.
404 1158 536 1189 Summa
553 1158 653 1199 hujus
677 1159 790 1195 oneris,
807 1158 959 1199 iij⁰lxxxv
973 1159 1005 1190 11
1030 1160 1074 1200 xij
1093 1164 1115 1191 s.
1139 1160 1161 1200 ij

104 1207 217 1239 <celdre
232 1208 318 1239 ordei
333 1208 355 1248 ij
373 1208 477 1239 celdre
493 1218 667 1239 avenarum
682 1208 717 1239 xl
733 1208 837 1239 celdre
850 1209 1030 1240 carbonum.

160 1257 251 1295 Item,
266 1257 352 1288 idem
367 1261 478 1288 onerat
493 1268 526 1288 se
543 1257 581 1289 de
605 1258 661 1298 xiij
687 1257 719 1288 li.
743 1258 797 1298 xvj
816 1262 839 1289 s.
852 1258 864 1299 j
889 1258 918 1290 d.
936 1259 975 1289 de
990 1259 1164 1300 grassumis

117 1310 258 1339 acrarum
273 1307 350 1338 ville
366 1307 404 1338 de
420 1307 597 1348 Linh'thqw
612 1317 670 1348 per
689 1310 818 1348 tempus
834 1309 983 1349 computi.
1030 1308 1164 1340 Summa

119 1359 212 1398 patet.

159 1406 289 1437 Summa
326 1406 435 1437 totalis
480 1406 677 1437 oneracionis
708 1409 815 1447 preter
853 1408 1019 1448 arreragffl,
1056 1406 1163 1448 iij⁶lxx

10 1446 34 1455 ”¹
54 1450 57 1456 ¹
103 1455 196 1497 =xxix
209 1455 242 1486 li.
257 1455 313 1496 viij
332 1460 354 1487 s.
368 1456 380 1497 j
398 1456 427 1487 d.
444 1456 466 1497 ij
484 1456 588 1488 celdre
612 1467 786 1487 avenarum
810 1457 845 1487 xl
861 1457 965 1488 celdre
981 1457 1162 1488 carbonum.

119 1505 247 1536 Summa
261 1505 369 1536 totalis
386 1506 583 1537 oneraeionis
599 1516 673 1537 cum
689 1507 863 1547 arreragiis,
879 1505 1009 1547 iiij⁰lviij
1025 1506 1059 1538 fi.
1075 1507 1121 1548 iiij
1139 1511 1163 1538 ἔ.

118 1564 138 1586 x
153 1554 182 1586 d.
197 1555 219 1596 ij
236 1555 340 1586 oeldre
355 1565 531 1586 avenarum
546 1556 581 1586 xl
597 1556 701 1587 celdre
718 1556 899 1587 carbonum.

158 1604 303 1645 Expense
327 1604 478 1645 ejusdem.
524 1605 564 1635 In
590 1605 711 1645 primis,
739 1605 872 1636 alloeate
896 1605 1098 1646 computanti
1124 1606 1164 1637 de

117 1653 214 1685 firmis
228 1657 384 1685 terrarum
407 1654 446 1685 de
470 1654 652 1692 Houstoun,
675 1654 829 1691 Kirkhill,
853 1658 886 1686 et
908 1654 938 1686 18
954 1655 1163 1696 Westmanys

117 1702 156 1734 de
192 1703 351 1741 Strabrok,
389 1705 546 1735 concessis
583 1715 640 1745 per
685 1705 852 1735 dominum
896 1715 1004 1745 regem
1048 1705 1162 1735 Colino

27 1743 41 1753 Ἀ
59 1759 63 1770 ³
118 1753 224 1784 comiti
240 1754 277 1784 de
294 1753 409 1795 Ergile,
424 1754 576 1794 magistro
591 1754 727 1794 hospicii
753 1754 841 1794 regis,
857 1754 892 1785 in
915 1754 1007 1785 feodo
1023 1764 1090 1790 suo,
1106 1764 1163 1794 per

117 1801 222 1834 literas
238 1803 380 1844 ejusdem
397 1803 456 1834 sub
479 1803 613 1844 privato,
629 1802 820 1843 percipienti
843 1803 1011 1833 annuatim
1027 1803 1162 1843 quadra-

117 1851 204 1892 ginta
231 1852 337 1890 libras,
360 1853 399 1884 de
429 1852 523 1883 dictis
549 1853 702 1889 terminis,
728 1852 808 1883 lxxx
834 1852 866 1883 fi.
913 1853 954 1883 Et
986 1852 1163 1883 Cuthberto

119 1901 246 1939 Colvile‚
258 1902 297 1933 de
312 1902 412 1933 firmis
428 1906 583 1933 terra-rum
596 1902 635 1933 (18
648 1903 848 1939 Drumcorse,
861 1903 923 1933 sibi
935 1902 1091 1933 concessis
1107 1913 1164 1943 per

31 1941 36 1959 ’-
50 1965 61 1971 ·
94 1974 106 1977 -γ
119 1951 295 1983 consimiles
310 1952 419 1983 literas
435 1952 494 1982 sub
510 1952 644 1992 privato,
658 1951 696 1982 de
709 1951 802 1982 dictis
818 1952 973 1988 terminis,
984 1962 1027 1982 xx
1043 1951 1075 1982 fi.
1120 1952 1164 1983 Et

121 1999 268 2032 Gillelmo
284 2002 465 2042 Trumpate,
478 2001 667 2042 percipienti
679 2001 847 2031 annuatim
863 2001 970 2032 decem
987 2011 1108 2032 marcas
1125 2001 1163 2032 de

119 2049 216 2081 firmis
239 2050 277 2082 de
299 2051 453 2082 Kincavil
476 2051 510 2082 in
534 2051 624 2082 feodo
649 2061 714 2087 suo,
731 2051 792 2082 sibi
815 2061 978 2082 concessas
1002 2050 1041 2081 de
1069 2050 1163 2082 dictis

119 2099 270 2137 terminis,
293 2100 348 2141 xiij
377 2100 409 2131 11.
432 2100 463 2140 vj
490 2105 512 2131 s.
538 2100 592 2140 viij
610 2100 639 2131 d.
685 2100 727 2130 Et
750 2100 862 2137 eidem,
887 2110 943 2140 per
968 2099 1163 2131 solucionem

120 2147 234 2180 factam
259 2149 400 2180 Johanni
428 2149 561 2186 Gallico,
585 2153 746 2186 tawerere,
776 2149 966 2189 percipienti
996 2149 1164 2185 annuatim
