1551 2462
163 2005 312 2037 Ordeum.

363 288 424 318 338
665 286 830 318 ROTUL1
853 285 1090 318 SCACCARII
1321 288 1411 317 1465.

406 379 583 419 Disclmrqc.
630 379 673 410 To
688 379 852 420 chaplains
867 379 906 421 of
923 379 1022 410 Castle
1037 379 1078 420 of
1085 379 1164 409 Bute
1179 379 1246 410 and
1261 379 1366 419 chapel
1381 379 1419 419 of

364 429 406 461 St.
423 430 529 467 Eride,
544 430 621 461 ³312>
635 431 678 461 53⁴
694 431 755 468 bd„
771 441 806 461 as
825 441 855 470 p.
879 430 951 461 273.
999 428 1043 460 To
1067 429 1193 460 Gilcrist
1212 429 1313 466 Leich,
1328 439 1363 460 as
1380 439 1412 469 p.

363 479 436 515 273,
449 481 483 509 at
498 478 573 515 risk,
589 480 644 510 A?
656 480 697 510 68.
711 479 776 520 8cZ.]
807 474 851 510 Et
866 479 979 515 eidem,
990 488 1048 519 per
1056 478 1281 510 liberacionem
1296 478 1414 509 factam

363 528 530 559 Elizabeth
542 528 676 560 Dunbar
685 528 762 559 olim
773 529 933 559 comitisse
943 527 1148 566 Moraviensi,
1154 528 1188 559 in
1198 531 1320 569 partem
1330 527 1414 559 solu-

365 577 464 608 cionis
480 581 610 608 centum
622 587 801 608 marcarum
814 578 876 609 sibi
887 588 944 618 per
955 577 1122 608 dominum
1134 587 1240 619 regem
1252 587 1414 609 concessa-

364 637 436 658 rum
445 637 547 668 usque
557 627 597 658 ad
607 630 725 658 etatem
737 627 921 668 quindecim
931 630 1231 668 annorum‚utpatet
1241 637 1298 668 per
1306 626 1415 658 literas

366 676 489 707 domini
515 676 597 717 regis
624 677 683 707 sub
707 686 764 707 suo
787 686 902 718 magno
927 676 1032 717 sigillo
1057 677 1136 708 alias
1162 680 1304 708 ostensas
1321 686 1416 717 super

366 728 562 766 computum,
573 729 611 756 ut
626 728 716 766 patet
725 725 760 756 in
769 725 874 756 rotulo
884 726 961 756 anni
973 725 1181 766 precedentis,
1193 728 1416 767 computorum

366 775 680 812 rotulatore„marito
697 775 780 807 dicte
797 774 974 812 Elizabeth,
992 775 1112 807 fatente
1134 778 1298 816 receptum
1321 784 1417 815 super

366 828 555 866 computum
570 824 609 855 de
624 835 709 856 anno
732 825 884 865 computi,
900 835 968 855 xxx
982 824 1013 855 11'.
1060 825 1103 856 Et
1124 825 1237 862 eidem,
1252 835 1310 865 per
1332 824 1416 855 solu-

367 875 492 906 cionem
507 874 626 905 factam
641 874 663 905 J
665 874 785 905 ohanm'
801 874 929 905 domino
945 874 1084 905 Dernlee
1099 874 1138 905 de
1160 874 1253 905 terris
1269 874 1308 905 de
1324 874 1417 911 Bute,

367 924 402 955 in
417 926 542 964 partem
555 923 727 954 solucionis
737 922 948 964 quadraginta
959 923 1113 955 librarum
1126 923 1188 954 sibi
1196 932 1417 954 concessarum

367 982 425 1013 per
440 972 607 1003 dominum
622 981 729 1012 regem
744 981 846 1013 usque
869 971 909 1002 ad
933 974 1052 1003 etatem
1075 972 1218 1012 ejusdem
1233 972 1418 1013 quindecim

368 1031 534 1058 annorum,
552 1024 595 1054 ,ut
617 1024 706 1061 patet
735 1030 792 1061 per
815 1020 924 1052 literas
948 1020 1071 1052 domini
1096 1021 1178 1062 regis
1203 1022 1262 1052 sub
1291 1021 1418 1062 privato

368 1074 511 1103 ostensas
537 1080 632 1111 super
656 1074 852 1111 computum,
879 1070 949 1111 ipso
979 1069 1101 1102 fatente
1130 1073 1294 1112 receptum
1325 1080 1420 1111 super

369 1122 565 1161 computum,
580 1119 638 1159 xiij
655 1118 686 1150 fi.
732 1119 775 1150 Et
798 1119 911 1156 eidem,
927 1129 984 1161 pro
1009 1119 1147 1160 quodam
1169 1130 1276 1151 annuo
1292 1119 1419 1150 redditu

369 1179 466 1211 quem
492 1169 514 1200 J
517 1169 632 1200 aoobus
660 1168 797 1199 Stewart
822 1168 941 1200 clamat
965 1168 1026 1200 sibi
1052 1169 1160 1201 deberi
1184 1169 1224 1201 de
1249 1169 1353 1200 insula
1379 1168 1420 1200 de

369 1220 463 1256 Bute,
477 1219 512 1250 in
527 1218 657 1259 plenam
672 1218 868 1249 solucionem
884 1218 1027 1258 ejusdem
1042 1218 1082 1249 de
1103 1228 1186 1250 anno
1202 1218 1344 1259 computi
1359 1218 1420 1254 sub

368 1268 510 1310 periculo
526 1267 751 1308 computantis,
775 1267 828 1307 xvj
847 1267 879 1298 li.
903 1267 960 1307 xiij
977 1271 1000 1298 ἓ.
1017 1267 1063 1308 iiij
1086 1267 1114 1299 d.
1174 1267 1217 1298 Et
1239 1267 1420 1304 camerario,

368 1329 426 1360 pro
442 1317 533 1349 feodo
549 1327 606 1348 suo
622 1316 661 1348 de
673 1326 757 1348 anno
772 1316 925 1357 computi,
935 1326 964 1348 v.
980 1316 1012 1347 li.
1050 1317 1094 1348 Et
1108 1316 1130 1348 J
1133 1316 1251 1348 ohanni
1266 1316 1419 1353 Hunttar,

369 1367 495 1399 custodi
511 1366 677 1398 damarum
690 1365 728 1397 de
744 1365 1001 1407 Littilcumbray,
1013 1376 1071 1407 pro
1083 1366 1228 1398 custodia
1239 1365 1420 1403 earundem,
1460 1376 1463 1377 ⁷

369 1426 426 1457 pro
457 1415 549 1447 feodo
579 1425 636 1446 suo
665 1415 706 1446 de
735 1415 821 1446 dicto
860 1425 954 1452 anno,
982 1425 1035 1446 xx.
1067 1419 1089 1447 Ξ.
1150 1415 1193 1446 Et
1222 1415 1334 1451 eidem,
1363 1424 1421 1455 pro

370 1464 488 1506 viginti
517 1466 654 1505 quatuor
683 1463 795 1495 martis
826 1463 971 1494 liberatis
1005 1463 1135 1495 domino
1166 1463 1205 1495 de
1234 1463 1357 1496 Dernle
1385 1463 1421 1494 in

371 1513 571 1545 consimilem
621 1516 746 1554 partem
794 1512 967 1544 solucionis
1011 1513 1223 1554 quadraginta
1266 1513 1420 1544 librarum

371 1563 434 1595 sibi
463 1562 644 1593 debitarum
674 1564 712 1592 ut
741 1571 846 1602 supra,
868 1571 926 1602 pro
956 1561 1131 1594 octodecim
1160 1562 1250 1593 libris
1276 1562 1420 1599 allocatis

371 1623 428 1653 pro
474 1611 617 1654 qualibet
661 1620 771 1642 earum
816 1610 992 1642 husbandis
1036 1611 1179 1652 quinque
1225 1611 1342 1648 solidis,
1383 1616 1421 1642 ut

371 1664 461 1703 patet
476 1661 511 1692 in
526 1660 639 1691 rotulis
654 1659 907 1701 precedentibus,
923 1660 954 1701 vj
971 1660 1003 1692 fi.
1048 1661 1090 1691 Et
1106 1661 1218 1698 eidem,
1238 1671 1295 1702 pro
1310 1661 1420 1693 decem

372 1711 486 1743 celdris
515 1720 691 1742 avenarum
721 1709 839 1742 debitis
869 1720 925 1752 per
955 1710 1137 1742 husbandos
1167 1711 1207 1743 de
1242 1712 1334 1749 Bute,
1365 1721 1421 1753 pro
1469 1718 1473 1721 “

372 1771 509 1802 quarum
539 1759 682 1801 qualibet
712 1759 798 1790 bolla
820 1759 1006 1792 *auocantur
1043 1760 1218 1792 husbandis
1253 1761 1421 1792 duodecim

373 1810 504 1847 denarii,
528 1809 567 1840 de
594 1819 678 1840 anno
702 1809 853 1850 computi,
880 1808 935 1850 viij
961 1808 992 1841 n.
1033 1809 1172 1841 Summa
1200 1820 1422 1851 expensarum,

373 1909 474 1940 feodis
519 1908 685 1949 capitanei,
717 1907 952 1945 constabularii,
989 1908 1161 1949 granitarii,
1194 1909 1351 1949 janitoris,
1388 1912 1422 1941 et

373 1958 509 2000 vigilum
526 1957 622 1989 castri
638 1957 676 1988 de
692 1956 865 1997 Rothissay
880 1967 945 1988 non
960 1957 1111 1989 allocatis.

418 2008 512 2045 Item,
527 2006 613 2038 idem
628 2009 739 2037 onerat
754 2016 788 2037 se
811 2006 850 2037 de
873 2006 930 2048 xiij
949 2006 1062 2038 celdris
1085 2007 1107 2048 ij
1125 2007 1247 2038 ferlotis
1263 2007 1350 2039 ordei
1364 2017 1421 2049 per

373 2057 529 2098 arreragia
544 2055 654 2087 ultimi
669 2055 813 2096 computi
828 2055 887 2093 sui,
903 2059 941 2087 ut
955 2056 989 2087 in
1013 2056 1094 2097 pede
1110 2057 1253 2097 ejusdem
1274 2057 1421 2098 superius

373 2105 532 2147 descripti.
577 2105 709 2136 Summa
725 2105 874 2146 arreragii
890 2109 986 2146 patet.

417 2155 509 2191 Item,
525 2154 611 2185 idem
633 2156 744 2185 onerat
767 2164 800 2185 se
823 2153 863 2185 de
885 2154 917 2194 xj
943 2154 1057 2186 celdris
1080 2165 1123 2186 xv
1146 2154 1240 2187 bollis
1262 2154 1350 2186 ordei
1365 2165 1422 2196 per

372 2205 512 2245 integras
544 2213 724 2244 grassumas
755 2201 860 2234 insule
892 2203 931 2234 de
962 2203 1046 2235 Bute
1076 2203 1115 2236 de
1144 2204 1281 2236 termino
1311 2203 1420 2236 Sancti
