1551 2462
387 291 449 320 474
693 289 859 321 ROTULI
882 289 1119 321 SCAccARH
1351 291 1441 322 1467.
1508 267 1519 271 '⁵

382 382 490 419 tantis,
507 383 583 423 xxvj
601 382 632 413 ΠΖ
650 383 707 424 xiij
725 387 748 414 5.
763 383 811 424 iiij
828 383 858 415 d.
903 383 946 414 Et
969 383 1082 421 eidem,
1099 383 1138 415 de
1161 383 1261 415 firmis
1282 386 1439 415 terrarum

382 433 422 464 de
438 433 536 464 Inver
551 443 624 463 cum
639 433 824 464 molendino
841 433 994 474 ejusdem,
1010 444 1232 465 concessarum
1255 433 1290 464 in
1313 444 1439 464 excam-

381 482 470 513 bium
486 493 543 523 per
567 483 690 513 dictum
717 483 883 514 dominum
914 493 1020 524 regem
1048 493 1122 514 cum
1149 483 1259 514 decem
1285 483 1433 514 marcatis

381 534 464 563 terre
481 532 519 563 de
537 532 736 569 Ballernoch,
753 535 789 564 ut
815 535 906 573 patet
928 532 962 563 in
987 532 1102 564 rotulis
1128 532 1384 574 precedentibus,
1399 532 1438 564 de

382 592 465 613 anno
482 582 633 623 computi,
650 582 683 613 xl
699 586 721 613 5.
767 583 810 613 Et
827 583 939 620 eidem,
955 583 994 614 de
1014 583 1115 614 firmis
1131 586 1288 614 terrarum
1304 582 1343 613 de
1357 579 1438 614 Dal:

382 632 524 669 mernok,
540 642 760 663 concessarum
774 633 877 663 eidem
890 633 1037 673 episcopo
1051 637 1083 663 et
1098 642 1155 673 pro
1166 632 1251 663 dicto
1263 632 1438 670 excambio,

383 682 421 713 (18
437 682 557 713 eisdem
572 682 728 719 terminis,
744 682 778 722 iij
795 682 828 713 fi.
845 682 876 722 vj
901 686 924 713 5.
941 682 997 722 viij
1016 681 1044 712 d.
1091 682 1134 712 Et
1151 681 1263 718 eidem,
1280 681 1319 712 de
1337 681 1436 713 firmis

383 736 539 762 terrarum
555 731 594 762 de
617 731 767 772 ErntuLv,
790 734 1017 772 occupatarum
1040 742 1097 772 per
1120 731 1244 762 dictum
1271 731 1438 762 dominum

383 781 576 822 episcopum,
587 781 665 812 alias
682 781 744 811 sibi
754 791 976 812 concessarum
988 791 1045 822 pro
1057 781 1151 812 terris
1163 781 1387 813 ecclesiasticis
1398 781 1438 812 de

382 831 565 862 Abercorne
581 830 743 871 occupatis
766 840 840 861 cum
863 831 993 871 grangia
1016 830 1055 861 de
1078 831 1269 868 Abercorne,
1293 831 1332 862 de
1353 840 1438 862 anno

383 880 526 921 computi
554 882 586 910 et
612 880 672 910 sub
697 879 808 911 eodem
834 879 984 920 periculo,
1008 880 1065 921 xiij
1090 880 1120 911 fi.
1149 880 1181 921 vj
1206 885 1229 911 5.
1246 880 1302 921 viij
1321 880 1350 911 d.
1395 880 1438 911 Et

383 930 495 967 eidem,
511 929 551 960 de
566 930 665 961 firmis
689 929 806 961 foreste
829 930 868 961 de
891 929 1072 961 Mamlorne
1095 930 1249 971 deputate
1264 934 1355 961 vaste
1380 940 1437 971 pro

383 980 458 1011 feris
475 979 650 1021 pascendis,
667 983 757 1011 vaste
773 980 812 1011 de
836 990 919 1011 anno
936 979 1088 1021 computi,
1111 981 1187 1021 xxvj
1213 984 1236 1012 5.
1253 981 1309 1021 viij
1327 980 1366 1018 d„
1382 980 1439 1012 sed

383 1040 470 1060 nunc
499 1030 584 1060 dicte
614 1032 696 1060 terre
728 1029 923 1061 assedantur.
984 1029 1027 1060 Et
1057 1029 1170 1068 eidem,
1199 1039 1257 1071 pro
1287 1029 1438 1062 undecim

382 1079 493 1110 martis
510 1079 603 1110 dictis
619 1079 809 1110 stukmartis
825 1079 963 1120 receptis
980 1079 1019 1110 ab
1032 1079 1209 1110 husbandis
1223 1079 1261 1110 de
1271 1079 1439 1120 Deschyre

382 1133 414 1160 et
438 1129 559 1170 Twyer,
589 1139 647 1169 pro
675 1139 812 1169 quarum
843 1129 989 1170 qualibet
1019 1129 1200 1160 allocantur
1229 1129 1350 1160 eisdem
1380 1139 1437 1161 sex

382 1179 476 1210 solidi
501 1183 534 1210 et
564 1182 635 1210 octo
660 1179 790 1214 denarii,
815 1179 944 1210 intratis
967 1179 1000 1209 in
1024 1179 1116 1210 Iibris
1140 1178 1294 1210 domicilii
1317 1179 1437 1219 absque

381 1228 496 1269 precio,
511 1231 549 1259 ut
564 1231 654 1269 patet
669 1227 701 1258 in
719 1228 849 1265 eisdem,
865 1228 898 1269 iij
915 1227 948 1259 li.
965 1228 1022 1269 xiij
1047 1232 1070 1259 5.
1095 1228 1142 1268 iiij
1160 1227 1189 1258 d.
1235 1228 1278 1258 Et
1294 1238 1382 1259 maro
1397 1227 1437 1259 de
1491 1262 1506 1269 φ

381 1277 546 1319 Deschyre
570 1280 601 1309 et
624 1277 745 1318 Twyer,
761 1287 818 1318 pro
842 1277 934 1309 feodo
950 1287 1007 1309 suo
1031 1277 1071 1308 de
1093 1287 1178 1308 anno
1194 1274 1347 1318 compfiti,
1363 1277 1397 1309 xl
1412 1282 1436 1309 5.
1490 1309 1494 1311 Δ

382 1328 423 1359 Et
439 1338 526 1358 maro
539 1327 578 1358 de
589 1327 801 1368 Glenlyoune,
818 1338 875 1368 pro
891 1327 983 1359 feodo
999 1338 1057 1359 suo
1074 1327 1113 1358 de
1125 1327 1234 1358 eodem
1251 1337 1345 1364 anno,
1358 1327 1435 1368 xxvj

381 1382 404 1409 5.
421 1378 477 1419 viij
495 1377 524 1409 d.
563 1378 605 1408 Et
620 1388 708 1409 maro
725 1377 763 1409 de
780 1377 1020 1414 Strathbraune,
1036 1388 1093 1418 pro
1106 1377 1198 1408 feodo
1209 1387 1266 1409 suo
1276 1377 1316 1408 de
1325 1377 1437 1409 eodem

382 1438 474 1464 anno,
490 1427 525 1458 xl
541 1431 564 1458 ἔ.
610 1427 653 1458 Et
668 1437 756 1458 maro
779 1427 819 1458 de
841 1427 1018 1468 Apnadull,
1033 1437 1090 1468 pro
1114 1426 1206 1458 feodo
1222 1437 1279 1458 suo
1295 1427 1334 1458 de
1350 1427 1435 1458 dicto

381 1487 475 1514 anno,
491 1477 525 1507 xl
540 1481 563 1508 5.
609 1477 652 1508 Et
668 1477 780 1514 eidem,
796 1477 835 1508 de
850 1477 950 1508 firmis
971 1480 1109 1518 quatuor
1124 1476 1290 1508 domorum
1306 1477 1342 1508 iu
1358 1477 1436 1509 villa
1474 1494 1477 1496 -
1503 1470 1505 1474 ¹

382 1527 421 1557 de
445 1526 551 1564 Per-th,
567 1527 717 1558 videlicet
732 1527 868 1559 duarum
891 1537 948 1568 pro
971 1527 1153 1564 lardinaria,
1169 1526 1266 1558 unius
1288 1537 1345 1567 pro
1367 1537 1434 1558 car-

381 1576 526 1613 bonibus,
543 1579 576 1607 et
598 1580 710 1618 quarte
726 1587 783 1617 pro
806 1577 912 1618 granis
935 1576 1109 1614 servandis,
1125 1576 1164 1607 de
1177 1586 1261 1607 anno
1284 1576 1436 1617 computi,

380 1626 426 1666 iiij
444 1625 476 1656 fi.
494 1625 550 1665 xiij
564 1630 590 1656 5.
607 1626 653 1666 iiij
678 1625 706 1656 d.
753 1626 796 1657 Et
818 1626 931 1663 eidem,
954 1635 1011 1666 pro
1034 1625 1184 1666 expensis
1208 1629 1449 1666 computorum*

380 1675 564 1707 rotulatoris
587 1679 619 1706 et
642 1675 776 1706 aliorum
800 1685 908 1706 secum
935 1675 1148 1706 existencium
1173 1675 1208 1706 in
1231 1675 1434 1707 assedacione

380 1728 538 1756 terrarum
561 1725 599 1756 de
624 1725 819 1762 Stratherne,
843 1724 1010 1761 Methven,
1033 1728 1065 1755 et
1088 1724 1185 1756 ballie
1209 1725 1434 1766 computantis,

380 1779 476 1816 prout
498 1778 588 1816 patet
610 1774 643 1805 in
659 1774 741 1805 libro
757 1773 975 1814 computantis
997 1774 1235 1814 particulariter
1251 1774 1434 1805 examinato

167 1818 218 1870 ἐξῆ
232 1817 346 1870 οξᾱξξξζ,
381 1835 476 1866 super
491 1828 687 1865 computum,
703 1824 734 1864 xj
752 1823 784 1855 ri.
802 1824 857 1864 viij
882 1823 911 1855 d.
958 1823 1017 1864 [To
1037 1823 1236 1864 Oomptroller
1252 1824 1308 1864 for
1330 1824 1433 1855 house-

166 1877 235 1901 lator.
262 1866 268 1877 ⁹
380 1876 460 1912 hold,
483 1875 582 1906 :8206
603 1875 669 1906 Hs.
691 1874 757 1914 Id]
802 1874 845 1905 Et
868 1873 980 1910 eidem,
1003 1884 1060 1914 pro
1075 1874 1175 1915 gagiis
1198 1873 1264 1904 suis
1287 1873 1433 1905 faciendo
1500 1915 1502 1918 Ι

380 1925 594 1966 provisionem
611 1934 683 1965 erga
706 1923 899 1955 scaccarium
916 1934 972 1964 per
987 1923 1098 1954 decem
1111 1923 1187 1960 dies,
1199 1933 1238 1954 ex
1255 1923 1432 1955 considera·
1486 1942 1494 1945 -

381 1976 471 2007 cione
488 1974 670 2006 auditorum
683 1973 722 2004 ad
734 1983 872 2014 presens,
889 1983 933 2004 xv
943 1977 965 2004 5.
1005 1973 1065 2014 [To
1073 1973 1145 2003 said
1160 1973 1432 2013 Oomptroller,³691

224 2031 268 2053 Do.
380 2025 458 2065 133]
490 2024 533 2055 Et
543 2023 654 2060 eidem,
664 2033 720 2063 per
729 2022 955 2053 liberacionem
966 2022 1084 2053 factam
1094 2022 1200 2053 Alano
1211 2022 1249 2053 de
1259 2022 1380 2054 Averia
1392 2022 1432 2054 ad

165 2070 331 2123 Ξξέξὲξῇζῦἢ
379 2075 486 2116 gagius
502 2073 705 2109 verietoruml
721 2072 790 2112 ipso
806 2071 927 2103 fatente
943 2075 1107 2112 receptum
1124 2081 1220 2112 super
1236 2075 1433 2112 computum,

165 2130 260 2153 Averia.
381 2135 423 2155 xv
439 2123 481 2160 E,
497 2133 553 2164 pro
570 2123 687 2164 quibus
710 2121 922 2162 respondebit.
969 2121 1012 2152 Et
1034 2121 1244 2162 computant-i,
1260 2131 1316 2162 pro
1340 2121 1432 2153 feodo
1492 2124 1494 2126 ’

381 2184 438 2205 suo
454 2173 492 2204 de
509 2183 593 2204 anno
609 2172 760 2213 computi,
776 2171 808 2212 vj
826 2171 857 2202 Π.
882 2171 939 2212 xiij
964 2175 987 2202 5.
1012 2171 1058 2211 iiij
1083 2171 1112 2202 d.
1160 2171 1292 2202 Summa
1311 2181 1430 2212 expen-

381 2234 497 2261 sarum,
513 2221 608 2264 iijffiij
633 2221 665 2253 ii.
690 2221 735 2262 iiij
761 2225 784 2252 5.
802 2221 835 2251 ix
858 2220 887 2252 d.
912 2221 943 2262 xj
970 2224 1077 2252 marte.
1123 2220 1166 2251 Et
1188 2220 1234 2252 sic
1256 2213 1379 2252 {estant
1394 2218 1430 2265 ij²
1475 2224 1494 2237 ³
