1551 2462
132 300 222 329 1460.
443 294 606 327 REGUM
631 293 877 326 SCOTORUM.
1143 296 1179 324 41

128 391 245 422 Master
274 389 454 421 Alexander
482 388 626 429 Ifflorray,
657 388 709 419 ΕΙ
736 388 800 419 108.
847 386 933 424 Sum,
963 387 1041 418 &17
1064 387 1105 417 63.
1131 386 1180 418 8d.
1196 392 1362 422 Respondebit

127 440 271 478 Balanea,
289 439 387 480 ssZO]
1195 422 1304 452 Murray.

173 539 365 580 Compotnm
380 538 574 569 ballivorum
597 536 689 578 burgi
712 537 751 568 de
775 536 891 574 Peblis,
914 536 1076 568 redditum
1096 537 1181 578 apud
1195 534 1311 567 Peblis.

128 589 317 630 Edinburgh
347 599 404 629 per
433 587 636 619 Willelmum
664 587 702 618 de
728 587 836 618 Peblis
863 591 895 618 et
919 587 1114 619 Michaelem
1142 587 1182 619 de

130 638 268 675 Foresta,
292 638 427 669 ballivos
455 637 533 668 dicti
560 636 661 678 burgi,
687 636 742 677 [10
767 636 882 667 March
907 637 1003 675 1460,
1022 637 1112 678 from
1138 637 1183 668 2027

130 688 214 719 sze
230 688 338 726 14603
360 687 380 718 1
397 691 484 718 term.

173 738 298 778 Olzarqe.
342 737 472 774 Fermes,
502 737 539 777 by
558 737 763 777 fcto-cleartcr,
792 737 846 774 23²4
871 737 935 775 133,
960 736 1024 777 ᾇᾱ]
1070 737 1113 767 Et
1143 736 1182 768 de

129 797 172 818 xx
189 787 217 818 d.
245 787 344 818 annui
370 787 513 818 redditus
539 786 707 827 cujusdam
729 789 811 817 terre
828 787 1002 828 spectantis
1019 787 1182 827 quondam

129 836 295 868 Willelmo
310 837 415 877 Doby,
427 839 551 877 reperte
566 836 601 866 in
618 836 765 867 manibus
777 836 858 877 regis
868 846 924 877 per
934 836 1182 877 inquisicionem

129 886 165 918 in
180 887 294 918 itinere
311 886 480 918 camerarie
496 886 611 917 ultimo
627 889 717 917 tento
733 886 862 917 ibidem.
908 884 1008 926 [Sumy
1023 887 1078 925 294
1094 886 1172 927 153]

174 937 224 968 De
240 947 303 978 qua
319 946 453 973 summa,
470 935 604 967 allocate
627 936 885 976 compet-antibus
908 946 964 976 per
987 936 1183 968 solucionem

130 985 248 1017 factam
285 985 434 1026 magistro
479 984 646 1025 hospitalis
690 994 787 1025 prope
834 984 950 1021 Peblis,
994 986 1184 1026 percipienti

132 1035 300 1066 annuatim
329 1034 408 1065 duas
438 1044 560 1065 marcas
591 1033 630 1064 (le
656 1033 755 1064 firmis
781 1034 860 1064 dicti
890 1034 990 1075 burgi,
1022 1039 1058 1065 ut
1094 1039 1184 1076 patet

131 1084 166 1114 in
189 1084 299 1114 rotolis
319 1083 571 1124 precedentibus,
594 1083 714 1114 Jacobo
739 1082 905 1118 Chaumen
928 1084 1081 1124 magistro
1105 1084 1184 1115 dicti

131 1133 307 1174 hospitalis,
331 1133 452 1164 fatente
471 1136 634 1173 receptum
658 1143 753 1173 super
776 1136 968 1173 compotum,
991 1133 1030 1164 de
1046 1134 1184 1165 termino

131 1183 227 1224 hujus
250 1183 398 1224 compoti,
422 1182 478 1223 xiij
503 1186 526 1213 ἔ.
550 1182 595 1223 iiij
621 1182 650 1213 d.
696 1182 739 1213 Et
761 1193 818 1223 per
845 1182 1042 1215 solucionem
1065 1184 1184 1215 factam

132 1233 312 1264 vicecomiti
343 1233 381 1263 de
412 1232 519 1263 Peblis
554 1242 610 1273 pro
649 1232 795 1272 expensis
823 1232 994 1272 justiciarii
1023 1233 1117 1265 factis
1152 1234 1184 1265 in

133 1282 248 1313 ultimo
275 1282 387 1313 itinere
411 1285 501 1313 tento
526 1281 653 1318 ibidem,
688 1292 724 1312 eo
755 1281 840 1323 quod
871 1282 977 1313 dictus
1008 1283 1184 1315 vicecomes

134 1331 238 1363 solum
253 1332 372 1372 recepit
388 1331 598 1372 quadraginta
614 1331 731 1363 solidos
755 1331 793 1363 de
810 1332 949 1363 exitibus
966 1332 1044 1364 dicti
1059 1333 1184 1365 itineris

131 1384 164 1412 et
188 1380 284 1412 solvit
310 1391 366 1421 pro
392 1380 486 1411 dictis
512 1381 660 1435 expensis
682 1380 855 1421 justiciarii
879 1381 990 1413 decem
1014 1381 1122 1419 libras,
1147 1386 1184 1414 ut

131 1433 220 1471 patet
229 1430 411 1461 inextracto
424 1429 575 1470 ejusdem,
586 1430 633 1471 iiij
648 1429 678 1461 fi.
693 1440 737 1461 xx
753 1430 784 1462 d.
817 1430 950 1462 Summa
962 1442 1184 1489 expensarum,

175 1579 365 1620 Compotum
388 1578 579 1610 ballivorum
603 1578 694 1620 burgi
718 1579 756 1610 de
779 1579 1000 1621 Hadingtoun‚
1022 1580 1182 1613 redditum
1198 1588 1343 1630 Hading-

129 1628 214 1670 apud
229 1628 415 1669 Edinburgh
431 1639 488 1670 per
503 1629 660 1660 Jacobum
662 1605 857 1666 ῦΟΟῙςὺιΠΠΘ,
872 1640 973 1661 unum
989 1631 1181 1663 ballivorum
1197 1635 1284 1664 toun.

67 1672 79 1680 ”
129 1678 207 1710 dicti
222 1678 321 1719 burgi,
337 1679 395 1720 [17
411 1679 520 1709 March
536 1679 630 1716 1460,
641 1680 730 1719 from
745 1679 765 1709 1
782 1679 862 1720 ξῙῖιῖᾳ]
877 1681 988 1718 1460,·
1012 1681 1032 1711 I
1050 1684 1135 1713 ter-‚m

174 1727 297 1768 ΟΙιανρε.
342 1727 488 1765 Arrcars,
504 1728 586 1759 eelz).
632 1728 761 1765 Formas,
779 1729 816 1769 by
823 1730 1028 1769 feu-charbem
1044 1732 1100 1764 „97
1114 1733 1180 1764 103.

129 1778 228 1809 Issues
243 1778 280 1818 of
289 1788 310 1808 a
325 1778 537 1809 chamberlain
553 1789 634 1819 asse,
650 1779 734 1809 819.
780 1778 866 1816 Sam,
883 1779 958 1810 331
975 1781 1055 1821 103]

172 1827 319 1868 Expense
341 1827 493 1868 ejusdem.
539 1828 579 1858 In
603 1828 723 1869 primis,
746 1828 880 1860 allocate
905 1830 1102 1870 compotanti
1125 1841 1182 1872 per

130 1876 323 1908 solucionem
338 1877 456 1908 factam
472 1877 620 1918 priorisse
636 1881 668 1909 et
692 1878 865 1909 conventui
887 1879 1181 1912 sanctimonialium

129 1925 168 1957 de
183 1926 420 1968 Hadingtoune‚
435 1927 688 1968 percipientibus
705 1928 872 1959 annuatim
884 1929 1096 1970 quadraginta
1108 1931 1181 1962 soli-

130 1975 185 2007 dos
208 1976 247 2007 de
269 1976 369 2007 firmis
398 1976 583 2017 burgah'bus
607 1976 685 2007 dicti
708 1977 810 2018 burgi,
834 1977 893 2008 sub
924 1979 1066 2018 periculo
1097 1990 1182 2011 com-

130 2025 279 2066 potantis,
303 2025 341 2057 de
361 2026 498 2057 termino
521 2027 669 2067 compoti,
692 2037 736 2057 xx
760 2031 783 2059 s.
829 2027 871 2058 Et
894 2027 1006 2065 eidem,
1026 2039 1082 2069 per
1097 2029 1182 2061 solu-

130 2075 254 2106 cionem
269 2075 386 2107 factnm
402 2076 511 2107 abbati
527 2075 566 2107 de
589 2076 838 2117 Dunfizrmelyn,
854 2076 1044 2118 percipienti
1060 2088 1181 2110 annua-

131 2125 191 2155 tim
213 2125 424 2167 quadraginta
447 2125 565 2156 solidos
589 2126 627 2157 de
650 2126 749 2157 firmis
773 2126 958 2167 burgnlibus
981 2127 1059 2158 dicti
1083 2128 1182 2170 burgi,

131 2174 191 2205 sub
213 2174 356 2215 periculo
379 2175 601 2215 compotantis,
618 2175 656 2206 de
679 2176 816 2207 termino
840 2176 987 2217 compoti,
1004 2187 1047 2208 xx
1071 2182 1094 2209 ἔ.
1140 2179 1182 2209 Et

133 2223 246 2261 eidem,
269 2234 326 2265 per
349 2224 544 2256 solucionem
568 2224 686 2256 factam
710 2225 862 2267 magistro
886 2225 1054 2267 hospitalis
1072 2227 1182 2259 Sancti
