1551 2462
366 256 404 284 12
681 252 846 284 norum
871 251 1110 284 SCAcoARH
1327 242 1419 282 1460}
1479 291 1482 295 ¹
1520 275 1525 278 .

362 346 479 384 Ascok,
507 346 674 378 existentis
705 347 739 377 in
765 346 870 378 wir-da
894 346 932 377 de
954 346 1092 377 termino
1116 344 1264 386 compoti,
1287 344 1417 385 dempta
1476 352 1481 369 2

362 395 461 427 tercia
477 395 584 427 debita
601 396 730 427 domine
749 396 902 437 ejusdem.
948 396 1081 426 Summa
1103 395 1200 436 hujus
1224 394 1337 432 oneris,
1357 393 1418 435 fri.

364 446 419 486 viij
438 450 460 477 s.
484 446 527 487 vij
544 446 574 477 d.
621 446 753 477 Summa
775 445 885 477 totalis
916 445 1114 476 oneracionis
1138 455 1212 476 cum
1243 444 1419 486 arreragiis,

361 494 433 536 jexij
451 495 483 526 fi.
501 496 545 537 vij
560 495 589 527 d.

408 546 449 577 Et
472 556 537 577 non
560 549 671 577 onerat
694 556 727 577 se
751 546 789 577 de
810 544 895 586 j⁰lxx
917 545 950 577 fi.
967 545 1021 586 xvj
1047 545 1302 586 §.pendentibus
1325 554 1420 585 super
1480 568 1483 569 γ

364 595 526 636 quondam
542 595 757 635 Reginaldum
773 594 950 626 M‘Alester
965 594 1003 626 de
1020 595 1120 625 firmis
1136 594 1241 625 insule
1257 593 1296 624 de
1313 594 1420 625 Arane
1475 615 1477 617 -

365 645 404 676 de
427 645 530 676 tribus
556 645 658 682 annis,
683 648 719 676 ut
742 648 830 685 patet
853 645 887 675 in
911 647 1058 685 compoto
1082 644 1159 675 anni
1182 647 1239 674 etc.
1261 643 1420 684 quinqua-

151 708 298 732 Consulendi
364 695 485 736 gesimi‘
503 695 617 732 octavi,
643 705 705 735 que
736 695 836 726 eciam
868 694 1051 736 pendebant
1082 704 1165 725 anno
1195 693 1357 735 preterito,
1389 695 1422 724 et

151 738 352 792 {gigiggiuinide
367 744 493 775 nullum
516 744 693 776 remedium
716 744 780 775 fuit
804 744 996 785 appositum,
1019 754 1115 785 super
1139 753 1203 785 quo
1233 741 1422 774 consulendi

366 797 443 825 sunt
458 794 580 825 domini
596 794 635 825 de
651 794 791 826 consilio.

410 844 560 885 Expense
583 843 733 884 ejusdem.
781 844 820 874 In
844 843 966 884 primis,
989 843 1123 875 allocate
1147 842 1344 884 compotanti
1366 852 1424 883 per

368 894 564 925 solucionem
596 894 714 925 factam
744 893 869 925 duobus
907 893 1082 934 capellanis
1113 892 1350 924 celebrantibus
1387 892 1423 923 in

371 947 474 974 castro
490 943 529 974 de
545 943 629 974 Bute
654 943 712 984 [et]
737 943 770 973 in
795 943 917 984 capella
933 943 1024 974 beate
1040 942 1169 983 Brigide
1184 952 1283 983 prope
1299 942 1422 973 dictum

369 996 518 1030 castrum,
535 993 706 1024 infeodatis
723 993 762 1024 ab
773 993 915 1034 antiquo,
931 993 1183 1034 percipientibus
1199 992 1367 1024 annuatim
1383 992 1423 1024 de

369 1043 468 1074 firmis
493 1042 576 1074 dicte
599 1042 702 1073 insule
726 1042 893 1073 duodecim
920 1042 1018 1073 libras
1045 1042 1187 1083 quinque
1218 1041 1335 1073 solidos
1365 1051 1423 1082 per

370 1093 499 1134 equales
515 1092 688 1134 porciones,
701 1093 734 1123 in
745 1092 871 1133 plenam
890 1092 1085 1124 solucionem
1103 1092 1268 1123 feodorum
1283 1101 1424 1130 suorum,
1467 1094 1470 1097 '

371 1144 431 1174 sub
453 1143 595 1184 periculo
618 1143 841 1184 compotantis,
865 1142 903 1174 de
927 1142 1064 1174 termino
1088 1141 1237 1183 compoti,
1259 1142 1291 1182 vj
1311 1141 1342 1174 fi.
1360 1141 1382 1182 ij
1400 1145 1424 1173 s.

371 1193 404 1234 vj
432 1192 461 1224 d.
507 1193 549 1224 Et
577 1193 747 1223 camerario
776 1192 814 1223 de
837 1193 930 1229 Bute,
953 1202 1010 1233 pro
1033 1191 1124 1224 feodo
1147 1201 1205 1222 suo
1229 1191 1267 1222 de
1289 1191 1425 1222 termino

372 1243 519 1284 compoti,
543 1242 555 1273 l
578 1247 600 1274 s„
648 1243 691 1273 Et
713 1242 835 1273 Jacobo
859 1240 1004 1279 Stewart,
1020 1252 1077 1282 pro
1101 1241 1245 1272 custodia
1268 1241 1362 1272 castri
1386 1240 1425 1272 de

346 1318 349 1319 γ
373 1293 466 1330 Bute,
481 1292 516 1323 in
531 1292 660 1334 plenam
684 1292 879 1323 solucionem
896 1292 982 1323 feodi
1004 1291 1055 1322 sui
1078 1291 1117 1322 de
1132 1291 1271 1322 termino
1286 1290 1427 1331 compoti

373 1346 405 1373 et
428 1343 487 1373 sub
510 1342 652 1383 periculo
680 1342 902 1382 compotantis,
925 1352 969 1372 xx
992 1341 1024 1372 fi.
1070 1341 1112 1371 Et
1141 1351 1198 1382 per
1228 1341 1426 1372 solucionem

373 1393 491 1423 factam
508 1392 610 1422 eidem
622 1391 644 1422 J
647 1391 752 1428 acobo,
765 1391 956 1432 percipienti
972 1391 1138 1422 annuatim
1152 1390 1268 1431 viginti
1283 1391 1426 1431 quinque

373 1451 494 1472 marcas
510 1440 549 1471 de
565 1441 703 1481 quodam
727 1451 833 1471 annuo
849 1440 977 1471 redditu
1000 1440 1104 1471 insule
1121 1440 1160 1471 de
1177 1440 1270 1477 Bute,
1285 1443 1322 1471 ut
1338 1443 1427 1481 patet

373 1491 407 1521 in
423 1490 536 1521 rotulis
553 1490 804 1531 precedentibus,
821 1490 854 1520 in
878 1489 1076 1521 solucionem
1102 1489 1186 1520 dicte
1209 1489 1370 1530 pensionis
1387 1489 1427 1520 de
1481 1509 1487 1512 -
1546 1484 1547 1488 ¹

373 1540 511 1572 termino
527 1539 674 1580 compoti,
687 1540 742 1580 viij
760 1539 791 1570 fi.
804 1540 834 1580 vj
852 1544 874 1570 s.
887 1540 941 1580 viij
959 1539 994 1571 d.
1039 1540 1082 1570 Et
1098 1539 1333 1570 constabulario
1350 1539 1427 1570 dicti

374 1589 479 1627 castri,
495 1598 551 1630 pro
568 1589 659 1620 feodo
676 1597 733 1620 suo
752 1589 789 1620 de
813 1590 949 1620 termino
970 1589 1118 1630 compoti,
1134 1586 1146 1619 l
1162 1592 1184 1620 ἔ.
1230 1590 1272 1620 Et
1287 1589 1427 1630 janitori,

375 1649 431 1680 pro
447 1639 539 1670 feodo
556 1648 613 1669 suo
630 1638 669 1669 de
685 1639 821 1669 termino
838 1638 986 1679 compoti,
1002 1649 1045 1669 xx
1062 1643 1084 1670 s.
1124 1639 1167 1669 Et
1175 1638 1355 1679 granitario,
1370 1648 1427 1679 pro
1474 1643 1496 1678 ’.ᾗ

375 1691 467 1722 feodo
484 1701 541 1721 suo
558 1690 596 1721 de
612 1690 722 1721 eodem
738 1690 884 1727 termine,
897 1701 939 1721 xx
957 1695 980 1721 s.
1026 1691 1068 1721 Et
1084 1690 1208 1722 duobus
1226 1690 1377 1731 vigilibus
1392 1690 1427 1721 in
1485 1695 1491 1719 ἶ
1547 1681 1549 1683 ’

376 1741 462 1772 dicto
483 1743 593 1777 castro,
611 1750 666 1780 pro
690 1740 790 1771 feodis
814 1740 880 1771 suis
905 1740 943 1771 de
967 1740 1051 1771 dicto
1073 1740 1218 1777 termino,
1234 1740 1265 1780 vj
1283 1744 1307 1771 s.
1324 1740 1379 1780 viij
1397 1739 1427 1781 d:
1492 1764 1495 1774 ἶ

376 1791 419 1821 Et
431 1790 574 1821 Johanni
585 1790 738 1826 Hunttan
750 1800 807 1830 pro
820 1790 963 1820 custodia
974 1790 1139 1820 damarum
1152 1789 1191 1820 de
1208 1789 1428 1830 Litilcumray‚
1471 1820 1474 1822 ,
1486 1787 1488 1790 ’

376 1850 434 1881 pro
458 1839 550 1871 feodo
577 1849 633 1870 suo
654 1839 693 1870 de
721 1839 858 1870 termino
882 1839 1029 1880 compoti,
1053 1850 1073 1869 x
1099 1843 1121 1870 s.
1168 1839 1211 1869 Et
1236 1838 1348 1875 eidem,
1370 1848 1428 1879 pro

377 1890 487 1921 decem
510 1888 624 1920 celdris
648 1898 822 1919 avenarum
844 1888 927 1919 datis
947 1888 1090 1929 janitori,
1105 1887 1287 1929 granitario,
1303 1887 1428 1918 duobus

377 1939 529 1980 vigi1ibus
546 1937 641 1969 castri
657 1937 696 1968 de
719 1937 811 1974 Bate,
827 1941 859 1968 et
875 1937 1000 1968 custodi
1023 1937 1062 1968 de
1079 1937 1228 1978 Cumray,
1245 1937 1284 1968 ad
1300 1940 1428 1978 pastum

379 1999 496 2026 eorum,
513 1988 653 2029 precium
678 1987 762 2018 bolle
786 1987 954 2018 duodecim
977 1987 1108 2023 denarii,
1124 1987 1163 2018 de
1186 1987 1323 2018 termino
1344 1997 1428 2018 com-

382 2038 459 2079 poti,
482 2038 558 2078 quia
574 2041 652 2068 tunc
675 2036 853 2067 redduntur
875 2039 1013 2072 tantum,
1029 2036 1084 2076 viij
1108 2036 1140 2067 fi.
1186 2037 1228 2067 Et
1244 2036 1355 2072 eidem,
1372 2045 1428 2077 pro
1476 2045 1480 2047 “

379 2088 532 2119 vastitate
548 2091 703 2118 terrarum
727 2085 766 2117 de
790 2086 944 2123 Bradwic,
961 2085 1124 2126 Blarebeg,
1140 2089 1172 2116 et
1196 2086 1371 2116 Dunbrach
1395 2086 1429 2116 in

380 2137 490 2168 eadem
515 2135 620 2168 insula
643 2135 681 2166 de
705 2135 820 2172 Arane,
836 2145 872 2165 eo
896 2135 981 2175 quod
1005 2134 1089 2165 dicte
1104 2139 1186 2166 terre
1202 2145 1265 2166 non
1282 2138 1430 2176 poterant

381 2185 520 2217 assedari
543 2186 582 2217 de
605 2185 742 2217 termino
765 2184 914 2225 compoti,
931 2184 978 2225 liij
1003 2188 1026 2216 ἔ.
1044 2184 1088 2225 iiij
1107 2184 1135 2216 d.
1181 2184 1224 2215 Et
1243 2184 1354 2222 eidem,
1371 2195 1430 2226 pro
