1551 2462
99 273 189 302 1462.
409 270 571 302 REGUM
597 269 846 302 SCOTORUM.
1092 272 1149 301 121

97 362 215 394 exinde
231 362 414 404 percipiunt
430 373 488 394 nec
512 363 652 401 solvunt,
668 363 707 394 de
730 363 867 395 termino
890 363 987 403 hujus
1004 363 1152 403 compoti,

99 413 153 454 xvj
171 412 202 445 d.
247 413 289 444 Et
305 413 417 450 eidem,
433 423 489 454 per
505 412 702 444 solucionem
717 413 836 444 factam
849 413 933 444 dicto
954 412 1153 444 thesaurario

97 473 154 504 per
169 462 386 503 recepcionem
402 472 517 504 sponse
529 462 600 494 Ade
618 462 781 500 Cossoure,
794 463 833 494 de
845 462 996 493 mandato
1010 462 1154 502 ejusdem

98 512 296 549 thesaurarii,
307 512 341 542 in
354 515 478 552 partem
490 512 661 543 solucionis
675 512 785 543 decem
796 512 951 543 librarum
961 512 1070 543 decem
1081 511 1154 542 soli-

99 561 212 593 dorum
225 565 257 592 et
273 565 342 593 octo
359 561 562 593 denariorum
579 562 640 593 sibi
655 562 726 593 Ade
744 562 933 599 debitorum,
948 562 1017 603 ipso
1033 562 1155 592 fatente

99 611 287 643 mandatum
318 621 413 652 super
450 614 643 652 compotum,
673 612 705 652 vj
744 611 777 643 fi.
808 612 864 652 xiij
896 616 920 643 ἔ.
950 611 997 652 iiij
1030 611 1068 648 d„
1098 621 1155 651 pro
1170 611 1335 663 ffesssoudfflit

100 661 216 701 quibus
253 661 465 702 respondebit.
511 662 554 692 Et
583 671 640 702 per
677 661 872 692 solucionem
903 661 1021 692 factam
1051 660 1154 692 eidem
1170 644 1296 694 sssiaffiis.
1312 648 1334 664 e-

100 710 296 742 thesaurario
311 721 368 752 per
384 711 600 752 recepcionem
618 710 757 742 Gilberti
780 711 950 742 Broustare
973 711 1008 741 in
1031 714 1155 751 partem

101 759 271 791 solucionis
287 760 373 791 feodi
388 760 446 798 sui,
463 771 530 791 xxx
552 765 585 797 s„
606 770 663 801 pro
685 760 803 801 quibus
826 760 927 791 eciam
942 760 1153 801 respondebit.
1170 757 1339 809 gistffiendfflg}

103 810 233 841 Summa
248 810 345 851 hujus
361 820 508 851 expense,
524 810 580 850 viij
597 809 631 842 11.
655 810 711 840 xix
728 814 750 841 s.
767 810 814 850 fiij
839 810 867 841 d.
914 810 956 841 Et
972 810 1017 841 sic
1032 813 1156 841 restant
1170 805 1297 839 saurariiis.

101 859 135 900 iij
152 859 185 891 H.
200 859 246 900 iiij
264 864 286 891 s.
303 860 325 900 ij
342 860 372 891 d.

147 958 344 999 Computum
381 959 403 990 J
405 958 540 990 ohannis
578 957 761 999 Clephame,
794 958 965 999 receptoris
1004 962 1036 990 et
1073 958 1154 990 mari
1170 956 1350 997 Balncreyf.

105 1008 239 1039 dominii
262 1008 301 1039 de
325 1008 495 1046 Balncreif,
512 1008 722 1049 [Edi7zburyh,
738 1009 782 1039 038
804 1008 884 1049 szy
902 1009 997 1046 1462„
1006 1009 1097 1049 from
1112 1009 1156 1039 »23

106 1057 218 1087 March
233 1057 320 1095 1460
330 1068 343 1095 ;
365 1058 388 1088 3
403 1060 502 1088 terme.

149 1106 242 1137 Idem
257 1109 367 1137 onerat
383 1116 415 1137 se
431 1106 466 1136 in
481 1105 593 1146 primis
618 1105 656 1136 de
677 1104 760 1146 j⁶viij
777 1105 809 1136 11⁴„
826 1105 872 1146 iiij
898 1109 920 1136 s.
940 1115 997 1146 per
1015 1106 1155 1146 integras

105 1155 212 1186 firmas
229 1155 363 1186 dominii
379 1155 417 1186 de
434 1154 648 1195 Ballynoreiff,
661 1158 729 1186 tam
744 1157 900 1186 terrarum
916 1155 1158 1186 dominicalium

106 1204 346 1235 husbandorum
372 1207 404 1235 et
427 1204 622 1246 cotagiorum
646 1204 797 1245 ejusdem,
821 1204 860 1235 de
884 1204 987 1235 tribus
1011 1204 1157 1235 terminis

106 1254 203 1295 hujus
226 1254 372 1294 compoti,
395 1257 500 1295 preter
522 1253 631 1284 decem
655 1253 776 1284 celdras
800 1254 954 1284 frumenti
977 1253 1101 1285 debitas
1117 1254 1158 1284 ad

107 1303 280 1335 terminum
305 1303 415 1334 Sancti
447 1303 582 1334 Martini
613 1303 696 1333 infra
726 1303 786 1334 hoc
812 1306 1002 1343 compotum.
1048 1304 1090 1334 Et
1118 1304 1157 1334 de

105 1402 208 1433 tribus
238 1402 392 1434 terminis.
439 1402 571 1433 Summa
600 1402 709 1433 totalis
740 1402 945 1440 oneracionis,
972 1401 1090 1443 j⁰xxxij
1119 1403 1150 1433 11.

106 1451 153 1493 iiij
171 1456 194 1484 s.

149 1502 297 1542 Expense
316 1501 465 1542 ejusdem.
512 1501 553 1532 In
576 1501 697 1542 primis,
721 1502 855 1533 allocate
879 1502 1076 1543 compotanti
1098 1513 1155 1543 per

107 1551 301 1583 solucionem
326 1552 444 1583 factam
471 1552 623 1593 magistro
650 1551 815 1583 VVfflelmo
839 1552 942 1589 Blare,
965 1555 1043 1582 tunc
1066 1562 1156 1583 sene-

107 1601 204 1632 scallo
227 1601 349 1632 domini
371 1602 461 1643 regis,
484 1601 524 1632 ad
548 1612 704 1642 expensas
728 1602 885 1633 domicilii
908 1602 1061 1642 ejusdem,
1088 1602 1158 1643 ipso

107 1651 228 1682 fatente
243 1654 408 1692 receptum
424 1661 520 1692 super
543 1654 735 1692 compotum,
759 1652 858 1692 xxxvj
875 1651 908 1682 li.
933 1651 988 1691 xiij
1014 1655 1036 1681 s.
1054 1651 1100 1692 iiij
1119 1645 1337 1698 (1.,ξξξ1ξοζξζξζῑ

107 1711 164 1742 pro
179 1700 297 1741 quibus
313 1701 450 1742 respond
480 1701 524 1732 nit.
571 1701 613 1732 Et
629 1701 741 1738 eidem,
757 1711 813 1742 per
829 1700 1023 1732 solucionem
1041 1700 1159 1732 factam
1173 1693 1256 1727 canus'.

109 1750 252 1791 Rothsay
275 1750 408 1782 heraldo
427 1699 485 1831 ᾗ
507 1750 599 1782 feodo
623 1761 680 1781 suo
703 1750 742 1781 de
766 1750 861 1781 dictis
882 1750 984 1781 tribus
1011 1750 1159 1781 terminis

108 1799 192 1831 infra
207 1799 266 1831 hoc
282 1803 432 1841 compotu
470 1826 476 1837 ,
492 1800 551 1831 sub
572 1799 713 1840 periculo
737 1800 961 1840 computantis,
978 1810 1022 1830 xx
1037 1799 1069 1831 I‘i.
1118 1800 1158 1830 Et

109 1849 221 1886 eidem,
243 1860 300 1890 per
326 1849 524 1880 solucionem
554 1849 672 1880 factam
703 1850 855 1890 magistro
885 1849 994 1880 David
1025 1849 1158 1885 Guthre,

109 1898 315 1935 thesaurario,
341 1899 458 1930 fatenti
481 1902 646 1939 receptum
669 1909 764 1939 super
793 1902 986 1939 compotum,
1008 1898 1100 1938 lxxiij
1126 1898 1157 1928 fi.
1173 1893 1338 1945 ἓξῇῐέῗζᾱξξὲῐ

110 1958 132 1978 x
146 1952 170 1979 ἓ.
194 1948 249 1989 viij
274 1948 313 1985 d„
335 1958 392 1989 pro
415 1948 532 1989 quibus
555 1947 768 1989 respondebit.
815 1948 857 1978 Et
880 1941 1299 1988 00111ροῦε111ῡ1,Ρῑοεειιπαπῑιὶε.

110 1997 200 2029 feodo
216 2008 273 2029 suo
289 1997 328 2029 de
344 1997 439 2028 dictis
454 1998 557 2029 tribus
580 1998 734 2034 terminis,
758 1997 792 2028 xl
816 2002 839 2028 s.
886 1997 1018 2028 Summa
1041 2007 1159 2037 expen-

110 2056 227 2084 sarum,
239 2045 356 2088 j²xxxij
373 2046 406 2078 fi.
423 2057 468 2087 111]
487 2051 511 2078 s.
557 2047 599 2077 Et
615 2047 660 2078 sic
676 2057 764 2088 eque.
1172 2057 1247 2087 Eque.

155 2145 346 2186 Compotum
369 2145 513 2186 magistri
540 2145 659 2177 Thome
683 2145 722 2177 de
750 2144 970 2182 Carmichaell,
995 2145 1158 2176 camerarii
1174 2146 1374 2178 Camerarius

110 2197 267 2227 terrarum
282 2194 404 2228 domini
419 2195 502 2236 regis
526 2194 565 2228 de
589 2194 723 2235 Murray
747 2198 779 2227 et
802 2194 1001 2227 diversarum
1025 2194 1158 2226 aliarum
1173 2190 1258 2264 ltlltra
1284 2201 1374 2222 mon-

1188 2243 1229 2265 es.
