1551 2462
101 165 190 195 1469.
407 160 566 192 REGUM
591 159 837 191 SOOTORUM.
1080 163 1141 192 603

99 255 196 287 firmis
206 257 286 286 terre
297 254 335 285 (18
346 253 444 285 Clone
454 253 493 285 de
503 253 596 284 dictis
607 253 967 291 terminis,extendentis
979 254 1145 285 annuatim

100 304 137 336 ad
161 304 269 335 decem
285 303 408 334 solidos.
453 303 495 334 Et
512 303 550 334 de
565 303 599 343 iij
616 302 648 333 fi.
666 313 686 333 x
710 307 731 334 5.
750 313 770 333 v
791 302 819 333 d.
838 303 876 334 (18
892 303 991 334 firmis
1008 306 1089 334 terre
1106 303 1145 334 de

101 354 252 395 Culgnaw
267 353 305 384 de
322 353 439 384 eisdem
455 352 608 389 terminis,
625 352 755 393 dempta
777 352 876 383 tercia
892 353 998 383 debita
1015 353 1143 384 domine

100 403 139 436 de
153 402 304 440 Dalketh,
327 412 388 443 que
411 412 444 433 se
467 402 612 433 extendit
634 401 801 432 annuatim
824 402 865 433 ad
888 405 958 433 occo
981 402 1098 433 solidos
1115 405 1147 433 et

101 452 247 485 undecim
277 451 429 483 denarios.
475 451 517 482 Et
547 451 586 482 de
617 451 717 491 xxviij
746 451 776 481 11.
805 451 844 482 (18
874 451 973 482 firmis
998 455 1082 482 terre
1107 450 1146 482 de

102 503 244 536 corware
274 501 313 532 de
350 501 444 532 dictis
481 500 634 537 terminis,
672 500 875 532 extendentis
906 501 1074 532 annuatim
1105 501 1146 531 ad.

103 554 237 594 quatuor
251 551 355 582 libras.
401 551 444 581 Et
459 550 498 581 de
513 550 570 590 xlij
588 550 619 580 ΠΖ
633 553 715 581 terre
731 550 770 581 de
786 550 865 582 Cule
882 550 920 582 de
936 551 1069 591 prefatis
1084 553 1147 582 ter-

52 620 55 623 >
104 601 207 638 minis,
223 600 425 632 extendentis
441 600 608 630 annuatim
631 599 671 630 ad
694 609 750 630 sex
765 599 870 631 libras.
915 600 959 631 Et
975 600 1013 631 (18
1029 600 1096 641 xlvj
1114 599 1147 631 11.

104 652 160 693 xiij
177 656 199 683 ἓ.
222 651 269 692 iiij
294 650 322 681 d.
347 650 385 681 de
408 650 506 680 firmis
530 653 611 680 terre
635 649 673 680 de
690 649 891 690 Breghachin
915 650 954 681 (18
973 650 1067 681 dictis
1085 653 1149 681 ter-

105 701 208 738 minis,
235 700 436 732 extendentis
462 699 630 730 annuatim
656 699 696 729 ad
727 699 836 729 decem
862 709 991 731 marcas.
1036 699 1079 730 Et
1109 699 1148 730 de

79 771 86 774 -
109 762 194 783 xxxv
208 750 240 782 11.
257 750 296 781 de
311 749 411 780 firmis
427 752 509 779 terre
522 748 560 779 de
577 748 710 779 Corbart
722 748 760 779 de
776 748 909 789 prefatis
922 749 1022 786 annis,
1039 752 1149 779 exten-

108 801 210 833 dentis
225 799 390 831 annuatim
407 798 448 829 ad
463 798 605 839 quinque
617 798 722 828 libras.
767 798 810 828 Et
822 798 861 829 de
876 798 1014 839 lxxxxiij
1031 798 1063 830 11.
1081 799 1111 839 vj
1126 803 1148 829 5.

0 847 3 884 ἓ
56 863 62 865 *
108 851 162 892 viij
180 850 208 881 d.
225 849 264 881 de
280 849 378 880 firmis
394 848 522 890 grangie
539 848 577 878 de
593 847 737 878 Keltoun
761 847 799 878 de
812 847 905 878 dictis
921 848 1022 885 annis,
1039 851 1149 879 exten-

110 900 214 932 dentis
230 899 395 930 annuatim
415 897 455 929 ad
477 897 593 938 viginti
616 907 745 927 mareas.
790 897 833 927 Et
848 897 887 928 (18
911 897 978 938 xlvj
1002 897 1034 927 h‘.
1051 897 1107 937 xiij
1126 901 1149 928 5.

109 950 154 991 u‘ij
186 949 213 980 d.
245 949 283 980 de
313 948 413 979 firmis
442 951 525 979 terre
561 947 600 978 de
638 946 915 983 Nethirkeltoune‚
946 947 1149 978 extendentis

110 999 273 1032 annuatim
289 998 329 1029 ad
345 997 454 1029 decem
465 1007 595 1028 marcas.
641 997 684 1027 Et
700 996 738 1027 (18
754 996 820 1037 xlvj
839 996 870 1027 11.
887 997 943 1037 xiij
962 1001 984 1028 5.
1002 997 1047 1038 iiij
1065 996 1093 1028 d.
1110 996 1150 1028 de

109 1049 206 1081 firmis
221 1051 303 1079 terre
319 1047 357 1079 de
373 1047 610 1079 Uvirkeltoune
626 1046 664 1078 (18
680 1046 799 1078 eisdem
811 1046 956 1077 terminis
966 1050 998 1077 et
1011 1050 1149 1078 extenta.

109 1099 151 1131 Et
175 1098 214 1130 de
239 1097 340 1138 xxviij
365 1096 397 1128 11.
425 1097 464 1128 (18
489 1097 587 1127 firmis
609 1096 785 1127 molendini
811 1096 850 1127 de
871 1096 974 1127 Butill
993 1096 1032 1128 de
1059 1096 1153 1128 dictis

111 1148 209 1186 annis,
220 1146 423 1179 extendentis
436 1146 604 1177 annuatim
616 1145 656 1176 ad
669 1148 805 1186 quatuor
820 1146 925 1177 libras.
964 1146 1006 1177 Et
1018 1146 1057 1177 (18
1072 1146 1106 1187 iij
1118 1146 1151 1180 fi.

113 1208 133 1230 x
148 1201 170 1229 ἓ.
187 1197 317 1238 piscarie
334 1196 372 1227 de
389 1196 453 1227 Urr
468 1196 507 1227 de
530 1196 651 1227 eisdem
666 1195 765 1227 annis.
811 1196 854 1226 Et
877 1196 916 1227 de
934 1196 1013 1237 xxiij
1031 1196 1062 1227 11.
1080 1197 1112 1237 vj
1129 1201 1152 1228 Ξ.

0 1263 3 1295 ;
16 1232 17 1246 ¹
50 1246 70 1253 “’
112 1247 166 1288 viij
183 1246 211 1278 d.
228 1246 266 1277 (18
281 1246 381 1277 firmis
391 1249 473 1277 terre
484 1245 523 1276 de
534 1245 702 1286 Sleugnaw
718 1244 756 1276 (18
769 1245 863 1276 dictis
879 1245 1032 1282 terminis,
1043 1249 1153 1277 exten-

113 1296 215 1328 dentis
237 1295 403 1327 annuatim
427 1295 467 1326 ad
482 1295 625 1336 quinque
647 1304 776 1325 marcas.
823 1295 865 1325 Et
888 1295 927 1326 de
951 1295 1028 1336 xviij
1045 1295 1077 1327 11.
1094 1295 1151 1336 xiij

112 1349 135 1378 ἓ.
150 1345 195 1387 hij
212 1344 240 1377 d.
257 1348 338 1377 terre
354 1345 394 1376 de
408 1344 579 1375 Daldavan
601 1343 640 1374 de
667 1343 760 1374 dictis
784 1344 937 1382 terminis,
954 1345 1157 1376 extendentis

112 1395 277 1427 annuatim
294 1394 334 1426 ad
349 1397 485 1435 quatuor
500 1403 629 1424 marcas.
669 1393 711 1424 Et
723 1393 762 1424 (18
777 1393 835 1424 lxx
849 1393 882 1425 11.
903 1394 942 1425 (18
958 1394 1058 1425 firmis
1074 1398 1157 1426 terre

65 1478 67 1480 ,
113 1444 152 1476 (18
167 1444 347 1486 Quhitpark
363 1444 402 1475 de
418 1443 536 1474 eisdem
553 1443 707 1480 termini&
720 1443 921 1474 extendentis
938 1444 1105 1475 annuatim
1117 1444 1157 1475 ad

114 1494 220 1526 decem
241 1494 347 1526 libras.
392 1494 435 1524 Et
453 1493 493 1524 de
515 1493 572 1524 lxx
587 1492 620 1524 11.
636 1493 675 1523 (18
691 1493 791 1523 firmis
809 1493 848 1523 (18
865 1493 956 1531 Uvir,
971 1494 1109 1535 Myddfl,
1126 1498 1158 1525 et

115 1544 230 1576 Nethir
244 1543 496 1584 Loohdonganys
511 1543 550 1574 de
566 1543 686 1574 eisdem
708 1543 854 1574 terminis
877 1547 910 1574 et
932 1547 1070 1575 extenta.
1116 1545 1159 1575 Et

117 1593 154 1625 de
169 1594 246 1635 xxiij
263 1593 295 1624 11.
311 1593 342 1634 vj
368 1597 391 1624 5.
407 1592 464 1633 viij
481 1592 510 1623 d.
527 1592 566 1623 de
589 1592 689 1622 firmis
720 1595 803 1623 terre
825 1592 865 1623 de
889 1592 1095 1633 Carlynwerk
1119 1593 1158 1625 de

118 1642 209 1675 dietis
224 1642 377 1680 terminis,
393 1641 596 1674 extendentis
612 1641 780 1672 annuatim
803 1641 843 1672 ad
871 1642 1012 1683 quinque
1028 1653 1158 1674 marcas.

117 1693 159 1724 Et
173 1692 211 1724 de
226 1692 303 1733 xxiij
321 1692 352 1723 fi.
369 1692 401 1732 vj
420 1695 443 1722 5.
460 1691 515 1731 viij
533 1690 562 1722 d.
580 1690 618 1721 de
634 1690 734 1721 firmis
750 1693 833 1721 terro
849 1691 888 1722 de
900 1691 930 1722 18
946 1691 1069 1723 Markis
1086 1702 1159 1723 cum

116 1741 145 1774 le
166 1740 392 1773 Markisworth
415 1740 454 1771 de
477 1739 626 1770 Kilbride
656 1739 695 1770 (18
725 1739 845 1770 eisdem
874 1741 1028 1778 terminis,
1051 1744 1161 1773 exten·

117 1790 220 1823 dentis
235 1791 401 1822 annuatim
418 1789 458 1821 ad
473 1790 614 1830 quinque
630 1799 760 1820 marcas.
805 1789 848 1820 Et
864 1789 902 1821 de
917 1790 996 1831 xviij
1014 1790 1045 1821 11.
1063 1791 1118 1831 xiij
1137 1795 1160 1822 5.

118 1839 162 1881 iiij
179 1840 207 1871 d.
223 1843 305 1871 terre
321 1839 360 1870 (18
384 1838 545 1879 Clonyark
576 1837 615 1869 de
645 1837 763 1869 eisdem
787 1838 942 1876 terminis,
958 1839 1162 1872 extendentis

119 1889 283 1922 annuatim
298 1888 338 1920 ad
348 1891 485 1929 quatuor
500 1897 630 1919 marcas.
675 1887 718 1918 Et
733 1887 772 1918 de
787 1898 855 1918 xxx
869 1887 900 1918 11.
914 1888 945 1929 vj
963 1892 985 1919 5.
1002 1889 1058 1930 viij
1076 1889 1104 1920 d.
1121 1889 1161 1920 de

118 1938 216 1971 firmis
230 1941 313 1970 terre
325 1938 363 1969 (18
376 1936 655 1973 Αι18111118118811811,
667 1946 729 1976 que
741 1947 773 1967 se
786 1937 930 1968 extendit
943 1938 1110 1969 annuatim
1121 1938 1162 1969 ad
