1551 2462
119 263 206 291 1464.
427 258 588 291 REGUM
613 258 857 291 SGOTORUM.
1102 260 1160 288 281

115 355 244 394 propter
280 352 466 384 vastitatem
495 355 653 384 terrarum
683 351 722 382 de
753 349 934 388 Northfeld,
965 350 1041 391 quia
1071 353 1160 381 vaste

115 402 153 434 de
176 405 313 443 quatuor
337 402 429 433 annis
452 402 548 443 hujus
572 401 724 442 computi,
747 400 824 441 xxvj
850 404 874 431 s.
897 400 954 440 viij
979 399 1007 430 d.
1053 400 1096 431 Et
1123 400 1161 430 de

115 452 215 483 firmis
239 451 277 483 de
302 451 444 492 Hougill,
469 452 504 482 iu
527 451 633 482 warda
659 450 817 482 existente
843 449 881 481 de
908 452 1045 490 quatuor
1070 449 1162 480 annis

115 501 211 542 hujus
227 501 376 541 computi,
393 501 468 542 quia
491 504 592 539 vasta,
615 500 671 540 viij
695 500 727 531 fi.
772 500 815 530 Et
838 499 876 530 de
893 499 992 529 firmis
1007 502 1163 529 terrarum

116 550 154 582 de
179 550 378 591 Tonnergath
406 550 445 581 de
468 550 560 581 dictis
585 552 722 590 quatuor
745 549 837 580 annis
861 559 901 580 ex
927 548 1037 579 eadem
1061 558 1164 585 causa,

116 600 170 641 xvj
186 599 218 631 fi.
263 600 306 631 Et
321 600 432 637 eidem,
449 600 620 641 protercia
633 599 742 630 debita
758 599 886 630 domine
898 598 936 629 de
947 598 1113 629 Hallathis
1126 598 1163 629 de

116 659 241 681 summa
263 649 459 680 oneracionis
482 649 633 690 predicta,
656 648 738 689 xliiij
756 652 778 679 s.
802 658 823 679 v
847 648 876 679 d.
893 648 941 679 ob.
986 647 1029 678 Et
1051 647 1164 685 eidem,

115 709 172 740 pro
202 699 349 740 expensis
380 698 486 730 clerici
512 697 699 739 justiciarier
719 697 903 739 recipientis
932 697 1165 728 indictamenta

117 749 191 780 bina
207 749 284 786 vice,
307 752 344 779 ut
366 748 478 779 asserit
501 750 689 788 computans
712 747 746 778 in
770 758 827 778 suo
850 749 1056 784 sacramento,
1081 757 1124 777 xx
1140 751 1164 778 s.

117 798 159 829 Et
174 797 285 835 eidem,
301 808 357 838 per
372 798 568 829 solucionem
584 797 702 828 factam
725 797 855 828 domino
879 797 1019 829 Roberto
1036 797 1165 828 Creich-

117 850 195 878 toun
222 847 261 878 de
287 847 484 888 Sanquhare,
506 847 688 878 vicecomiti
710 846 749 878 de
772 847 952 884 Drumfrez,
975 847 1010 877 in
1040 850 1165 887 partem

117 897 287 928 solucionis
303 907 513 938 expensarum
533 896 705 937 justiciarii
720 896 877 927 factarum
892 897 927 927 in
943 896 1028 927 dicto
1044 896 1167 933 itinere,

60 954 63 955 ’
116 949 154 977 ut
168 949 258 988 patet
279 956 336 987 per
351 946 460 977 literas
476 946 597 977 domini
620 946 701 987 regis
724 947 784 977 sub
807 947 930 987 signeto
954 946 993 977 de
1016 950 1165 987 precepto

117 999 150 1027 et
165 996 243 1027 dicti
258 995 454 1027 vicecomitis
477 996 516 1027 de
539 999 666 1036 recepto
690 999 832 1027 ostensas
856 1006 952 1037 super
968 999 1165 1036 computum,

118 1056 139 1076 x
154 1045 187 1077 11.
232 1046 274 1076 Et
288 1045 400 1083 eidem,
415 1055 471 1086 pro
487 1045 635 1086 expensis
658 1045 751 1076 factis
775 1055 830 1086 per
853 1045 1018 1076 dominum
1042 1045 1165 1076 cancel-

118 1094 243 1132 larium,
270 1095 484 1135 justiciarium
514 1105 555 1125 ex
584 1097 674 1135 parte
712 1094 840 1126 domine
877 1095 984 1135 regine
1022 1098 1165 1135 tempore

118 1144 226 1175 ultimi
262 1144 386 1175 itineris
423 1143 543 1174 ibidem
580 1144 672 1181 tenti,
709 1144 861 1185 magistro
898 1143 1006 1175 David
1040 1143 1165 1176 Guthre

118 1196 256 1225 testante
272 1193 456 1234 hujusmodi
472 1203 627 1234 expensas
643 1203 738 1234 super
761 1196 956 1234 computum,
972 1194 1019 1234 iiij
1036 1193 1068 1225 fi.
1085 1194 1117 1234 vj
1135 1194 1163 1225 d.

118 1243 161 1274 Et
176 1243 287 1280 eidem,
302 1253 359 1283 pro
375 1242 467 1274 feodo
483 1252 540 1273 sue
555 1242 729 1275 retinenoie
745 1243 807 1274 sibi
821 1243 862 1274 ad
877 1243 979 1274 vitam
995 1243 1033 1274 de
1050 1244 1166 1284 viginti

117 1293 208 1324 libris
224 1292 379 1324 concessis
395 1292 561 1323 annuatim
577 1292 790 1333 percipiendis
806 1292 845 1324 de
855 1293 995 1324 exitibus
1005 1293 1165 1324 curiarum

118 1352 248 1374 suarum
264 1342 316 1373 vel
332 1340 559 1373 senescallatus
575 1341 679 1372 Vallis
695 1341 844 1374 Anandie
861 1345 917 1373 aut
932 1342 1056 1373 itineris
1068 1342 1165 1383 justi—

118 1392 214 1423 ciarie
229 1391 325 1422 bailie
341 1401 406 1428 sue,
422 1391 538 1432 quibus
554 1390 776 1425 deficientibus
793 1391 832 1423 de
848 1392 988 1423 exitibus
999 1392 1163 1423 curiarum

119 1441 359 1473 vicecomitatus
389 1440 428 1472 de
457 1440 637 1477 Drumfres,
667 1444 700 1472 et
729 1451 794 1472 non
825 1441 864 1472 de
892 1441 963 1472 aliis
987 1441 1164 1472 redditibus

118 1491 240 1523 domini
254 1491 346 1532 regis,
361 1493 399 1522 ut
414 1493 503 1532 patet
517 1500 575 1531 per
596 1489 705 1522 literas
728 1491 850 1522 domini
865 1491 947 1532 regis
964 1491 1023 1522 sub
1039 1491 1165 1532 privato

81 1567 84 1570 .
119 1545 260 1573 ostensas
275 1550 371 1581 super
386 1542 581 1581 computum,
593 1540 632 1571 de
645 1543 782 1581 quatuor
797 1541 890 1572 annis
903 1540 1000 1581 hujus
1013 1541 1165 1581 computi,

118 1591 197 1622 lxxx
212 1590 245 1622 11.
291 1590 423 1624 Summa
445 1599 666 1631 expensarum,
689 1589 771 1631 ij⁰lvj
795 1590 828 1622 fi.
853 1590 930 1631 xviij
956 1594 980 1622 s.
1003 1590 1037 1631 iij
1061 1590 1090 1622 d.
1114 1591 1163 1622 ob.

118 1641 161 1672 Et
175 1640 220 1672 sie
235 1642 357 1672 restant
372 1638 510 1681 vij⁰xxix
525 1639 557 1671 li.
575 1639 631 1680 viij
649 1643 672 1671 ἔ.
689 1639 721 1680 vj
739 1639 767 1671 d.
785 1639 834 1671 οῖ).
851 1640 873 1680 ij
891 1639 972 1671 libre
988 1640 1114 1681 piperis.
