1551 2462
125 1956 259 1997 Fethyr⁴

124 2001 233 2032 kerne.

337 269 398 297 348
650 266 815 298 'ROTULI
840 265 1076 298 SCACCARH
1299 267 1389 296 1465.

334 359 378 390 Et
393 359 432 390 de
447 358 482 389 lx
497 358 529 390 n„
546 369 604 400 per
626 359 765 400 integras
789 359 896 390 firmas
918 359 957 390 de
977 359 1160 400 Kyngcrag,
1176 358 1341 399 Balbirny,
1357 360 1390 390 et

334 409 511 440 molendini
528 409 680 450 ejusdem,
693 410 731 441 de
744 410 876 450 prefatis
892 409 1045 441 terminis.
1091 409 1134 440 Et
1150 409 1189 440 de
1205 409 1261 449 xiij
1279 408 1310 439 fi.
1328 419 1350 439 x
1365 412 1390 440 5.

334 459 366 499 vj
384 458 413 490 d.
430 459 468 490 de
485 469 591 490 annuo
608 459 736 490 redditu
751 459 829 490 ville
845 459 884 490 de
901 458 1039 490 Brechin
1060 458 1100 490 de
1116 458 1211 490 dictis
1234 458 1388 489 terminis.

335 557 374 590 de
389 558 527 589 termino
551 558 662 589 Sancti
677 558 813 589 Martini
829 558 914 588 infra
929 558 988 589 hoe
1006 561 1203 598 computum,
1219 558 1295 598 quia
1310 561 1390 589 tunc

333 608 480 639 redditur
502 610 638 639 tantum.
684 608 727 639 Et
750 608 789 639 de
817 608 848 648 xj
877 607 908 638 fi.
937 607 975 638 de
999 608 1099 639 firmis
1122 611 1206 639 terre
1227 608 1267 639 de
1290 607 1388 648 Tuly-

334 657 463 699 quhilly
478 657 512 688 in
536 657 677 688 (1011111110
705 657 744 689 (18
768 657 895 688 Nevare
918 657 957 689 de
974 657 1067 689 dictis
1089 658 1242 689 terminis.
1289 658 1333 688 Et
1348 657 1389 689 de

333 707 380 748 iiij
397 707 429 738 11.
446 718 468 737 x
484 711 507 738 5.
531 710 688 738 terrarum
705 707 743 738 de
766 706 929 748 Lethindy
946 707 984 738 de
1001 707 1095 738 dictis
1118 707 1260 738 dominio
1276 710 1309 738 et
1324 710 1388 738 ter-

334 757 439 788 minis.
484 757 527 787 Et
543 756 581 788 (18
604 756 650 797 xij
667 756 699 787 11
716 760 873 788 terrarum
896 757 935 788 de
952 757 1143 788 BaUernoch
1159 757 1199 788 de
1215 757 1309 788 dictis
1326 761 1388 788 ter-

334 807 439 837 minis.
485 806 528 837 Et
553 806 593 837 de
620 806 676 846 viij
703 805 734 836 fi„
763 806 802 837 de
829 806 930 837 firmis
957 806 996 837 de
1020 806 1177 838 Nathrow
1204 806 1243 838 de
1270 807 1390 838 eisdem

334 855 487 887 terminis.
534 855 576 886 Et
599 855 638 887 de
662 855 718 896 viij
742 855 774 886 11,
794 855 832 886 (18
857 855 955 886 firmis
972 855 1010 887 (18
1027 855 1223 897 Tilyarblate
1239 856 1278 887 de
1294 856 1389 888 dictis

334 905 488 935 terminis.
534 905 577 935 Et
601 904 640 936 de
667 904 712 945 iiij
737 904 769 935 hi
793 915 816 935 x
839 909 861 936 5.
888 904 926 936 de
953 905 1053 936 firmis
1078 904 1117 936 (18
1144 905 1323 946 Tulybirny
1349 905 1389 937 de

335 954 455 985 eisdem
470 954 624 985 terminis.
670 954 713 984 Et
736 954 774 985 de
791 964 812 984 x
829 958 850 985 5.
875 954 907 994 vj
925 954 953 985 d.
971 954 1010 985 de
1033 954 1133 985 firmis
1155 954 1290 986 duarum
1307 955 1388 986 crof-

335 1007 440 1034 tarum
462 1003 620 1035 dictarum
643 1003 898 1034 Broustarecroft
925 1006 957 1034 et
981 1003 1203 1045 Smythycroft
1229 1004 1269 1035 de
1293 1004 1388 1035 dictis

335 1103 470 1134 dominii
486 1103 524 1134 de
539 1103 673 1144 prefatis
696 1102 852 1134 terminis.
899 1103 942 1133 Et
958 1102 997 1133 de
1013 1103 1058 1143 iiij
1078 1107 1100 1133 5.
1119 1103 1157 1134 de
1173 1103 1275 1134 firmis
1291 1103 1389 1135 unius

335 1153 470 1194 pomerii
500 1156 532 1184 et
562 1153 658 1184 unius
690 1163 760 1184 acre
791 1155 874 1183 terre
905 1152 1139 1184 constabularie
1170 1153 1209 1184 de
1241 1153 1389 1191 Brechin,

335 1203 548 1234 existencium
564 1203 599 1233 in
614 1203 762 1234 manibus
785 1202 868 1243 regis
883 1202 1010 1233 racione
1029 1202 1134 1234 warde
1150 1203 1189 1234 de
1205 1203 1308 1244 primo
1325 1207 1390 1234 ter-

334 1253 422 1284 mino
452 1253 550 1294 hujus
591 1253 743 1294 computi,
773 1252 830 1283 sed
859 1262 946 1283 nunc
984 1252 1079 1283 datur
1114 1253 1233 1284 saisina
1268 1253 1391 1284 Jacobo

334 1303 499 1334 Wisohart
514 1303 553 1334 de
577 1303 703 1334 eisdem.
749 1302 792 1333 Et
807 1302 846 1333 de
869 1302 914 1342 xij
932 1301 960 1333 (1.
977 1312 1035 1343 per
1057 1302 1280 1334 vendicionem
1296 1302 1391 1334 unius

334 1353 416 1384 libre
439 1352 550 1384 cimini
573 1356 729 1383 terrarum
750 1351 788 1383 de
813 1351 1006 1393 Newbiggin
1031 1352 1102 1384 albe
1125 1352 1215 1384 firme
1242 1352 1281 1384 de
1305 1353 1390 1384 dicto

335 1402 466 1433 termini
482 1402 592 1433 Sancti
607 1401 751 1438 Martini,
767 1401 843 1442 quia
859 1405 936 1432 tunc
952 1402 1096 1433 redditur
1111 1405 1248 1435 tantum.
1293 1403 1336 1433 Et
1352 1402 1391 1434 de

335 1450 368 1482 vc
397 1452 539 1492 piscibus
566 1451 663 1482 aridis
691 1451 790 1481 annui
813 1451 956 1482 redditus
984 1451 1023 1483 de
1045 1452 1193 1483 Montros
1217 1452 1256 1483 (18
1279 1452 1391 1484 eodem

335 1501 474 1532 termino
491 1501 601 1532 Sancti
615 1500 760 1537 Martini,
776 1500 853 1541 quia
867 1504 946 1532 tunc
958 1501 1103 1532 redditur
1117 1505 1253 1533 tantum.
1293 1503 1336 1533 Et
1352 1502 1390 1533 de

337 1550 429 1590 xxiiij
453 1550 544 1581 ferris
568 1559 723 1590 equorum
746 1549 846 1580 annui
861 1549 1004 1580 redditus
1021 1550 1188 1590 cujusdam
1203 1553 1286 1582 terre
1301 1561 1390 1592 spec-

336 1600 437 1631 tantis
462 1599 638 1630 Laurencio
666 1599 783 1639 Smyth
810 1599 849 1630 de
876 1598 1001 1630 duobus
1034 1600 1181 1631 terminis
1208 1601 1390 1632 nativitatis

337 1650 424 1681 beati
456 1649 615 1680 Johannis
651 1648 806 1689 Baptiste2
833 1648 910 1689 quia
939 1652 1017 1680 tunc
1052 1649 1231 1681 redduntur
1253 1654 1391 1682 tantum.

338 1699 470 1730 Summa
493 1698 589 1738 hujus
613 1698 726 1734 oneris,
748 1696 822 1738 1j⁰lj
846 1697 878 1728 11.
902 1698 932 1738 vj
957 1698 986 1729 d.
1010 1696 1043 1730 vc
1066 1699 1169 1739 pisces
1193 1699 1274 1730 aridi
1297 1700 1389 1740 xxiiij

338 1749 422 1779 ferra
438 1757 601 1788 equorum.

337 1849 511 1890 grassumis
538 1852 693 1880 terrarum
719 1848 853 1880 dominii
879 1849 919 1880 de
950 1849 1089 1880 Brechin
1119 1853 1151 1881 et
1178 1850 1307 1881 Nevare
1336 1861 1394 1891 per

338 1904 467 1940 tempus
483 1899 634 1939 computi.
681 1899 814 1930 Summa
830 1898 927 1939 hujus
943 1898 1048 1930 oneris
1064 1903 1160 1940 patet.

383 1949 477 1985 Item,
503 1948 590 1979 idem
615 1951 726 1978 onerat
752 1957 786 1978 se
809 1947 848 1978 de
873 1947 952 1988 xviij
984 1947 1016 1978 11,
1042 1947 1081 1978 (18
1108 1948 1208 1979 firmis
1234 1951 1393 1980 terrarum

339 1998 378 2029 de
402 1997 624 2038 Balbegenoch
647 1997 732 2027 infra
751 1996 940 2037 thanagium
964 1996 1003 2028 de
1026 1997 1227 2038 Kyncardyn
1243 1998 1283 2029 de
1299 1998 1393 2029 dictis

340 2048 444 2079 tribus
459 2047 613 2079 terminis.
659 2047 702 2078 Et
717 2046 756 2078 de
772 2047 805 2077 ix
822 2046 853 2077 n'.
871 2046 910 2078 de
926 2047 1026 2077 firmis
1043 2050 1199 2078 terrarum
1215 2047 1253 2079 de
1270 2048 1393 2079 Baller-

341 2097 424 2129 noch
451 2097 489 2129 de
516 2097 636 2128 eisdem
662 2096 814 2137 thanagio
841 2099 874 2127 et
900 2096 1053 2127 terminis.
1099 2097 1142 2127 Et
1165 2097 1204 2128 de
1232 2107 1276 2128 xv
1298 2097 1329 2128 fi.
1354 2098 1394 2129 de

342 2147 442 2178 firmis
458 2150 540 2177 terre
557 2147 595 2178 de
612 2146 818 2178 Thanstoune
835 2145 873 2176 de
889 2146 1009 2177 eisdem
1025 2145 1176 2187 thanagio
1193 2150 1225 2177 et
1240 2147 1394 2178 terminis.

343 2197 385 2228 Et
401 2197 439 2228 de
456 2197 489 2227 ix
505 2196 536 2228 11.
555 2196 593 2228 (18
609 2196 709 2227 firmis
726 2196 766 2227 de
782 2196 966 2237 Fothderay
987 2196 1026 2227 de
1042 2195 1136 2228 dictis
1152 2196 1305 2227 terminis.
1352 2197 1394 2227 Et
