1551 2462
104 195 194 224 1463.
414 191 576 224 REGUM
600 191 844 223 SOOTORUM.
1091 195 1105 223 1
1113 195 1150 223 91

102 286 141 317 de
164 285 360 327 Kinclevyn,
375 296 450 317 cum
472 284 590 326 quibus
613 287 799 326 compotans
823 285 969 326 superius
993 286 1153 327 superflue

101 335 292 367 onerabatur
307 335 343 366 in
359 335 422 367 alio
438 338 584 376 compoto
607 345 664 366 suo
680 335 804 367 reddito
828 336 913 376 apud
929 335 1152 376 Edinburgum

100 385 368 426 vicesimoquinto
384 385 503 416 mensis
526 385 548 416 J
551 384 610 415 ulii
625 395 709 416 anno
731 384 865 415 Domini
881 387 938 415 etc.
955 384 1153 425 sexagesimo

101 435 241 466 secundo
264 435 302 466 de
318 435 442 466 duobus
465 434 618 472 terminis,
634 438 672 465 ut
693 437 783 476 patet
805 435 840 465 in
863 435 974 466 eodem
998 437 1154 475 compoto,

102 494 168 515 non
197 485 344 516 obstante
367 484 504 516 Thomas
527 484 720 525 Wardroper
750 485 941 516 onerabatur
963 494 1036 515 cum
1055 484 1153 515 dictis

101 533 225 565 duobus
255 534 400 565 terminis
431 537 463 565 et
485 533 557 565 aliis
580 534 704 565 duobus
719 534 754 564 in
769 534 884 565 ultimo
918 536 1064 574 compoto
1095 543 1152 564 suo

101 584 224 615 reddito
235 584 346 615 eodem
355 594 447 621 anno,
461 586 498 614 ut
507 586 597 624 patet
607 584 642 614 in
654 583 735 624 pede
746 583 898 624 ejusdem,
908 583 947 615 de
957 583 1154 624 quaquidem

101 643 226 664 summa
256 633 414 665 dictorum
437 633 575 664 duorum
598 634 808 665 terminorum
831 633 936 665 dictus
964 635 1153 674 compotens

99 683 220 723 recepit
242 693 261 714 a
284 682 371 714 dicto
400 682 521 713 Thoma
543 681 745 723 Wardroper,
768 685 806 713 ut
828 685 920 723 patet
945 683 982 713 in
1005 685 1154 723 compoto

100 732 243 773 ejusdem
259 732 387 770 Thome,
396 731 528 773 triginta
543 734 613 763 octo
629 732 731 763 libras
739 735 877 773 quatuor
892 732 1010 763 solidos
1026 734 1059 762 et
1072 731 1153 762 duos

99 781 253 819 denarios,
263 784 295 813 et
307 781 352 813 sic
364 784 486 812 restant
497 781 662 813 allocande
674 781 871 822 com-potanti
881 781 916 812 in
926 781 986 812 hoc
997 784 1154 822 compoto,

99 841 140 862 ex
154 842 191 863 eo
206 831 292 872 quod
307 831 498 863 onerabatur
513 831 655 862 totaliter
670 841 745 862 cum
757 831 853 862 dictis
870 831 996 862 duobus
1007 831 1154 862 terminis

99 884 132 913 et
147 881 251 912 solum
273 881 393 922 recepit
416 891 576 912 summam
605 881 823 922 prescriptam,
847 881 952 922 xxxiij
972 881 1004 911 li.
1038 881 1105 921 xvij
1130 885 1153 912 s.

100 941 121 961 x
137 930 165 961 d.
211 930 254 961 Et
269 930 381 968 eidem,
396 940 453 971 per
468 930 664 962 solucionem
679 930 797 962 factam
822 930 930 962 Carric
946 929 1099 971 signifero
1115 930 1155 961 de

100 979 252 1010 mandato
274 980 391 1020 regine,
417 980 597 1020 Mergareta
634 979 785 1011 Balfoure
803 982 942 1010 testante
965 979 1155 1010 mandatum

101 1039 197 1069 super
207 1032 398 1069 compotum,
411 1039 477 1059 xxx
494 1032 516 1059 s.
564 1028 607 1059 Et
623 1028 735 1065 eidem,
751 1038 808 1069 per
823 1028 1019 1059 solucionem
1036 1028 1155 1059 factam

102 1077 232 1109 domino
252 1077 394 1109 Henrico
409 1078 584 1118 Kingorne,
599 1078 782 1115 senescallo,
798 1078 838 1109 ad
855 1088 1010 1119 expensas
1027 1077 1155 1109 domine

102 1128 219 1169 regine,
245 1128 377 1159 custode
404 1127 522 1168 privati
549 1127 647 1168 sigilli
674 1130 814 1158 testante
840 1131 1029 1169 preceptum
1059 1137 1156 1168 super

102 1180 294 1217 compotum,
318 1179 351 1207 et
380 1187 437 1217 pro
464 1176 582 1217 quibus
608 1176 694 1207 idem
717 1177 911 1208 senescallus
940 1176 1154 1217 respondebit,

102 1226 192 1266 xxxij
210 1225 242 1257 fi.
283 1226 326 1257 Et
342 1225 454 1264 eidem,
470 1235 527 1266 per
538 1225 736 1256 solucionem
752 1225 870 1257 factam
882 1226 967 1257 dicto
978 1226 1154 1257 senescallo

101 1275 141 1306 ad
157 1285 313 1316 expensas
344 1275 472 1306 domine
495 1274 613 1315 regine,
636 1275 706 1315 ipso
733 1275 854 1306 fatente
878 1278 1043 1316 receptum
1059 1285 1155 1316 super

102 1328 284 1366 compotum
297 1328 330 1356 et
344 1335 401 1365 pro
412 1324 528 1365 quibus
541 1323 642 1354 eciam
655 1324 869 1365 respondebit,
882 1325 926 1364 xij
944 1324 975 1355 li.
1022 1325 1156 1356 Summa

100 1375 216 1405 harum
245 1384 467 1415 expensarum,
496 1372 588 1404 lxxix
605 1373 637 1405 fi.
672 1374 713 1414 vij
738 1378 760 1405 s.
785 1383 807 1404 x
823 1374 852 1405 d.
898 1374 941 1405 Et
963 1375 1008 1405 sic
1031 1377 1155 1405 restant

101 1424 179 1464 xxxj
204 1423 236 1454 li.
260 1423 294 1454 ix
318 1427 341 1455 ἔ.
374 1423 421 1455 ob.
482 1423 532 1453 De
555 1422 681 1463 quibus,
709 1423 843 1454 allocate
874 1424 1071 1465 competenti
1098 1434 1156 1465 per

101 1472 295 1504 solucionem
322 1472 441 1504 factam
467 1471 596 1503 domino
623 1472 765 1504 Henrico
792 1472 831 1504 de
858 1473 1033 1514 Kingorne,
1048 1484 1154 1505 senes—

99 1522 190 1560 callo,
205 1522 275 1563 ipso
302 1522 426 1554 fatente
452 1525 620 1563 receptum
642 1532 738 1563 super
765 1525 957 1563 compotum,
984 1534 1027 1554 xx
1043 1527 1066 1554 s.
1112 1524 1155 1554 Et

100 1572 213 1609 eidem,
229 1582 288 1613 pro
304 1572 396 1603 feodo
413 1582 470 1603 suo
486 1575 520 1603 et
535 1572 576 1603 ad.
598 1581 754 1613 expensas
771 1582 843 1603 suas
861 1573 900 1604 de
916 1583 1000 1604 anno
1016 1574 1156 1614 compoti

100 1625 133 1653 et
148 1622 187 1653 de
199 1632 264 1653 uno
279 1622 416 1653 termino
428 1622 619 1663 precedente
635 1622 695 1653 hoc
711 1625 905 1662 compotum,
921 1632 960 1653 ex
977 1623 1154 1654 considera-

99 1672 190 1703 cione
220 1672 411 1709 auditorum,
443 1681 487 1702 xx
503 1671 535 1702 li.
583 1672 717 1703 Summa
744 1671 842 1712 hujus
870 1682 1018 1713 expense,
1046 1674 1101 1714 xxj
1121 1673 1153 1704 ri.

99 1721 142 1752 Et
157 1721 202 1753 sic
217 1724 340 1753 restant
357 1732 378 1752 x
393 1720 427 1752 fi.
444 1721 477 1752 ix
495 1724 517 1752 s.
535 1721 583 1752 ob.

143 1820 336 1861 Compotum
373 1819 545 1851 Michaelis
583 1819 744 1856 Balfoure,
782 1819 953 1860 receptoris
991 1820 1154 1851 firmarum

102 1869 230 1901 domine
252 1869 360 1910 regine
383 1869 555 1900 comitatus
584 1869 623 1900 de
653 1868 753 1909 Fyffe,
778 1869 937 1910 [Stolo-lim,
963 1870 1007 1899 10
1029 1869 1155 1909 August

100 1919 195 1958 1463,
211 1919 248 1949 in
264 1929 371 1959 money
386 1919 453 1949 cmd
465 1919 570 1959 yram,
578 1919 669 1959 from
683 1919 728 1949 30
743 1918 823 1959 July
838 1918 932 1956 1462).

147 1967 269 2007 Oharye.
315 1967 461 2006 Arrears,
491 1967 568 1999 5³50
597 1968 639 1998 Is.
664 1966 776 2009 Illſsad]
822 1968 915 2004 Item,
936 1967 1022 1998 idem
1045 1970 1156 1999 onerat

100 2020 134 2041 se
164 2010 203 2041 de
230 2010 261 2050 vj
289 2009 321 2042 n.
350 2021 394 2041 xv
416 2015 441 2042 s.
461 2011 474 2051 j
503 2010 609 2042 celdra
631 2011 664 2051 xj
689 2010 783 2042 bollis
814 2010 969 2041 frumenti
992 2010 1014 2051 ij
1039 2010 1155 2042 celdris

96 2060 109 2101 j
149 2059 235 2090 bolla
273 2059 308 2099 iij
347 2059 471 2091 ferlotis
508 2060 597 2091 ordei
633 2070 690 2100 per
727 2059 866 2100 integras
908 2059 1015 2090 firmas
1052 2059 1155 2100 prime

99 2109 199 2150 partis
222 2109 261 2140 de
287 2108 527 2150 Uchtermukty
552 2109 591 2140 de
614 2109 708 2140 dictis
731 2108 856 2139 duobus
880 2108 1027 2140 terminis
1057 2108 1154 2150 hujus

1168 1152 1333 1182 Respondebit

1169 1183 1298 1212 Kingorne.

1228 1331 1271 1355 Do.

1169 1821 1269 1863 Fyffe.
