1551 2462
148 705 313 735 Respondebit

146 735 253 764 Murray.

147 1124 341 1153 Computandum

145 1155 183 1176 est
193 1154 255 1176 inter
266 1154 289 1176 N
290 1161 313 1177 a·

145 1190 202 1212 pai-e
211 1185 235 1206 et
242 1184 347 1213 Murray.

369 247 429 276 150
677 244 840 276 ROTULI
864 243 1099 276 SCACCARII
1321 243 1412 274 1462.

365 337 565 379 satynplane,
580 346 653 368 cum
677 336 810 368 diversis
832 336 948 377 pannis
963 336 1056 367 lineis
1072 339 1104 367 et
1119 335 1229 372 laneis,
1243 334 1408 370 harnesiis‚

365 391 479 428 aptura
501 387 774 424 vestimentorum,
797 386 941 423 canubio‚
967 390 999 417 et
1025 386 1095 417 aliis
1117 385 1252 416 diversis
1275 384 1409 415 minutis

364 437 512 477 expensis
528 436 662 477 receptis
679 446 697 466 a
720 436 804 466 dicto
820 435 925 466 Adam
949 435 1040 472 Cant,
1056 438 1093 465 ut
1109 437 1197 475 patet
1212 444 1268 475 per
1290 433 1411 464 librum

364 486 506 527 computi
519 486 596 517 dicti
608 486 679 516 Ade
690 485 728 516 de
739 485 969 516 deliberacione
981 484 1215 525 particulariter
1227 483 1408 514 examinato

363 585 440 625 xviij
453 589 476 616 s.
487 585 530 626 vij
545 584 573 615 d.
587 585 633 616 οἵ).
679 585 721 617 Et
737 583 849 621 eidem,
858 593 915 625 per
927 583 1121 615 solucionem
1134 583 1251 614 factam
1261 582 1412 623 magistro

362 633 547 665 Alexandro
570 633 713 674 Murray,
735 636 814 663 tunc
836 633 992 673 receptori
1014 632 1135 663 domini
1157 632 1248 673 regis,
1271 632 1312 663 ad
1334 641 1411 663 usus

363 684 514 724 ejusdem,
529 684 598 724 ipso
614 683 736 714 fatente
751 686 915 723 receptum
926 692 1021 723 super
1032 685 1223 723 compotum,
1236 680 1262 722 j⁰
1278 681 1366 722 xxvij
1378 681 1410 712 li.

363 734 419 774 viij
437 733 475 770 d.‚
487 743 543 774 pro
559 733 675 774 quibus
691 732 902 773 respondebit.
948 732 990 762 Et
1006 731 1109 763 eidem
1121 731 1192 763 Ade
1204 731 1412 772 computanti,

361 793 418 823 per
447 783 673 813 liberacionem
703 782 821 813 factam
852 781 971 813 Thome
1002 781 1169 823 Bigholme
1207 784 1238 812 et
1268 781 1411 812 Johanni

360 832 502 869 Harlaw,
512 832 551 863 de
566 832 717 862 mandato
729 831 873 872 magistri
885 831 1063 863 Alexandri
1075 832 1218 872 Mur-ray,
1228 841 1284 871 pro
1294 830 1411 871 viginti

360 882 484 913 duobus
500 881 653 913 barilibus
670 881 747 912 birri
763 884 795 912 et
807 884 892 911 certo
905 881 979 911 vino
995 881 1132 921 receptis
1148 891 1166 911 a
1178 880 1271 911 dictis
1287 880 1409 911 Thoma

361 935 394 963 et
409 931 558 962 Johanne
573 934 714 971 tempore
736 940 799 973 quo
822 930 1006 977 Alexander
1028 930 1164 971 Napare,
1179 933 1257 961 tune
1281 940 1410 970 compu-

360 984 467 1012 torum
493 980 656 1018 rotukztor,
680 980 876 1011 ministravit
902 980 936 1010 in
965 980 1150 1020 hujusmodi
1177 974 1290 1017 officio,
1316 984 1349 1010 et
1372 979 1411 1010 de

361 1030 477 1071 quibus
493 1030 578 1070 cepit
594 1029 819 1061 allocacionem
841 1029 876 1060 in
892 1033 1040 1070 computo
1057 1040 1122 1066 suo,
1137 1032 1175 1060 uh
1197 1030 1309 1061 asserit
1324 1029 1410 1060 idem

363 1080 511 1120 magister
535 1079 719 1110 Alexander
745 1089 840 1119 super
863 1082 1057 1120 computum,
1081 1079 1134 1120 xvj
1161 1078 1192 1109 fi.
1216 1090 1238 1110 v
1253 1089 1276 1110 s.
1299 1079 1344 1119 iiij
1371 1079 1410 1116 d.‚

361 1140 456 1170 super
468 1129 584 1170 quibus
600 1129 851 1170 computandum
863 1132 911 1160 est
926 1129 1009 1162 inber
1024 1129 1125 1160 dictos
1141 1128 1363 1160 Alexandrum
1379 1131 1411 1159 et

361 1179 583 1211 Alexandrum
614 1179 685 1219 quis
716 1189 824 1210 eorum
854 1178 1065 1219 respondebib.
1122 1179 1165 1209 Et
1195 1178 1299 1209 eidem
1328 1177 1407 1214 Ade,

361 1240 418 1271 pro
463 1239 528 1260 una
572 1228 659 1269 pelvi
700 1238 774 1259 cum
818 1228 944 1259 lavacro
988 1227 1110 1259 facture
1146 1228 1177 1259 le
1218 1227 1409 1258 counterfeit

362 1279 535 1310 deliberato
577 1277 749 1309 senescallo
787 1277 813 1308 F
815 1281 952 1308 orestare
994 1277 1034 1308 ad
1071 1287 1167 1308 usum
1207 1277 1409 1308 dominorum

361 1328 400 1359 de
423 1327 564 1364 oonsilio,
590 1337 664 1358 cum
687 1327 803 1367 quibus
830 1337 890 1357 nec
916 1326 1132 1357 thesaurarius
1163 1337 1221 1357 nec
1252 1327 1407 1358 senescal-

360 1377 411 1408 lus
456 1379 605 1407 oneratur
641 1376 675 1406 in
706 1376 860 1416 compotis
898 1376 972 1413 suis,
1009 1379 1047 1407 ut
1084 1379 1173 1416 patet
1207 1372 1242 1406 in
1280 1376 1408 1413 eisdem,

360 1485 470 1506 corum
485 1474 634 1504 undecim
649 1477 813 1514 petrarum
828 1473 900 1504 lane
916 1477 948 1504 eb
957 1474 1261 1515 quadringentarum
1277 1474 1411 1515 pellium

360 1525 544 1555 lanutarum
567 1523 606 1554 de
629 1523 764 1563 propriis
802 1522 929 1554 domine
955 1523 1071 1563 regine,
1098 1527 1348 1555 eustumatarum
1378 1528 1411 1556 et>

361 1577 557 1606 carcatarum
573 1576 647 1604 ante
663 1572 852 1604 divisionem
864 1572 1097 1603 domiciliorum
1108 1583 1165 1614 per
1179 1576 1306 1614 tempus
1323 1584 1407 1605 com-

361 1624 437 1665 poti,
454 1624 513 1655 sub
535 1622 676 1663 periculo
699 1622 920 1662 compotantis,
942 1622 1033 1662 lxviij
1058 1622 1089 1653 fi„
1114 1623 1158 1663 xij
1183 1626 1205 1654 s.
1229 1623 1263 1663 iij
1289 1622 1317 1654 d.
1363 1624 1408 1654 Et,

361 1684 418 1715 per
423 1673 616 1705 solucionem
627 1672 745 1703 factam
751 1671 915 1712 Serapioni
925 1671 1055 1708 medico,
1066 1671 1105 1703 de
1115 1672 1266 1702 mandato
1279 1671 1406 1704 domine

360 1724 476 1764 regine,
491 1723 527 1753 in
548 1721 676 1762 plenam
693 1721 888 1752 solucionem
911 1721 995 1752 feodi
1011 1722 1061 1752 sui
1084 1721 1123 1752 de
1146 1721 1282 1752 termino
1299 1721 1408 1753 Sancti

361 1772 496 1804 Martini
511 1771 596 1802 infra
609 1770 670 1801 hoc
682 1774 873 1811 compotum,
886 1770 1016 1801 custode
1027 1771 1145 1811 privati
1160 1770 1257 1812 sigilli
1269 1774 1408 1802 testante

360 1822 549 1853 mandatum
578 1830 674 1861 super
704 1823 898 1860 computum,
926 1830 946 1849 x
977 1819 1008 1850 ti.
1054 1819 1096 1850 Et
1126 1829 1182 1860 per
1212 1820 1407 1851 solucionem

360 1872 479 1903 factam
495 1870 598 1901 eidem
615 1869 778 1910 Serapioni
796 1879 851 1909 pro
868 1872 953 1899 certa
968 1869 1172 1909 ypothecaria
1188 1869 1262 1900 data
1279 1869 1406 1901 domine

360 1921 467 1961 regine
481 1920 540 1951 sub
556 1918 676 1950 eisdem
687 1918 838 1949 mandato
851 1921 882 1948 et
894 1918 1084 1955 testimonio,
1097 1929 1163 1949 xxx
1179 1923 1201 1950 s.
1240 1919 1283 1949 Et
1295 1919 1407 1956 eidem,

359 1981 416 2011 pro
433 1980 497 2001 una
512 1969 593 2000 cella
609 1967 782 1999 deliberata
797 1967 926 1998 domino
948 1968 1022 2008 regi,
1039 1968 1098 1998 sub
1114 1968 1199 1999 dieto
1215 1969 1406 2006 testimonio,

360 2019 395 2050 xl
411 2023 433 2050 s.
479 2019 522 2049 Et
544 2017 656 2055 eidem,
668 2027 725 2058 pro
748 2017 895 2057 expensis
918 2017 1013 2047 unius
1038 2017 1116 2048 furis
1139 2017 1261 2048 detenti
1282 2018 1315 2048 in
1339 2028 1409 2049 car-

360 2068 485 2100 ceribus
501 2067 623 2098 domini
645 2067 727 2108 regis
751 2066 789 2097 de
812 2066 963 2097 mandato
987 2066 1126 2097 custodis
1142 2067 1259 2107 privati
1275 2067 1371 2108 sigilli
1386 2078 1405 2099 a

360 2117 441 2149 festo
464 2117 591 2148 Natalis
606 2115 739 2148 Domini
754 2125 855 2156 usque
877 2115 1037 2146 decimum
1053 2125 1174 2146 nonum
1185 2116 1346 2154 Januarii,
1361 2117 1405 2157 vij

360 2170 383 2197 s.
413 2166 443 2206 vj
476 2165 504 2196 d.
561 2165 604 2197 Et
629 2174 686 2207 per
716 2163 909 2196 solucionem
937 2164 1055 2196 factam
1091 2164 1222 2206 Albany
1258 2164 1405 2197 herraldo
