1551 2462
121 235 211 264 1461.
430 232 592 264 REGUM
616 233 863 266 SCOTORUM.
1131 240 1169 268 97

117 325 280 358 Atkinson
303 325 337 356 in
353 325 438 357 dicto
455 326 554 367 burgo
571 329 603 357 et
626 326 665 357 de
682 326 776 358 dictis
792 328 945 359 terminis.
992 329 1035 359 Et
1058 329 1096 360 (18
1110 340 1130 359 x
1146 334 1169 361 ἔ.

117 375 216 406 annui
231 375 374 406 redditus
400 375 569 416 eujusdam
594 379 676 407 terre
702 376 786 407 dicte
812 377 997 408 Watisland
1020 378 1054 408 111
1077 378 1169 409 Litil-

116 424 303 466 pinkirtoun
319 425 493 460 deeisdem
509 425 665 456 terminis.
710 426 753 456 Et
770 425 808 457 de
826 426 856 467 vj
874 430 897 457 ἔ.
912 427 1013 457 annui
1025 427 1169 459 redditus

115 475 154 506 de
171 475 452 507 Pinkartonlandis
468 475 507 506 de
523 475 642 507 eisdem
660 476 814 508 terminis.
860 476 903 507 Et
919 476 957 507 de
974 477 1006 517 ν]
1024 481 1046 507 ἔ.
1068 478 1168 508 annui

69 528 72 529 ’
114 524 257 556 redditus
273 525 440 565 eujusdam
463 527 545 556 terre
561 525 721 556 Willelmi
736 525 855 557 Hatele
872 526 905 556 in
923 525 1001 556 villa
1017 526 1055 557 de
1075 527 1169 567 Popil

114 574 154 605 de
169 574 288 606 eisdem
303 575 459 607 terminis.
504 575 546 606 Et
562 576 600 606 de
616 576 672 616 viij
686 575 801 607 celdris
814 576 969 607 frumenti
982 577 1037 617 viij
1053 577 1167 608 eeldris

113 624 201 656 ordei
216 624 255 655 de
271 625 370 656 firmis
386 628 541 656 terrarum
559 625 596 656 de
614 625 813 657 Westbernis
835 626 873 656 de
897 627 1032 657 termino
1057 627 1166 658 Sancti

113 673 248 705 Martini
262 673 358 714 hujus
375 675 522 715 compoti,
538 675 614 716 quia
630 678 707 706 tunc
723 675 868 706 redditur
878 679 1016 708 tantum.
1061 676 1104 707 Et
1126 677 1165 708 de

113 733 135 753 x
150 723 264 755 celdris
281 723 434 755 frumenti
452 727 484 755 et
499 735 521 754 x
537 724 651 755 celdris
668 725 755 756 ordei
771 725 810 756 de
827 725 926 756 firmis
951 729 1106 756 terrarum
1126 726 1165 757 de

112 772 277 804 Esthernis
301 773 339 804 de
363 773 473 804 eodem
496 774 643 811 termino,
660 775 735 815 quia
758 778 837 805 tune
860 775 1004 806 redditur
1027 778 1163 806 tantum.

113 823 245 854 Summa
273 822 370 864 hujus
394 824 506 861 oneris,
530 823 633 864 vjcliiij
660 824 692 855 ri.
716 824 751 854 ix
773 828 796 855 ἓ.
821 824 855 855 ix
878 824 907 855 d.
933 825 1032 865 xxxvj
1058 824 1163 856 eeldre

113 872 267 904 frumenti
281 877 314 905 et
329 874 428 914 xxxvj
447 873 550 905 oeldre
566 873 661 905 ordei.

91 960 94 961 ⁷
154 922 239 953 Item
254 922 349 960 idem,
359 926 469 953 onerat
478 933 511 954 se
521 923 560 953 de
573 933 639 953 xxx
651 923 682 953 fi.
696 933 752 963 per
761 923 900 963 integras
913 923 1020 954 firmas
1032 926 1112 955 terre
1125 924 1164 955 de

110 973 282 1005 Petcokkis
298 974 337 1005 de
353 974 447 1006 dietis
469 975 572 1005 tribus
596 975 749 1006 terminis.
795 975 837 1005 Et
859 975 898 1005 de
915 985 959 1005 xx
974 975 1005 1006 fi.
1025 979 1107 1007 terre
1124 976 1163 1007 de

109 1023 261 1065 Litilspot
275 1024 315 1055 de
338 1024 433 1055 dietis
455 1025 557 1055 tribus
581 1024 735 1055 terminis.
782 1023 823 1054 Et
846 1023 885 1055 de
909 1035 952 1054 xx
975 1024 1006 1055 fi.
1025 1028 1106 1056 terre
1123 1025 1162 1056 de

109 1073 330 1106 Oranschawis
353 1073 392 1105 de
416 1074 535 1105 eisdem
558 1074 711 1105 terminis.
757 1074 800 1104 Et
823 1074 862 1105 de
885 1084 952 1104 xxx
967 1074 999 1106 u,
1017 1078 1098 1106 terre
1122 1075 1161 1106 de

110 1125 281 1157 Cokburne
297 1125 336 1156 de
352 1125 446 1157 dietis
470 1125 572 1156 tribus
594 1125 749 1156 terminis.
794 1125 836 1155 Et
860 1125 899 1156 de
922 1136 943 1155 X
965 1125 997 1156 fi.
1014 1129 1097 1157 terre
1121 1126 1160 1157 de

110 1174 272 1206 Hardanis
288 1174 327 1206 de
343 1174 437 1205 dietis
453 1175 555 1206 tribus
571 1175 724 1206 terminis.
770 1175 812 1205 Et
828 1174 867 1205 de
883 1174 963 1205 lxxv
979 1174 1010 1206 fi.
1028 1179 1109 1206 terre
1120 1176 1159 1207 de

111 1224 276 1265 Birgeame
298 1224 336 1255 de
359 1224 453 1255 dictis
476 1225 577 1256 tribus
600 1224 755 1256 terminis.
800 1224 843 1255 Et
866 1224 905 1255 de
922 1224 1002 1265 xliiij
1021 1224 1115 1265 11111]
1134 1229 1158 1257 ἕ.

107 1273 164 1314 viij
181 1273 210 1305 d.
226 1284 283 1314 per
298 1273 515 1305 castriwardas
538 1273 634 1304 ballie
658 1273 870 1314 compotantis
893 1273 933 1304 (18
956 1273 1079 1305 duobus
1096 1277 1158 1305 ter-

107 1323 203 1355 minis
215 1323 452 1355 Purificacionis
462 1323 545 1354 infra
556 1323 616 1354 hoc
627 1326 820 1364 compotum,
833 1323 908 1363 quia
919 1326 997 1354 tunc
1014 1324 1158 1355 redditur

105 1375 242 1405 tantum.
286 1373 329 1404 Et
344 1373 383 1404 de
406 1372 452 1414 111]
477 1377 500 1404 ἓ.
517 1373 563 1414 111]
588 1373 617 1403 d.
641 1373 741 1403 annui
763 1373 907 1404 redditus
930 1373 970 1404 de
993 1373 1157 1405 Lambden

104 1422 144 1455 de
159 1422 283 1454 duobus
298 1422 443 1454 terminis
454 1422 681 1454 Penthecostes
696 1422 781 1453 infra
797 1422 856 1453 hoc
873 1425 1064 1462 compotum,
1081 1423 1158 1463 quia

104 1475 182 1504 tunc
203 1472 347 1503 redditur
369 1475 504 1503 tantum.
550 1472 592 1502 Et
615 1471 654 1503 de
677 1482 721 1502 xx
744 1475 767 1502 ἓ.
785 1471 884 1502 annui
907 1471 1050 1502 redditus
1074 1475 1156 1504 terre

32 1514 43 1521 ²
104 1521 143 1553 de
159 1521 353 1553 Haliburton
369 1521 408 1552 de
419 1521 512 1552 dictis
523 1521 646 1552 duobus
662 1521 817 1558 terminis,
827 1521 903 1561 quia
918 1524 997 1552 tuno
1012 1521 1156 1553 redditur

105 1574 240 1603 tantum.
284 1571 327 1602 Et
349 1571 388 1602 de
411 1571 442 1611 vj
468 1575 493 1602 Ξ.
516 1571 572 1611 viij
598 1570 626 1601 d.
650 1574 732 1601 terre
763 1570 802 1601 de
829 1570 962 1602 Harlaw
989 1570 1027 1602 de
1060 1571 1154 1603 dietis

105 1620 227 1652 duobus
244 1620 389 1651 terminis
406 1619 642 1657 Pentheoostes,
658 1619 734 1660 quia
756 1622 835 1650 tunc
857 1619 1002 1650 redditur
1016 1623 1152 1653 tantum.

103 1669 146 1701 Et
167 1670 206 1701 de
229 1669 285 1710 xiij
309 1673 333 1701 ἓ.
357 1669 403 1709 111]
427 1669 457 1700 d.
474 1669 573 1700 annui
596 1669 739 1700 redditus
762 1669 898 1700 duarum
928 1669 1152 1701 tenandiarum

103 1719 320 1761 spectancium
343 1719 478 1760 Georgio
502 1719 604 1760 Inglis
627 1719 662 1749 in
678 1719 756 1749 villa
772 1719 810 1750 de
834 1719 985 1750 Grenlaw
1001 1719 1040 1750 de
1056 1720 1151 1751 dietis

103 1768 226 1800 duobus
242 1764 395 1800 terminis.
440 1769 483 1799 Et
505 1768 544 1799 de
569 1768 624 1809 xiij
643 1773 665 1800 ἔ.
683 1769 728 1809 111]
747 1768 776 1799 d.
794 1769 893 1799 annui
909 1769 1052 1800 redditus
1069 1773 1152 1801 terre

102 1817 141 1850 de
163 1818 345 1850 Cowisland
367 1818 402 1848 111
418 1817 568 1849 Grenlaw
590 1818 765 1858 spectantis
789 1817 930 1858 Georgeo
954 1818 1150 1849 Edwardson

101 1867 140 1898 de
155 1867 249 1899 dictis
265 1867 418 1898 terminis.
464 1867 506 1898 Et
528 1867 568 1898 de
592 1868 668 1907 xxvj
687 1871 710 1898 ἓ.
727 1867 782 1907 ν11]
801 1867 830 1898 d.
846 1877 903 1908 per
927 1867 1150 1899 vendicionem

101 1920 236 1958 quatuor
245 1916 371 1958 parium
387 1916 558 1947 calcarium
573 1916 797 1947 deauratorum
808 1916 878 1947 albe
891 1916 980 1947 firme
993 1919 1149 1947 terrarum

100 1966 140 1998 de
162 1966 255 2008 Popil
277 1965 494 2007 speetancium
519 1965 625 1996 David
649 1965 772 1997 Laudre
801 1965 839 1996 de
870 1965 964 1996 dictis
994 1966 1147 1997 terminis.

101 2016 232 2048 Summa
246 2015 343 2056 hujus
359 2015 472 2052 oneris,
487 2013 614 2055 ij⁰xxxv
629 2014 661 2045 fi.
680 2015 757 2055 xviij
776 2019 799 2046 Ξ.

143 2066 236 2103 Item,
251 2065 336 2096 idem
352 2068 462 2096 onerat
485 2074 518 2096 se
541 2064 580 2095 de
596 2064 676 2104 xliiij
694 2064 726 2095 11,
744 2064 800 2104 xiij
818 2068 842 2095 Ξ.
859 2063 905 2104 111]
923 2063 952 2094 d.
969 2074 1025 2104 per
1041 2064 1147 2096 exitus

100 2115 195 2147 unius
216 2114 340 2146 itineris
361 2114 538 2155 justiciarie
561 2113 644 2144 tenti
659 2113 748 2144 infra
775 2113 906 2144 ballium
933 2113 1147 2153 compotantis

97 2175 154 2206 pro
171 2167 311 2205 tempore
327 2163 472 2205 compoti.
518 2163 561 2194 Et
576 2163 615 2195 de
632 2162 710 2203 xviij
729 2162 839 2193 martis
863 2172 937 2194 cum
954 2162 1062 2193 corriis
1079 2165 1111 2194 et
1134 2162 1145 2193 1

140 2221 210 2246 VOL.
225 2221 281 2245 VII.
993 2219 1015 2242 G
