1551 2462
181 474 346 503 Respondebit

181 504 331 532 Culquhone,

180 534 304 556 rotulator.

181 587 346 617 Respondebit

182 618 301 640 Patricius

183 647 296 676 Flegiare,

182 678 295 705 magister

181 706 269 728 fabrice
281 706 310 728 de

183 736 306 765 lnvernys.

185 926 349 950 Respondebit

183 955 285 982 Guthre,

183 985 308 1008 rotulator.

185 1175 349 1205 Respondebit

184 1206 321 1228 Alexander

186 1235 264 1264 Yong.

187 1523 332 1564 [Grana].

398 295 458 323 418
706 291 871 323 ROTULI
896 290 1132 323 SCACCARII
1360 292 1449 320 1466.

396 385 514 416 factam
531 384 552 416 J
554 384 673 415 ohanni
697 384 886 426 Culquhone
904 384 942 416 de
967 384 1086 421 eodem,
1103 384 1209 421 militi,
1225 387 1449 424 computorum

395 434 572 471 rotulatori,
590 434 704 465 fatenti
720 438 884 475 receptum
901 445 996 475 super
1013 438 1208 475 computum,
1225 437 1258 464 et
1273 433 1312 463 de
1329 433 1448 473 quibus

396 486 585 524 computans
602 484 715 515 habuit
738 484 864 514 literam
889 484 1011 515 domini
1033 484 1116 525 regis
1139 484 1199 514 sub
1223 483 1354 524 signeto,
1367 481 1393 523 j⁰
1408 482 1450 519 112,

396 544 453 574 pro
466 533 582 574 quibus
595 533 806 574 respondebit.
854 534 896 564 Et
908 534 1020 570 eidem,
1031 544 1086 574 per
1097 533 1321 564 liberacionem
1331 532 1452 563 factam

397 583 525 614 domiuo
564 583 701 614 Patricio
733 583 885 624 Flegiarc,
924 583 1075 623 magistro
1114 582 1232 613 fabrice
1270 581 1366 612 castri
1410 580 1450 612 de

398 633 565 673 Invernys,
597 632 636 663 ad
669 633 788 663 dictam
825 633 988 669 fabricam,
1019 632 1088 672 ipso
1127 631 1250 662 fatente
1286 633 1452 670 receptum

397 692 492 722 super
516 685 703 722 computum
727 681 811 722 apud
837 682 989 714 Strivelin
1006 682 1040 712 in
1063 691 1172 712 mense
1196 680 1352 717 Octobris,
1367 680 1401 721 lij
1420 679 1451 710 ri.

398 732 454 772 xiij
473 735 495 762 s.
513 731 558 771 iiij
577 731 615 768 ἅ,
631 742 688 772 pro
705 732 822 772 quibus
844 732 1057 772 respondebit.
1103 732 1146 762 Et
1161 731 1273 768 eidem,
1289 740 1346 771 per
1369 729 1452 761 solu-

398 781 522 812 cionem
540 781 657 811 factam
674 781 824 822 magistro
841 781 948 812 David
966 781 1091 813 Guthre
1108 781 1147 811 de
1164 780 1283 817 eodem,
1307 783 1452 820 comput-

398 840 489 860 orum
513 830 688 867 rotulatori,
704 830 744 861 ad
772 841 927 871 expensas
951 831 1104 862 domicilii
1132 830 1253 861 domini
1269 830 1360 871 regis,
1383 829 1453 870 ipso

399 879 521 910 fatente
566 883 732 920 receptum
777 890 872 921 super
922 884 1110 921 computum
1154 880 1305 911 vicesimo
1349 878 1453 919 primo

400 929 547 959 Octobris
571 939 654 960 anno
678 930 873 970 sexagesimo
897 934 987 961 sexto
1011 929 1097 970 apud
1114 929 1275 966 Strivelin,
1289 926 1394 969 j⁰xxix
1411 927 1453 964 fi„

400 989 455 1019 pro
473 979 589 1018 quibus
605 978 817 1019 respondebit.
863 980 906 1010 Et
922 979 1034 1016 eidem,
1049 990 1106 1020 per
1121 979 1318 1010 solucionem
1334 978 1453 1009 factam

399 1028 549 1068 magistro
566 1028 749 1059 Alexandro
765 1029 867 1070 Yong,
878 1029 1051 1060 senescallo
1063 1029 1185 1059 domini
1195 1028 1285 1059 ducis
1299 1027 1447 1064 Albanie‚

400 1077 523 1108 domini
549 1077 674 1108 comitis
700 1077 739 1109 de
770 1078 867 1115 Marr,
899 1082 931 1110 et
962 1078 1090 1109 domine
1114 1078 1226 1114 Marie,
1258 1077 1394 1108 fratrum
1421 1080 1454 1107 et

400 1127 514 1158 sororis
547 1127 669 1157 domini
698 1127 790 1168 regis,
816 1127 855 1158 ad
886 1138 1040 1168 expensas
1065 1127 1238 1158 eorundem
1262 1126 1295 1156 in
1324 1126 1454 1156 Sancto-

400 1177 526 1214 andrea,
538 1177 607 1217 ipso
624 1176 745 1208 fatente
762 1181 926 1218 receptum
943 1188 1038 1219 super
1054 1180 1251 1218 computum,
1268 1176 1322 1216 xxj
1335 1175 1367 1206 Ii
1384 1175 1416 1215 vj
1430 1179 1453 1205 s.

400 1227 456 1267 viij
474 1226 515 1263 d„
538 1237 594 1267 pro
621 1226 738 1266 quibus
759 1227 971 1268 respondebit.
1017 1227 1059 1258 Et
1086 1227 1198 1263 eidem,
1226 1236 1282 1266 pro
1305 1225 1453 1266 expensis

400 1277 493 1308 factis
510 1277 593 1307 circa
608 1276 830 1307 molendinum
854 1277 893 1308 de
921 1277 1077 1318 Balbirny
1094 1276 1179 1307 infra
1207 1275 1386 1307 dominium
1413 1274 1452 1305 de

401 1325 539 1357 Brechin
556 1326 590 1356 in
616 1326 710 1356 rebus
730 1326 839 1357 solidis
866 1327 1086 1367 spectantibus
1112 1326 1240 1357 domino
1265 1324 1359 1356 fundi
1384 1334 1454 1365 pre-

400 1375 523 1406 standis
534 1375 567 1405 in
580 1375 748 1412 similibus,
765 1379 802 1406 ut
814 1375 926 1407 asserit
943 1379 1132 1416 computans
1146 1375 1181 1405 in
1194 1385 1251 1405 suo
1264 1374 1454 1414 juramento,

399 1427 445 1467 iiij
464 1426 495 1457 n‘.
513 1427 534 1467 ij
552 1427 580 1457 (I.
628 1427 760 1458 Summa
776 1427 890 1458 harum
906 1438 1126 1468 expensarum,
1137 1425 1228 1467 iijcvij
1247 1426 1278 1457 n
1297 1426 1318 1466 ij
1337 1425 1365 1456 d.
1411 1425 1455 1456 Et

401 1476 446 1507 sic
462 1478 583 1507 restant
596 1475 699 1516 vj0xlij
716 1476 748 1506 n.
766 1477 823 1517 xiij
845 1481 866 1507 s.
884 1477 906 1516 ij
923 1476 952 1507 d.

445 1524 640 1565 Computum
652 1535 830 1565 granorum.
877 1526 967 1556 Idem
985 1528 1095 1556 onerat
1119 1535 1160 1562 se,
1176 1525 1209 1555 in
1226 1524 1337 1565 primis
1354 1524 1392 1555 de
1409 1524 1453 1564 vij

401 1574 516 1605 celdris
532 1584 575 1604 xv
590 1574 684 1605 bollis
699 1574 733 1615 iij
759 1574 882 1606 ferlotis
894 1575 907 1615 j
926 1585 1021 1615 pecca
1043 1574 1197 1605 frumenti
1220 1584 1276 1614 per
1299 1574 1454 1614 arreragia

401 1623 509 1654 ultimi
539 1623 683 1664 computi
707 1623 757 1654 sui
787 1623 904 1654 redditi
931 1634 1014 1654 anno
1037 1623 1233 1664 sexagesimo
1264 1622 1386 1663 quinto,
1416 1627 1454 1653 ut

401 1676 490 1713 patet
506 1673 539 1703 in
555 1672 635 1713 pede
651 1673 802 1713 ejusdem.
850 1673 982 1704 Summa
998 1673 1145 1713 arreragii
1161 1675 1258 1713 patet.

446 1722 539 1758 Item,
555 1721 640 1752 idem
657 1725 767 1753 onerat
778 1732 811 1753 se
838 1722 876 1753 de
889 1723 901 1762 j
919 1722 1025 1753 celdra
1047 1722 1103 1762 viij
1122 1722 1215 1753 bonis
1238 1722 1392 1753 frumenti
1415 1722 1454 1753 de

402 1771 502 1802 firmis
518 1771 557 1802 de
572 1771 603 1802 le
624 1771 732 1814 Halch
748 1771 787 1801 de
805 1771 943 1802 Brechin
968 1771 1008 1802 de
1031 1771 1168 1802 termino
1193 1771 1301 1802 Sancti
1317 1771 1454 1801 Martini

402 1821 486 1851 iufra
501 1825 698 1862 computum,
722 1821 798 1862 quia
821 1824 899 1852 tunc
922 1821 1068 1852 redditur
1091 1824 1226 1851 tantum.
1272 1821 1315 1851 Et
1330 1820 1369 1852 de
1386 1821 1451 1861 xvij

402 1869 518 1901 celdris
535 1869 689 1901 frumenti
715 1870 887 1901 comitatus
902 1870 1056 1907 Moravie,
1080 1870 1210 1911 dempta
1226 1870 1324 1901 tercia
1346 1870 1455 1901 debita

402 1930 517 1960 sponse
539 1920 617 1951 dicti
640 1920 764 1951 domini
787 1921 946 1952 Johannis
971 1920 1097 1962 Ogilvy,
1112 1920 1152 1951 de
1175 1920 1286 1951 eodem
1309 1920 1452 1951 termino.

403 1969 535 2000 Summa
547 1969 643 2010 hujus
657 1970 770 2007 oneris,
781 1970 859 2010 xviij
877 1970 981 2001 celdre
997 1970 1052 2010 viij
1067 1969 1157 2001 bolle.
1198 1969 1330 2000 Summa
1345 1969 1454 2000 totalis

402 2019 598 2050 oneracionis
623 2029 697 2049 cum
717 2020 891 2060 arreragiis,
908 2020 984 2060 xxvj
1003 2019 1108 2050 celdre
1121 2019 1164 2059 vij
1182 2018 1265 2050 bolle
1281 2018 1316 2059 iij
1341 2017 1454 2049 ferlote

398 2068 412 2108 j
430 2078 525 2108 pecca
543 2068 703 2099 frumenti.

447 2118 539 2153 Item,
555 2117 640 2148 idem
657 2121 767 2148 onerat
783 2128 816 2149 se
832 2118 871 2149 de
886 2118 909 2158 lj
927 2118 1041 2149 celdris
1057 2117 1101 2158 xij
1119 2117 1213 2148 bollis
1229 2116 1324 2154 ordei,
1347 2116 1453 2153 brasii,

402 2170 434 2197 ct
451 2166 551 2198 farine
578 2167 752 2204 avenatice,
777 2178 833 2208 per
858 2168 1013 2208 arrei-agia
1038 2167 1145 2197 ultimi
1166 2166 1309 2207 computi
1335 2166 1394 2203 sui,
1418 2170 1453 2196 ut

402 2218 492 2256 patet
507 2216 540 2246 in
557 2216 636 2256 pede
653 2216 804 2255 ejusdem.
852 2216 982 2248 Summa
999 2215 1147 2257 arreragii
1162 2218 1257 2256 patet.
