1551 2462
0 1006 14 1191 v,-·qq..m·.r
7 957 10 961 ,

18 987 25 992 2

141 275 229 306 1467.
448 275 609 306 REGUM
633 274 878 307 SCOTORUM.
1125 280 1183 308 449

136 366 256 407 capelle
301 366 396 398 castri
446 367 485 398 de
538 367 700 404 Strivelin‚
738 367 870 399 liberate
918 368 1009 398 fratri
1054 368 1183 400 Andree

135 415 290 454 Lesouris,
315 417 384 457 ipso
414 416 587 447 rotulatore
615 417 735 448 fatente
766 420 930 457 receptum
967 427 1062 457 super
1099 427 1183 448 com-

134 468 258 506 putum,
293 465 376 507 jclxij
405 466 446 503 ΠΖ,
473 476 529 507 pro
567 466 685 506 quibus
722 466 935 506 respondebit.
1004 467 1046 497 Et
1071 467 1183 504 eidem,

134 524 191 555 per
213 515 407 546 solucionem
434 516 551 546 factam
578 516 664 546 dicto
691 519 912 556 computorum
936 515 1102 547 rotulatori
1128 526 1184 557 per

126 563 358 595 {iberacionem
373 565 451 596 dicti
467 565 588 596 domini
611 565 633 596 J
635 565 769 597 ohannis
786 565 902 606 Ogilvy
919 566 958 596 de
973 566 1073 597 firmis
1091 566 1183 597 than-

134 613 196 654 agii
220 614 259 645 de
282 614 409 652 Kintor,
432 615 501 655 ipso
526 615 647 645 fatente
670 618 835 655 receptum
862 625 957 655 super
988 619 1183 656 computum,

134 673 178 693 xv
192 662 223 694 fi.
241 663 272 704 vj
290 668 322 700 Ξ,
338 673 395 704 pro
411 664 528 704 quibus
545 664 756 705 respondebit.
802 665 846 695 Et
868 664 980 701 eidem,
996 674 1052 705 pro
1069 664 1183 695 labori—

133 712 193 742 bus
215 713 280 744 suis
303 713 397 743 factis
412 713 447 743 in
470 713 602 744 servicio
625 713 748 744 domini
770 714 851 754 regis
875 718 982 754 preter
1004 724 1041 745 ea
1056 724 1182 745 concer-

132 762 245 793 nencia
260 772 354 793 suum
370 762 518 799 officium,
534 763 573 794 de
589 763 739 794 mandato
763 763 904 804 ejusdem
921 766 953 794 et
969 773 1009 794 ex
1025 763 1183 794 consider-

133 811 241 843 acione
257 812 440 843 auditorum
457 812 496 843 ad
511 822 648 853 presens,
664 813 699 853 iij
716 812 747 843 fi.
772 812 803 852 vj
821 817 844 844 ἒ.
865 813 921 853 viij
938 812 967 843 d.
1013 813 1056 844 Et
1071 813 1184 850 eidem,

132 871 190 902 pro
204 861 295 892 feodo
312 871 368 892 suo
391 862 425 892 in
442 862 544 892 officio
567 872 624 893 suo
648 862 862 902 suprascripto
885 865 917 893 et
940 862 1128 903 subscripto,
1145 862 1183 893 de

133 920 216 941 anno
239 911 381 952 computi
397 921 437 942 ex
453 911 564 942 eadem
587 911 851 948 consideracione,
872 912 902 951 vj
920 911 951 941 fi.
976 911 1031 951 xiij
1050 915 1072 942 ἓ.
1089 911 1135 951 iiij
1153 911 1182 942 d.

133 959 265 991 Summa
287 970 506 1000 expensarum,
522 959 651 1001 iij⁰1xxx
673 960 704 991 11⁴.
729 961 760 1001 vj
778 965 800 991 Ξ,
825 971 845 991 ν
861 960 890 992 (ἲ.
936 960 978 991 Et
994 961 1038 991 sic
1061 963 1183 992 restant

132 1009 166 1039 ix
182 1009 213 1040 n.
231 1009 287 1049 xiij
306 1014 328 1040 ἔ.
346 1010 391 1050 iiij
409 1010 437 1040 (1.

177 1058 371 1099 Computum
387 1069 556 1099 granorum
573 1058 651 1089 dicti
663 1059 832 1090 comitatus
850 1058 1005 1096 Mmavie,
1021 1059 1182 1090 redditum

132 1117 188 1148 per
204 1107 326 1138 dictum
349 1108 558 1139 camerarium
581 1118 674 1146 anno,
697 1108 757 1145 die,
779 1118 897 1145 mense,
920 1114 953 1139 et
976 1109 1046 1140 loco
1072 1119 1181 1150 eupra-

132 1157 233 1187 dictis.

175 1206 259 1237 Item
276 1210 387 1237 onerat
410 1217 442 1238 se
459 1207 492 1237 in
508 1207 619 1248 primis
637 1207 674 1237 de
691 1207 758 1247 xvij
782 1206 897 1238 celdris
916 1207 1069 1239 frumenti
1085 1208 1181 1239 comi-

130 1258 217 1286 tatus
233 1255 378 1286 Moravie
397 1259 464 1286 tam
480 1256 519 1287 de
543 1256 767 1287 vicecomitatu
790 1256 829 1287 de
853 1257 948 1288 Fores
965 1267 1062 1297 quam
1077 1258 1182 1299 Elgin,

131 1305 261 1346 dempta
283 1305 382 1336 tercia
405 1305 513 1336 debita
535 1315 650 1346 sponse
674 1306 795 1336 domini
811 1306 969 1337 Johannis
994 1307 1118 1348 Ogilvy,
1142 1308 1181 1339 de

130 1355 267 1386 termino
283 1354 368 1386 beati
384 1355 520 1386 Martini
535 1356 619 1386 infra
636 1355 694 1386 hoc
711 1359 906 1396 computum,
923 1356 998 1396 quia
1010 1359 1088 1387 tune
1110 1357 1181 1388 red-

131 1405 218 1435 ditur
244 1407 378 1435 tantum.
425 1405 467 1435 Et
493 1405 532 1435 de
559 1405 615 1446 viij
642 1405 756 1436 celdris
785 1405 871 1436 ordei
895 1406 934 1436 de
962 1406 1052 1437 firma
1082 1407 1181 1438 tercie

129 1454 229 1495 partis
246 1454 284 1485 de
300 1454 426 1485 Duffois
443 1455 481 1485 de
505 1454 589 1486 dieto
605 1465 695 1486 anno.
740 1455 783 1485 Et
806 1454 845 1485 de
861 1455 894 1495 iij
920 1455 1033 1486 eeldrie
1050 1466 1071 1486 v
1087 1456 1180 1488 bollis

128 1504 141 1545 j
159 1504 273 1535 ferlota
288 1504 309 1544 ij
327 1504 431 1544 peccis
454 1514 527 1535 cum
541 1504 641 1535 tercia
664 1504 750 1535 ordei
766 1507 799 1535 et
821 1504 923 1536 farine
939 1505 1102 1536 avenatice
1123 1516 1180 1546 per

131 1553 259 1594 equales
286 1553 450 1595 porciones
481 1553 652 1584 dividendo
675 1553 752 1584 ville
777 1553 816 1585 de
843 1554 962 1585 Kintra
993 1555 1032 1586 de
1062 1565 1179 1596 croppo

131 1603 210 1635 dicti
225 1603 308 1634 anni.
353 1603 396 1634 Et
412 1603 451 1634 de
466 1603 498 1643 vj
516 1602 630 1634 celdris
647 1603 678 1643 xj
703 1603 797 1634 bollis
820 1603 842 1644 ij
860 1603 980 1634 ferlotis
997 1614 1179 1642 avenarum,

133 1653 262 1694 dempta
276 1652 383 1689 tercia,
400 1652 438 1683 de
454 1652 554 1683 firmis
570 1652 852 1683 vicecomitatuum
869 1653 907 1684 de
924 1653 1019 1695 Elgin
1035 1658 1068 1685 et
1082 1654 1178 1686 Fores

130 1706 162 1733 et
176 1702 276 1733 veteri
292 1705 394 1733 castro
410 1701 449 1733 de
465 1702 620 1733 Invernes
635 1702 674 1732 de
690 1702 775 1733 dicto
788 1712 880 1735 anno.
926 1703 1058 1734 Summa
1069 1704 1178 1735 totalis

130 1752 292 1789 frumenti,
319 1751 386 1792 xvij
424 1751 536 1783 celdre.
583 1751 715 1782 Summa
745 1752 853 1783 totalis
883 1751 979 1790 ordei,
1008 1752 1043 1784 ix
1072 1752 1177 1784 celdre

130 1801 215 1833 ordei
238 1812 260 1832 x
282 1801 366 1832 bolle
389 1801 410 1842 ij
437 1800 549 1832 ferlote
565 1810 638 1831 cum
660 1801 758 1832 tercia
773 1804 862 1841 parte
879 1800 999 1833 ferlote.
1045 1802 1176 1833 Summa

129 1851 236 1883 totalis
251 1851 353 1882 farine
370 1850 541 1887 avenatioe,
554 1850 566 1891 j
585 1849 690 1881 celdra
706 1860 726 1881 x
739 1849 822 1881 bolle
835 1850 856 1890 ij
870 1850 982 1881 ferlote
995 1860 1068 1881 cum
1078 1851 1176 1883 tercia

127 1903 216 1942 parte
245 1900 366 1932 ferlote.
412 1900 544 1931 Summa
581 1899 689 1930 totalis
720 1909 902 1936 avenarum,
933 1900 964 1940 vj
1000 1899 1104 1931 celdre
1141 1901 1173 1941 xj

127 1950 210 1981 bolle
225 1949 246 1990 ij
264 1949 383 1981 ferlote.

170 1999 317 2040 Expense
340 1998 490 2039 ejusdem.
536 1997 577 2028 In
599 1996 720 2038 primis,
737 1996 870 2028 allocate
893 1997 1093 2038 computanti
1119 2008 1176 2039 per

129 2047 321 2080 solucionem
338 2048 455 2079 factam
478 2046 643 2078 Fratribus
660 2046 914 2077 Predieatoribus
930 2046 969 2077 de
985 2046 1088 2087 Elgin,
1104 2057 1174 2088 per-

128 2097 319 2139 cipientibus
342 2096 510 2128 annuatim
533 2096 612 2127 duas
636 2095 757 2126 celdras
783 2095 936 2126 frumenti
959 2095 999 2126 de
1022 2096 1174 2137 thanagio

128 2145 280 2184 Moravie,
310 2146 440 2187 dempta
462 2145 559 2176 tercia
589 2145 716 2175 domine
740 2144 891 2185 ejusdem,
914 2144 952 2176 de
976 2155 1059 2175 anno
1089 2155 1173 2176 com-

127 2196 177 2227 uti
195 2200 228 2227 e't
246 2196 306 2227 sub
323 2195 465 2237 periculo
489 2194 715 2236 computantis,
736 2194 748 2234 j
767 2194 872 2225 celdra
887 2204 908 2225 v
924 2194 1007 2225 bolle
1021 2195 1032 2235 j
1052 2195 1171 2227 ferlota

172 2253 241 2276 vm..
257 2253 312 2276 vn.
991 2245 1009 2275 2
1026 2252 1044 2274 r

1197 415 1363 443 Respondebit

1197 445 1294 473 Guthre,

1196 474 1320 497 rotulator.

1197 616 1241 639 Do.

1197 1062 1313 1095 Grana.
