1551 2462
125 280 217 310 1464.
434 277 594 309 REGUM
618 276 863 309 SOOTORUM.
1107 280 1167 308 245

122 370 268 412 expensis
291 370 435 411 magistri
456 369 565 401 David
588 369 722 407 Guthre,
745 369 942 407 thesaurarii,
965 372 998 401 et
1023 369 1169 410 magistri

121 420 280 452 ,Iohannis
305 419 457 461 Spaldyn,
474 420 693 460 equitancium
715 419 750 450 in
772 419 948 451 assedando
972 423 1070 450 terras
1086 420 1170 450 infra

122 469 253 501 balliam
282 469 321 500 de
353 469 509 501 Strivelin
538 479 595 510 per
618 469 697 500 duos
721 469 797 507 dies,
822 473 859 499 ut
882 471 972 510 patet
997 469 1031 499 in
1058 468 1170 500 cedula

123 519 280 551 dictarum
303 528 516 560 expensarum
546 519 782 560 particulariter
805 519 987 550 examinata
1017 522 1049 550 et
1071 528 1170 549 manu

123 568 313 600 thesaurarii
348 568 528 609 subscripta
565 572 692 600 ostensa
727 579 822 610 super
852 572 1047 609 computum,
1071 568 1105 609 iij
1138 568 1168 598 ri.
1185 568 1348 621 gessgondtelllait

123 617 179 658 viij
196 621 219 649 ἒ.
235 617 257 658 ij
275 617 303 648 d.
350 617 408 658 [To
427 617 594 648 Treaszcrar
608 618 666 659 for
687 618 858 656 household,
876 619 944 656 2584
959 619 1001 649 93.
1020 618 1083 658 δώ]
1129 618 1171 648 Et
1184 605 1312 651 salirarrihs.
1324 605 1345 620 e-

125 668 236 705 eidem,
248 678 301 708 per
316 667 511 699 solucionem
523 667 640 699 factam
651 668 673 699 J
675 668 771 699 acobo
789 668 926 699 Stewart
942 668 980 699 de
996 667 1096 698 firmis
1109 670 1171 698 ter-

124 727 233 748 rarum>
239 717 278 748 de
289 717 489 748 Drummond
499 727 572 748 oum
582 717 698 757 quibus
708 721 896 758 computans
907 717 1052 758 superius
1063 727 1171 748 onera-

125 770 186 804 tur,
197 766 230 797 in
246 765 338 797 feodo
354 776 411 797 suo
426 766 465 797 de
481 777 564 797 anno
581 767 732 807 computi,
744 777 789 797 xx
803 766 845 804 hl,
857 770 889 798 et
899 766 1075 808 precipitur
1087 776 1171 797 com·
1185 791 1250 813 Nota
1261 797 1315 812 man
1318 790 1357 812 cla-

125 817 254 858 putauti
265 816 351 857 quod
366 816 503 857 amplius
514 827 578 847 non
591 816 696 847 solvat
705 816 824 857 absque
837 827 919 848 novo
933 816 1091 847 mandato.
1129 815 1172 846 Et
1185 822 1246 844 tum.

126 865 237 903 eidem,
248 876 304 907 per
319 865 515 898 solucionem
526 866 643 897 factam
654 866 739 897 dicto
755 866 952 897 thesaurario
968 876 1024 906 per
1036 864 1173 906 recepci-

127 925 220 947 onem
236 916 258 947 J
260 915 350 947 acobi
365 915 521 947 Redhuch
544 918 577 946 et
599 915 719 946 Thome
743 915 944 956 Robynsone,
960 915 1029 956 ipso
1053 915 1175 945 fatente

127 968 290 1006 receptum
313 975 408 1006 super
431 967 626 1005 computum,
643 964 674 1005 xj
699 963 730 995 ri.
748 964 770 1004 ij
793 967 815 995 ἔ.
841 964 895 1004 viij
921 964 959 1002 d„
978 974 1035 1004 pro
1058 963 1174 1004 quibus
1188 961 1353 1014 {jesgffi‘alfffi

128 1014 340 1055 respondebit.
385 1013 429 1045 Et
466 1013 578 1051 eidem,
608 1024 664 1054 per
701 1013 896 1045 solucionem
934 1014 1053 1050 faegam
1091 1013 1175 1043 dicto
1189 1009 1289 1045 Guihxe.
1354 1008 1359 1013 ’

129 1063 334 1100 thesaurario,
349 1062 516 1104 recipienti
532 1073 627 1103 super
643 1066 828 1103 computum
845 1073 902 1103 per
913 1073 1028 1094 manus
1039 1062 1177 1093 Walteri

130 1113 211 1153 Dog,
227 1112 265 1143 de
281 1112 380 1142 firmis
395 1114 552 1142 terrarum
568 1111 607 1143 de
625 1111 834 1149 Drummond,
851 1112 908 1142 xix
922 1112 965 1154 fi„
980 1123 1036 1153 pro
1059 1112 1176 1153 quibus
1191 1110 1355 1139 Respondebit

131 1161 370 1203 [respondebit]
415 1162 458 1192 Et
488 1161 600 1199 eidem,
623 1171 679 1203 per
701 1161 918 1193 decidenciam
941 1172 1108 1203 croyarum
1139 1161 1177 1193 de
1190 1139 1355 1192 {iiiitrliiiinsshe‘

131 1211 212 1242 Erth
234 1221 307 1242 cum
330 1211 447 1252 quibus
470 1214 659 1252 computans
682 1211 828 1252 superius
851 1215 1008 1248 oneratur,
1032 1211 1071 1242 de
1094 1222 1178 1242 anno

132 1259 275 1301 computi
297 1262 330 1290 et
351 1259 411 1291 sub
434 1260 575 1300 periculo
598 1261 824 1301 computantis,
845 1261 936 1301 xxxij
960 1264 983 1291 s.
1029 1261 1072 1291 Et
1094 1270 1178 1291 com-

131 1311 269 1352 putanti,
291 1321 348 1352 pro
375 1311 467 1342 feodo
491 1321 548 1342 suo
572 1311 610 1343 de
637 1322 721 1343 anno
744 1312 896 1353 computi,
920 1312 996 1352 xxvj
1019 1316 1043 1343 s.
1068 1312 1123 1352 viij
1149 1311 1178 1343 d.

134 1361 266 1392 Summa
288 1371 508 1401 expensarum,
529 1360 568 1402 j⁰1
590 1361 622 1393 fi.
646 1361 703 1392 xix
726 1366 748 1393 ἕ.
795 1362 837 1393 Et
860 1362 905 1393 sic
928 1364 1052 1393 restant
1079 1361 1122 1402 vij
1147 1361 1178 1392 ti.

135 1410 204 1450 xiiij
221 1413 243 1440 s.
260 1409 292 1450 xj
310 1409 339 1440 d.

176 1459 371 1499 Computum
382 1469 559 1500 granorum.
605 1460 796 1497 Item,iden1
807 1463 918 1492 onerat
930 1470 963 1492 se
975 1460 1013 1491 de
1029 1470 1050 1490 v
1066 1459 1181 1497 celdris
1195 1462 1348 1493 Frumen-

135 1508 285 1540 frumenti
311 1509 388 1540 ville
412 1509 452 1540 de
479 1509 661 1541 Corntoune
686 1510 726 1541 de
752 1511 890 1541 termino
916 1510 1025 1541 Sancti
1046 1509 1182 1541 Martini
1196 1509 1275 1536 tum·

133 1558 217 1589 infra
239 1557 298 1589 hoc
321 1561 517 1600 computum,
540 1559 615 1600 quia
634 1562 713 1590 tunc
735 1559 880 1590 redditur
895 1563 1031 1591 tantum.
1078 1560 1120 1590 Et
1143 1559 1182 1590 de
1197 1560 1346 1592 Ordeum.

134 1617 155 1638 v
171 1607 387 1639 celdrisordei
410 1608 494 1640 dicte
517 1608 594 1639 ville
617 1608 656 1639 de
679 1609 862 1640 Corntoune
882 1609 921 1640 de
937 1609 1022 1640 dicto
1038 1609 1182 1640 termino.

135 1657 178 1688 Et
193 1657 231 1688 de
243 1657 264 1697 ij
283 1657 396 1688 celdris
412 1667 586 1689 avenarum
599 1658 637 1689 de
654 1658 748 1689 dictis
764 1657 846 1689 villa'
855 1662 886 1690 et
903 1659 1048 1690 termino.
1087 1659 1130 1689 Et
1145 1658 1184 1690 de
1198 1659 1338 1691 Farrina.

137 1707 168 1747 xj
196 1706 311 1737 celdris
335 1706 404 1747 xiiij
433 1706 527 1738 bollis
557 1706 579 1747 ij
606 1707 729 1739 ferlotis
760 1707 877 1739 farrine
902 1708 1067 1739 avenatice
1094 1708 1184 1738 firme

137 1755 239 1787 tocius
254 1756 383 1787 baronie
399 1756 438 1788 de
453 1756 681 1788 Bothkennare
702 1757 741 1788 de
764 1757 850 1788 dicto
873 1757 1010 1788 termino
1034 1758 1185 1798 computi,
1200 1758 1319 1790 Avene.

139 1804 248 1836 Sancti
283 1805 419 1837 Martini
448 1805 607 1844 videlicet.
669 1806 801 1837 Summa
838 1806 948 1838 totalis
987 1807 1185 1838 oneracionis

138 1854 335 1892 victualium,
350 1865 372 1887 v
388 1855 491 1886 celdre
512 1855 667 1886 frumenti
689 1866 711 1885 v
733 1855 837 1887 celdre
859 1856 939 1886 ordii
956 1866 977 1886 x
994 1855 1098 1886 celdre
1114 1856 1183 1896 xiiij

139 1903 223 1935 holle
238 1903 259 1944 ij
277 1904 389 1936 ferlote
404 1905 522 1936 farrine
538 1904 702 1936 avenatice
718 1908 751 1936 et
766 1905 788 1945 ij
806 1905 911 1936 celdre
927 1914 1108 1935 avenarum.

183 1953 330 1994 Expense
353 1953 512 1985 dictorum
534 1964 714 1995 granorum,
729 1957 762 1986 et
780 1954 937 1998 primovde
960 1954 1131 1990 frumento,
1148 1953 1187 1984 de

141 2012 204 2043 quo
220 2002 352 2034 allocate
367 2004 568 2044 computanti
583 2014 640 2045 per
662 2004 881 2044 recepcionem
903 2003 925 2034 J
927 2002 1017 2033 acobi
1033 2002 1188 2040 Wsssone,

141 2051 281 2083 custodis
296 2052 433 2093 granalis
449 2052 488 2084 de
505 2053 667 2091 Strivelin,
690 2053 759 2093 ipso
783 2053 904 2083 fatente
919 2055 1083 2092 receptum
1094 2062 1188 2092 super
1347 2089 1352 2093 .

142 2100 336 2142 computum,
351 2112 373 2132 v
389 2102 499 2133 celdre.
545 2103 588 2133 Et
603 2103 716 2139 eidem,
739 2113 796 2143 per
812 2102 1029 2142 reeepcionem
1046 2101 1073 2141 ej
1079 2101 1187 2132 usden]
1202 2089 1366 2118 Respondebit

1202 2120 1307 2141 Jacobus

143 2149 264 2188 Jacobi,
286 2150 416 2182 fatentis
439 2155 602 2192 receptum
625 2162 720 2193 super
743 2154 939 2192 computum,
962 2161 982 2182 v
1003 2150 1117 2188 celdre,
1132 2161 1189 2191 pro
1204 2149 1310 2171 Wilsone
1321 2154 1364 2177 pro

144 2199 259 2240 quibus
288 2200 449 2232 frumento
487 2204 519 2232 et
543 2201 638 2232 ordeo
675 2201 761 2232 idem
798 2201 938 2233 Jacobus
976 2200 1188 2241 respondebit.
1203 2178 1323 2231 graffium
1334 2179 1358 2200 ut
