1551 2462
136 273 226 302 1465.
443 267 604 301 REGUM
629 266 875 300 SCOTORUM.
1121 269 1137 297 3
1144 269 1157 296 1
1164 269 1181 297 3

132 363 299 395 annuatim
322 362 362 394 ad
377 362 492 404 viginti
515 371 643 393 marcas.
689 361 732 392 Et
747 360 785 392 de
802 360 858 401 xiij
876 359 908 390 fi.
925 359 957 400 vj
975 363 1000 391 s.
1016 358 1072 399 viij
1098 358 1126 389 d.
1145 358 1183 389 de

133 412 251 444 relevio
276 412 434 444 dictarum
456 414 612 443 terrarum
639 420 696 451 per
723 409 875 441 saisinam
906 408 1015 439 datam
1039 408 1184 439 Waltero

134 462 263 493 Portare
291 462 330 493 de
355 461 480 493 eisdem.
525 461 568 492 Et
592 460 630 491 de
655 470 677 490 Χ
701 459 733 490 ri.
758 459 797 490 de
823 458 942 489 relevio
966 461 1122 488 terrarum
1146 457 1185 488 de

134 511 333 552 Balgradane
362 510 428 552 regi
459 510 566 541 debito
595 519 652 550 per
683 509 835 540 saisinam
873 507 982 538 datam
1019 506 1184 538 Willelmo

134 560 311 592 Murehede
320 559 359 592 de
369 560 496 591 eisdem.
533 559 666 590 Summa
681 558 777 599 hujus
791 557 903 594 oneris,
913 555 1009 597 j⁰lxiij
1024 556 1056 588 H.
1067 556 1145 596 xviij
1161 559 1184 586 s.

137 610 184 650 iiij
202 610 232 642 d.

180 659 273 697 Item,
288 658 373 690 idem
388 661 499 690 onerat
514 668 547 690 se
563 657 602 689 de
615 668 636 689 v
647 657 675 689 d.
690 657 762 688 albe
773 657 864 688 firme
880 659 963 687 terre
979 656 1018 686 de
1030 655 1185 686 Erthbut-

134 709 196 740 hill
212 709 250 740 de
267 709 358 740 annis
381 708 523 749 computi
546 711 579 739 et
601 707 725 739 duobus
749 706 841 738 annis
865 705 1110 747 precedentibus
1126 705 1187 736 hoc

135 761 330 799 computum.
374 758 416 789 Et
431 758 471 789 de
487 757 588 798 xxxiij
603 761 625 788 s.
637 757 683 798 iiij
697 756 726 788 d.
739 766 796 797 per
809 755 1031 787 vendicionem
1044 755 1187 796 quinque

135 807 261 848 parium
285 806 455 838 calcarium
478 807 703 838 deauratorum
726 806 890 837 albefirme
906 805 1036 836 baronie
1053 805 1091 836 de
1108 805 1187 836 Gar-

135 856 213 898 1eys,
223 856 413 898 pertinentis
424 856 590 888 Willelmo
604 857 740 888 Stewart
752 856 790 887 de
806 856 1070 897 Dalswyntoune,
1081 855 1188 892 militi,

135 917 192 948 per
207 907 330 938 dictum
345 909 480 947 tempus.
527 906 659 938 Summa
674 906 771 947 hujus
788 905 902 943 oneris,
919 905 1021 946 xxxiij
1039 909 1061 936 ἔ.
1078 905 1113 935 ix
1129 904 1157 936 d.

181 956 275 994 Item,
290 956 376 987 idem
400 959 509 987 onerat
532 966 565 987 se
589 956 628 987 de
652 955 720 996 xiiij
737 955 769 986 ri
786 955 842 996 viij
868 959 890 986 Ξ.
907 965 965 995 per
980 954 1085 986 exitus
1102 954 1188 985 curie

137 1006 353 1046 computantis
376 1016 395 1037 a
417 1003 559 1046 tempore
582 1005 734 1036 introitus
758 1004 808 1035 sui
831 1004 866 1035 in
889 1004 975 1035 dicto
992 1003 1102 1035 officio.
1147 1003 1190 1034 Et

138 1054 178 1086 de
194 1055 273 1095 xviij
292 1059 315 1086 s.
331 1065 388 1095 per
411 1054 634 1086 vendicionem
657 1054 753 1085 unius
776 1054 867 1085 bovis
891 1053 1066 1085 eschaetati
1082 1053 1188 1093 cujus-

139 1103 213 1135 dam
229 1104 368 1135 convicti
383 1104 418 1135 in
435 1104 522 1135 curia
538 1103 762 1145 computantis.
809 1103 940 1134 Summa
962 1102 1059 1143 hujus
1076 1103 1189 1139 oneris,

139 1163 182 1183 xv
204 1152 237 1184 fi.
260 1152 291 1193 vj
316 1157 339 1184 s.
386 1153 518 1184 Summa
540 1153 648 1184 totalis
671 1152 867 1184 oneracionis
891 1154 996 1192 preter
1025 1151 1189 1192 arreragia,

136 1200 243 1243 jclxxx
272 1202 304 1234 fi.
330 1202 407 1243 xviij
434 1207 457 1234 ἓ,
476 1203 489 1243 j
518 1202 546 1234 d.
593 1202 725 1233 Summa
755 1202 863 1233 totalis
894 1201 1089 1233 oneracionis
1116 1211 1190 1231 cum

139 1252 312 1293 arreragiis,
324 1251 502 1293 j⁶lxxxxiiij
519 1252 551 1283 fi.
568 1252 588 1293 ij
607 1256 630 1283 s.
647 1252 668 1293 ij
686 1251 716 1283 d.
733 1252 755 1293 ij
773 1252 878 1283 boves.

183 1302 331 1342 Expense
354 1302 504 1342 ejusdem.
551 1302 591 1332 In
614 1302 734 1343 primis,
757 1301 890 1332 allocate
909 1300 1109 1341 computanti
1135 1311 1191 1342 per

140 1351 335 1382 solucionem
350 1351 469 1383 factam
484 1352 635 1393 magistro
651 1351 760 1382 David
777 1351 911 1388 Guthre,
932 1351 1136 1388 thesaurario,
1152 1351 1190 1381 de

139 1401 257 1432 relevio
286 1404 442 1432 terrarum
469 1401 508 1432 de
539 1401 745 1443 Balgradane,
775 1401 844 1441 ipso
876 1401 997 1432 fatente
1027 1404 1191 1442 receptum
1204 1402 1368 1431 Respondebit

139 1462 234 1493 super
250 1455 446 1494 computum,
462 1463 484 1483 x
499 1452 541 1490 ΠΖ,
557 1463 614 1494 pro
634 1452 750 1493 quibus
766 1452 978 1493 respondebit.
1024 1453 1067 1483 Et
1079 1453 1191 1490 eidem,
1203 1432 1374 1485 ‘iiilsstslairu‘i'ariw

141 1501 180 1533 de
202 1501 319 1533 relevio
341 1505 500 1533 terrarum
524 1502 563 1534 de
586 1502 849 1539 Balmakclellan,
873 1512 946 1533 cum
967 1502 1083 1543 quibus
1107 1512 1191 1533 com-

141 1555 258 1593 putans
287 1552 434 1593 superius
465 1554 624 1589 oneratur,
650 1562 708 1592 per
734 1551 929 1583 solucionem
960 1552 1079 1583 factam
1106 1552 1191 1583 dicto

142 1601 345 1639 thesaurario,
361 1602 433 1643 ipso
450 1601 551 1633 eciam
566 1602 689 1633 fatente
704 1604 868 1642 receptum
885 1611 980 1642 super
996 1605 1192 1643 computum,

142 1650 188 1691 iiij
219 1650 260 1688 n,
289 1661 346 1692 pro
384 1651 500 1692 quibus
530 1651 742 1692 respondebit.
789 1651 831 1681 Et
866 1651 978 1688 eidem,
1017 1651 1056 1682 de
1086 1651 1192 1682 warda
1264 1660 1308 1684 Do.

144 1701 298 1731 terrarum
321 1700 360 1731 de
387 1700 526 1738 Duchra,
554 1700 765 1732 existencium
791 1700 826 1731 in
852 1700 1001 1732 manibus
1027 1701 1109 1741 regis
1135 1711 1193 1742 per

145 1749 286 1790 spacium
298 1749 408 1781 decem
419 1760 585 1787 annorum,
601 1760 822 1781 concessarum
836 1760 893 1791 per
908 1750 1074 1781 dominum
1085 1761 1192 1791 regem

146 1797 229 1829 clare
244 1799 394 1830 memorie
409 1799 431 1830 J
433 1799 553 1830 ohanni
568 1799 607 1830 de
622 1799 767 1836 Dunbar,
783 1799 887 1836 militi,
903 1810 960 1840 pro
972 1802 1039 1830 toto
1050 1803 1193 1841 tempore

147 1848 253 1879 warde
268 1849 449 1886 earundem,
464 1852 559 1890 prout
574 1852 663 1890 patet
678 1859 734 1889 per
757 1849 917 1889 quoddam
940 1849 1193 1880 instrumentum

149 1897 314 1937 pubh'cum
351 1898 518 1930 continens
553 1899 789 1930 concessionem
830 1898 951 1940 regiam
991 1898 1030 1929 de
1068 1899 1193 1939 privato
1220 1923 1223 1926 ,

148 1949 310 1978 ostensum
340 1957 435 1988 super
466 1950 660 1989 computum,
680 1946 809 1988 j⁰xxxiij
833 1947 866 1979 n.
890 1947 920 1987 vj
950 1951 972 1978 s.
996 1947 1052 1987 viij
1077 1947 1106 1978 d.
1151 1948 1194 1978 Et

147 1995 258 2033 eidem,
283 2006 339 2037 per
361 1997 554 2038 superfluam
577 1997 798 2029 oneracionem
824 1997 863 2028 de
887 1996 1006 2027 relevio
1032 1996 1193 2028 dictarum

148 2047 309 2083 terrarum,
339 2055 380 2077 ex
411 2056 447 2077 eo
473 2047 559 2087 quod
585 2057 650 2078 non
680 2049 808 2078 tenetur
838 2046 961 2077 solvere
990 2046 1131 2077 wardam
1161 2050 1193 2078 et

105 2097 108 2099 ’
148 2093 302 2125 relevium
315 2105 381 2126 una
396 2095 465 2127 vice
488 2095 645 2134 similiter,
661 2106 701 2127 ex
724 2095 980 2127 consideracione
1003 2096 1193 2133 auditorum,

148 2143 204 2184 xiij
220 2143 252 2175 fi.
268 2144 299 2184 vj
317 2148 340 2175 ἔ.
356 2144 412 2185 viij
428 2144 462 2177 d.
507 2145 549 2176 Et
565 2145 677 2182 eidem,
701 2145 740 2176 de
763 2145 858 2176 certis
881 2145 1135 2176 amerciamentis
1158 2145 1193 2176 in

149 2193 263 2233 quibus
278 2193 495 2227 inhabitantes
511 2194 634 2226 domini
649 2194 731 2236 regis
755 2194 789 2226 in
813 2194 943 2226 Sannak
967 2195 1130 2227 amerciati
1153 2195 1193 2226 ad
