1551 2462
381 253 442 281 352
689 250 854 282 ROTULI
879 250 1115 282 SOACCARH
1338 253 1428 281 1465.

376 343 486 374 Sancti
516 344 604 374 Petri
627 344 667 375 ad
690 344 832 375 Vincula
854 343 939 375 infra
965 343 1025 374 hoc
1056 346 1249 384 computum.
1297 343 1429 374 Summa

374 393 471 434 hujus
493 393 606 430 oneris,
620 392 727 435 jclxvij
744 394 775 424 hl
792 394 861 434 xiiij
879 398 901 425 s.
949 394 1081 425 Summa
1096 393 1205 424 totalis
1222 393 1428 430 oneracionis,

374 443 420 483 ij¹¹¹
438 441 622 483 viij⁰lxxviij
640 443 671 473 fi.
690 443 746 484 xiij
764 448 786 474 ἓ.
803 444 847 484 vij
866 443 894 474 d.
912 443 959 474 ob.

417 491 566 532 Expense
590 492 740 533 ejusdem.
788 493 828 524 In
851 493 972 533 primis,
989 492 1122 523 allocate
1146 492 1346 533 computanti
1368 502 1426 532 pro

373 552 481 573 annuo
516 542 645 573 redditu
675 542 783 573 debito
813 543 910 583 priori
940 543 979 574 de
1015 543 1164 573 Rostinot
1194 542 1233 573 de
1263 541 1356 573 terris
1386 541 1426 572 de

373 591 612 628 Balnabreiche,
628 592 818 633 percipienti
833 593 1001 624 annuatim
1017 592 1228 633 quadraginta
1240 602 1296 623 sex
1308 591 1426 622 solidos

372 643 405 672 et
421 645 491 672 octo
508 642 662 679 denarios,
679 642 717 673 de
740 642 843 673 tribus
863 642 1008 673 terminis
1025 641 1121 682 hujus
1144 641 1288 681 computi
1310 644 1343 672 et
1365 641 1425 672 sub

372 690 514 730 periculo
545 691 771 731 computantis,
801 691 835 732 iij
861 691 894 722 11.
925 701 946 721 x
973 695 996 721 s.
1042 691 1085 721 Et
1108 691 1216 721 abbati
1242 691 1281 721 de
1309 690 1425 731 Cupro,

371 740 562 781 percipienti
577 741 745 771 annuatim
761 751 817 772 sex
833 741 950 772 solidos
967 744 999 771 et
1014 743 1085 771 octo
1101 740 1246 771 denarios
1262 740 1302 771 de
1318 750 1424 771 annuo

371 789 499 821 redditu
527 790 651 821 fabrilis
679 790 718 821 de
745 791 892 828 Brechin,
917 790 979 821 sibi
1002 790 1118 827 debito,
1141 790 1180 821 de
1204 790 1297 821 dictis
1320 790 1424 821 tribus

370 839 515 870 terminis
543 843 576 870 et
606 840 666 870 sub
690 840 802 871 eodem
824 840 976 880 periculo,
999 850 1020 870 x
1037 844 1059 871 ἔ.
1105 840 1148 870 Et
1171 839 1356 871 Alexandro
1383 839 1422 870 de

372 888 519 925 Setoune,
531 888 722 929 percipienti
738 889 905 919 annuatim
919 889 1130 929 quadraginta
1146 888 1262 920 solidos
1275 889 1313 919 de
1329 889 1422 919 terris

370 937 409 968 de
419 937 563 977 Kinerag
572 947 629 977 pro
639 948 746 969 annuo
757 938 884 969 redditu
895 938 957 969 sibi
969 938 1085 975 debito,
1096 938 1134 969 de
1147 938 1267 969 eisdem
1277 938 1422 969 terminis

370 988 403 1017 et
425 986 485 1017 sub
508 986 619 1017 eodem
645 987 795 1027 periculo,
819 987 852 1028 iij
876 987 908 1019 11.
953 988 997 1018 Et
1019 987 1117 1028 priori
1139 987 1179 1018 de
1202 987 1359 1025 Rostinot,
1383 987 1422 1018 de

369 1035 519 1066 secundis
542 1035 674 1066 decimis
695 1036 756 1067 sibi
783 1036 899 1067 debitis
920 1036 959 1067 de
982 1047 1107 1068 summa
1130 1037 1327 1068 oneracionis
1350 1047 1423 1078 pre-

369 1134 486 1171 Halch,
502 1144 575 1165 cum
592 1135 683 1176 cujus
699 1135 799 1167 firmis
816 1139 1004 1176 computans
1020 1136 1153 1167 inferius
1169 1136 1361 1173 onerabitur,
1381 1136 1422 1168 de

369 1184 464 1215 dictis
493 1184 649 1222 terminis,
680 1196 724 1216 xx
755 1189 778 1216 ἓ.
824 1185 867 1216 Et
901 1185 1014 1223 eidem,
1041 1185 1079 1217 de
1111 1186 1257 1217 secundis
1288 1186 1420 1217 decimis

368 1243 605 1274 grassumarum
621 1234 660 1265 de
681 1244 806 1265 summa
827 1235 1023 1266 oneraciom's
1046 1235 1197 1275 predicta,
1220 1246 1241 1266 x
1256 1235 1289 1267 fi.
1313 1236 1380 1276 xvij
1397 1240 1419 1267 s.

368 1283 412 1314 Et
432 1283 544 1321 eidem,
566 1283 606 1315 de
628 1283 729 1315 firmis
752 1287 908 1315 terrarum
931 1284 1187 1325 Pentyntoscale‚
1210 1285 1420 1326 Petpulloffis,

368 1336 402 1363 et
425 1333 653 1374 Tulyquhillie,
677 1334 833 1365 concessis
865 1334 1045 1375 Margarete
1067 1335 1237 1376 Lyndesay
1259 1335 1420 1366 comitisse

368 1382 408 1413 de
433 1382 574 1423 Douglas
600 1393 702 1423 usque
727 1386 846 1414 etatem
869 1383 951 1424 regis
973 1383 1157 1424 quindecim
1188 1394 1354 1421 annorum,
1380 1384 1419 1416 de

368 1431 492 1463 duobus
517 1432 641 1463 ultimis
667 1433 814 1464 terminis
840 1433 937 1474 hujus
964 1434 1115 1474 computi,
1141 1434 1244 1474 xxxiij
1261 1434 1293 1465 11.
1317 1434 1374 1475 viij
1395 1438 1417 1465 ἔ.

370 1482 423 1522 viij
441 1482 469 1512 d.
515 1482 558 1512 Et
574 1481 686 1519 eidem,
702 1492 758 1522 per
774 1482 993 1513 remissionem
1010 1483 1127 1514 factam
1143 1494 1200 1524 per
1215 1483 1360 1514 dominos
1379 1483 1418 1514 de

367 1531 499 1562 consilio
515 1531 680 1562 willelmo
697 1531 827 1562 Nudree
843 1531 882 1562 de
898 1531 997 1562 firmis
1013 1532 1117 1563 medie
1137 1533 1237 1573 partis
1260 1536 1418 1563 terrarum

367 1580 406 1611 de
421 1580 520 1611 Arrot
536 1590 607 1611 cum
625 1580 809 1611 molendino
825 1581 976 1621 ejusdem,
999 1591 1038 1612 ex
1062 1582 1166 1622 gracia
1182 1581 1304 1612 domini
1326 1582 1417 1623 regis,

366 1679 405 1710 de
421 1689 585 1720 grassuma
600 1689 658 1710 sua
673 1689 747 1710 cum
763 1680 880 1720 quibus
895 1679 981 1711 idem
997 1684 1185 1721 computans
1202 1683 1360 1718 oneratur,
1376 1691 1416 1712 ex

366 1729 477 1760 eadem
493 1729 605 1769 gracia,
622 1728 677 1768 viij
695 1728 727 1759 fi.
772 1729 815 1759 Et
831 1729 943 1766 eidem,
967 1729 1006 1760 de
1028 1740 1135 1761 annuo
1158 1730 1284 1761 redditu
1307 1730 1415 1761 debito

366 1779 505 1810 Roberto
513 1778 748 1819 Levingstouue
759 1778 798 1809 de
804 1779 1066 1820 Drumry,militi‚
1073 1779 1111 1810 de
1120 1779 1271 1820 thanagio
1277 1780 1415 1821 deKyn-

365 1827 772 1868 cardyn,videlicetvviginti
784 1827 874 1859 libris
885 1828 1052 1859 annuatim
1063 1829 1124 1860 sibi
1134 1829 1258 1866 debitis,
1269 1830 1415 1861 detribus

365 1878 511 1909 terminis
527 1877 624 1917 hujus
640 1877 783 1917 computi
799 1880 831 1908 et
842 1877 902 1908 sub
912 1878 1053 1918 periculo
1069 1880 1294 1919 computantis,
1306 1890 1371 1910 xxx
1381 1879 1413 1910 11.

365 1928 408 1958 Et
423 1927 556 1958 Hectori
567 1926 739 1963 Meldrum,
750 1926 915 1968 clavigero,
927 1927 1117 1968 percipienti
1128 1928 1297 1959 annuatim
1306 1929 1415 1960 decem

365 1977 463 2008 libras
480 1976 641 2007 sexdecim
658 1976 783 2013 solidos
796 1976 835 2007 de
851 1977 972 2008 eisdem
985 1977 1130 2008 terminis
1142 1977 1177 2008 in
1193 1978 1285 2009 feodo
1300 1988 1358 2009 suo
1373 1978 1413 2009 de

366 2027 452 2058 dicto
464 2026 615 2066 thanagio
626 2028 658 2057 et
670 2026 729 2056 sub
741 2025 852 2057 eodem
863 2025 1015 2066 periculo,
1025 2027 1078 2066 xvj
1090 2026 1121 2057 u'.
1135 2027 1182 2067 iiij
1195 2031 1218 2058 s.
1250 2027 1292 2058 Et
1301 2027 1414 2065 eidem,

366 2087 422 2118 per
445 2075 640 2107 solucionem
664 2076 783 2106 factam
805 2075 982 2107 husbandis
1005 2077 1175 2108 comitatus
1196 2077 1235 2107 de
1253 2077 1343 2108 Marr
1357 2088 1414 2118 pro

366 2126 490 2157 duabus
506 2125 620 2156 celdris
644 2128 782 2166 quatuor
797 2125 891 2156 bonis
907 2128 938 2156 et
961 2125 1085 2157 duabus
1102 2125 1224 2157 ferlotis
1240 2136 1414 2157 avenarum

366 2175 524 2206 dictarum
554 2174 744 2206 custumatis
769 2174 885 2206 debitis
908 2174 947 2206 de
977 2175 1062 2206 dicto
1086 2175 1248 2213 comitatu,
1271 2175 1413 2216 precium
