1551 2462
181 570 346 600 Respondebit

180 601 324 623 senescallus

179 630 319 659 Kyngorne.

180 1546 344 1576 Respondebit

179 1577 308 1606 Kingorne.

183 1896 346 1926 Respondebit

181 1926 259 1949 David
270 1927 340 1955 Boys.

184 2146 349 2176 Respondebit

181 2176 261 2200 dictus
273 2176 358 2200 David.

400 242 460 273 174
638 281 642 285 ἱ
714 243 829 274 ROTU
835 243 878 273 LI
902 242 1139 274 SCACCARII
1353 244 1367 273 1
1374 244 1444 273 463.

396 344 492 375 supet
507 338 690 376 compotum
713 346 769 376 per
791 336 917 367 literam
940 346 1039 366 manu
1061 334 1188 376 propria
1210 344 1267 366 sua
1283 333 1444 375 scriptam,

396 387 429 415 et
451 384 490 415 de
514 384 630 425 quibus
646 384 785 416 reddidit
808 388 1000 426 compotum,
1016 384 1051 415 xl
1066 384 1097 415 n,
1143 385 1186 415 Et
1208 383 1343 415 auocare
1359 393 1444 415 com-

395 433 522 474 potanti
533 444 590 474 pro
601 434 694 465 terris
707 434 745 466 de
758 434 1010 475 Bmhquhiddir,
1023 434 1235 465 existentibus
1247 433 1282 464 in
1295 434 1444 464 manibus

395 482 417 513 J
421 482 510 513 acobi
537 483 671 514 Stewart
697 493 736 514 ex
767 483 967 515 assedacione
998 483 1126 515 domine
1155 483 1262 524 regine
1293 482 1332 514 de
1362 482 1444 514 festo

396 531 624 563 Pentechostes
640 532 824 563 immediate
846 533 1035 573 precedenbe
1050 532 1110 563 hoc
1133 535 1326 573 compotum,
1341 534 1373 563 et
1387 542 1444 573 pro

397 581 513 621 quibus
525 581 673 612 dominus
685 581 893 613 cancellarius
903 582 1032 613 devenit
1042 581 1174 623 plegius,
1184 584 1216 612 et
1225 581 1329 612 solute
1338 591 1443 612 senes—

396 630 477 661 callo
493 630 668 671 Kingorne,
684 641 740 671 pro
756 631 873 672 quibus
889 631 1101 671 respondebit,
1117 641 1179 671 que
1201 640 1235 661 se
1251 630 1444 661 exoendebat

395 679 429 710 in
446 679 530 710 dicto
546 680 682 711 termino
698 690 754 720 pro
770 680 974 711 diinedietate
989 680 1024 710 in
1035 680 1183 710 manibus
1200 679 1327 711 domine
1337 679 1444 720 regine

395 729 436 760 ad
451 729 566 770 viginti
580 733 645 761 tres
661 729 757 760 libras
774 740 829 761 sex
853 730 970 761 solidos
993 733 1026 760 eb
1049 732 1118 760 octo
1142 729 1297 766 denarios,
1313 728 1392 768 xxiij
1409 727 1443 759 ri.

394 779 426 819 vj
444 783 468 809 ἔ.
486 779 541 819 viij
559 779 588 809 d.
635 779 766 809 Summa
792 779 905 810 harum
931 788 1151 819 expensarum,
1175 776 1260 819 jcxlij
1288 778 1320 809 n.
1344 777 1401 818 xiij
1419 781 1442 808 ἔ.

395 827 442 868 iiij
459 827 488 858 d.
534 828 577 858 Et
592 828 637 859 sic
652 831 774 859 restant
789 827 878 869 v⁰xvj
895 828 926 859 Ii.
944 828 1023 869 xviij
1041 828 1070 860 d.

438 877 489 908 De
537 878 662 918 quibus,
701 877 834 908 allocate
879 877 1076 918 compotanti
1115 887 1173 917 per
1215 876 1442 907 liberacionem

395 926 514 957 factam
529 926 709 967 Mergarete
724 927 763 957 de
779 926 930 958 Balfoure
946 927 1068 958 decimo
1082 936 1164 957 nono
1181 926 1232 957 die
1255 925 1443 957 Decembris

395 985 479 1006 anno
494 975 628 1006 Domini
643 979 700 1007 etc.
716 976 913 1016 sexagesimo
929 975 1078 1012 secundo,
1093 985 1149 1016 per
1165 985 1279 1006 manus
1302 974 1443 1006 custodis

393 1024 513 1064 privati
529 1024 634 1064 sigilli,
646 1034 702 1064 pro
716 1024 815 1055 firmis
831 1027 987 1055 terrarum
998 1035 1078 1065 quas
1090 1028 1248 1065 occupant
1260 1024 1445 1055 Alexander

394 1069 619 1110 Fonlartoune,
635 1073 657 1104 J
659 1073 800 1105 ohannes
817 1073 941 1115 Strang,
957 1077 990 1105 et
1012 1074 1149 1105 Thomas
1172 1073 1344 1110 Wardlaw,
1360 1073 1445 1104 infra

393 1122 524 1154 balliam
541 1123 762 1163 compotantis,
779 1123 818 1154 de
833 1133 898 1154 uno
913 1123 1051 1155 termino
1074 1122 1170 1163 hujus
1194 1122 1333 1163 compoti
1355 1126 1387 1153 et
1410 1122 1444 1153 in

395 1174 519 1212 partem
541 1171 712 1203 solucionis
736 1172 876 1210 alberius,
898 1176 932 1204 et
958 1173 997 1204 de
1023 1175 1108 1204 resta
1133 1172 1300 1213 cujusdam
1325 1171 1446 1212 obliga-

394 1221 494 1252 cionis
518 1221 640 1252 domini
662 1221 702 1252 de
717 1222 807 1258 Luss,
822 1225 860 1253 ut
879 1224 970 1263 patet
984 1232 1041 1262 per
1061 1222 1181 1253 librum
1203 1221 1282 1253 dicti
1304 1221 1444 1252 custodis

393 1270 513 1311 privati
536 1270 633 1311 sigilli
648 1271 869 1302 examinatum
884 1271 1122 1312 particulariter
1137 1281 1232 1311 super
1252 1273 1444 1311 compotum,

394 1320 474 1360 xxiij
491 1319 522 1350 n'.
569 1320 611 1351 Et
627 1320 739 1356 eidem,
755 1330 812 1361 per
823 1320 1018 1352 solucionem
1031 1320 1149 1351 factam
1161 1320 1290 1351 domino
1302 1320 1444 1351 Henrico

394 1369 569 1410 Kingorne,
601 1369 774 1400 senescallo
801 1369 927 1400 domine
951 1369 1067 1410 regine,
1097 1379 1154 1409 per
1183 1379 1298 1399 manus
1327 1368 1444 1409 prefati

395 1418 535 1449 custodis
551 1418 670 1458 privati
685 1418 791 1458 sigilli,
807 1419 846 1449 de
869 1419 969 1450 firmis
984 1422 1140 1450 terrarum
1163 1418 1321 1449 dictorum
1344 1418 1444 1449 Alex-

395 1466 496 1503 andri,
511 1467 533 1498 J
535 1467 679 1504 ohannis,
694 1471 727 1498 eb
742 1468 870 1505 Thome,
886 1468 920 1498 in
943 1467 1071 1508 plenam
1093 1467 1288 1498 solucionem
1308 1467 1445 1498 aliorum

396 1516 532 1547 duorum
561 1517 780 1554 terminorum,
810 1517 879 1557 ipso
909 1516 1083 1548 senescallo
1121 1516 1241 1548 fatente
1278 1519 1444 1557 receptum

396 1576 492 1606 super
504 1569 695 1606 compotum,
706 1566 829 1606 xxxviij
843 1566 884 1603 nl,
897 1569 929 1597 et
945 1567 990 1597 sic
1006 1566 1178 1597 auocatum
1187 1570 1236 1597 est
1247 1566 1444 1606 compotanti

397 1614 435 1646 de
450 1615 553 1645 tribus
568 1615 714 1646 terminis
730 1614 826 1655 hujus
842 1615 982 1656 compoti
997 1615 1035 1646 de
1051 1615 1144 1646 terris
1164 1615 1321 1646 dictorum
1344 1614 1443 1646 Alex-

395 1663 495 1701 andri,
526 1663 548 1694 J
551 1663 694 1701 ohannis,
712 1667 745 1695 et
774 1664 901 1696 Thome.
950 1665 993 1695 Et
1023 1664 1135 1701 eidem,
1157 1675 1214 1705 per
1248 1664 1444 1696 solucionem

395 1713 512 1743 factam
530 1712 614 1743 dicto
630 1713 738 1744 David
754 1713 839 1754 Boys
855 1714 894 1744 ad
907 1713 1026 1745 dict-am
1042 1714 1195 1745 fabricam
1207 1713 1246 1744 de
1262 1713 1444 1754 Ravynnis-

395 1772 476 1803 crag,
491 1762 531 1793 de
546 1762 697 1793 mandato
712 1762 796 1793 dicte
813 1762 939 1794 domine
955 1763 1072 1804 regine,
1088 1767 1125 1794 ut,
1140 1766 1230 1804 patet
1244 1773 1301 1804 per
1315 1762 1442 1794 literam

395 1813 463 1853 ejus
480 1812 539 1843 sub
555 1811 677 1853 signeto
693 1814 726 1842 et
747 1812 983 1852 subscripcione
1006 1812 1149 1844 manuali
1171 1813 1210 1843 de
1237 1811 1387 1843 mandato
1410 1815 1443 1843 et

395 1861 522 1892 literam
545 1861 622 1892 dicti
645 1861 764 1892 domini
789 1861 919 1892 Roberti
943 1861 1075 1902 Spanky
1099 1862 1138 1893 de
1153 1865 1279 1902 recepto
1300 1865 1442 1893 ostensas

396 1921 492 1951 super
510 1913 701 1951 compotum,
725 1920 767 1941 xv
782 1910 814 1941 n'.
839 1921 860 1940 x
876 1914 908 1947 s„
923 1920 980 1951 pro
1003 1911 1122 1952 quibus
1145 1910 1356 1952 respondebit.
1400 1911 1444 1942 Et

397 1960 508 1997 eidem,
524 1970 581 2000 per
596 1959 789 1991 solucionem
806 1959 923 1990 factam
939 1960 1024 1991 dicto
1040 1961 1148 1992 David
1165 1961 1251 2002 Boys
1267 1960 1306 1991 ad
1323 1960 1442 1991 dictam

397 2009 559 2047 fabricam,
575 2009 613 2040 de
629 2009 779 2040 mandato
795 2009 911 2049 regine,
923 2010 1053 2041 custode
1066 2010 1184 2050 privati
1195 2009 1292 2050 sigilli
1303 2013 1442 2041 testante

397 2058 585 2090 mandatum
608 2069 703 2100 super
718 2062 909 2099 compotum,
926 2062 958 2089 et
980 2062 1017 2089 ut
1033 2062 1121 2100 pat-et
1143 2069 1199 2100 per
1221 2059 1347 2090 literam
1363 2059 1443 2090 dicti

397 2108 519 2139 domini
549 2108 681 2139 Roberti
708 2108 840 2149 Spanky
870 2107 908 2138 de
939 2112 1066 2149 recepto
1099 2118 1156 2140 sua
1187 2109 1314 2149 propria
1343 2118 1441 2140 manu

397 2158 557 2199 scriptam,
580 2157 624 2198 xij
644 2156 676 2188 n.
702 2157 733 2198 xj
758 2160 780 2188 s.
804 2157 836 2198 vj
861 2156 900 2195 d„
923 2167 980 2198 pro
1003 2157 1119 2198 quibus
1142 2157 1353 2203 respondebit.
1398 2157 1442 2189 Et

1542 1531 1551 1641 <....1.-
1549 1493 1551 1500 i
1547 1447 1551 1481 „..
1546 1404 1551 1435 ...

1537 1753 1551 1825 ἐ
