1551 2462
314 272 375 300 532
618 268 781 300 ROTULI
806 266 1041 299 SCACOARH
1272 267 1362 296 1468.

312 362 359 403 iiij
376 362 406 394 d.
423 362 522 393 annui
539 361 681 393 redditus
698 361 736 392 (18
760 359 966 401 Monorgund
989 360 1028 390 de
1051 359 1163 390 eodem
1184 368 1274 389 anno.
1320 358 1364 389 Et.

314 560 432 591 dicitur
447 559 585 591 Freland
600 559 639 590 de
657 559 792 590 termino
808 558 934 589 Natalis
955 557 1089 588 Domini
1104 557 1190 588 infra
1205 556 1264 587 hoc
1281 566 1365 587 com-

313 613 439 651 putum,
455 609 531 650 quia
545 613 624 640 tunc
638 609 783 639 redditur
805 611 939 639 tantum.
987 607 1120 638 Summa
1139 607 1236 647 hujus
1252 606 1366 642 oneris,

314 658 420 700 iij⁰lvij
437 659 469 690 H.
486 660 517 700 vj
536 663 558 690 Ξ.
577 659 632 699 viij
650 658 679 689 d.
696 659 750 699 xvj
769 658 967 689 stukemarte
981 655 1006 698 j⁰
1022 657 1191 688 salmones.
1242 654 1245 657 “

359 709 452 746 Item,
475 708 562 740 idem
583 713 693 739 onerat
716 718 749 739 se
773 708 812 739 de
834 707 868 738 lv
890 707 922 738 fi.
947 708 986 739 de
1009 707 1181 748 grassumis
1207 709 1364 737 certarum

315 769 523 800 personarum
567 758 650 788 infra
689 757 867 788 dominium
902 757 941 788 de
979 757 1164 792 Kincleviu,
1203 756 1365 792 Deschier,

315 809 436 849 Twyer,
458 805 634 848 Apnaduil,
657 812 688 838 et
710 807 875 838 Methven.
921 807 964 837 Et:
980 806 1019 837 de
1042 806 1120 846 xviij
1137 805 1169 836 H.
1187 805 1226 836 de
1242 804 1361 836 relevio

315 858 354 889 de
379 857 595 894 Innermethe‚
621 859 748 897 recepto
774 866 792 887 a
815 856 1003 887 vicecomite
1028 856 1067 887 de
1094 855 1192 886 Perth
1216 855 1250 886 in
1281 865 1365 886 anno

314 907 411 947 hujus
434 907 584 947 computi.
631 907 765 937 Summa
788 906 886 946 hujus
910 906 1023 943 oneris,
1046 906 1139 946 lxxiij
1157 905 1188 936 Ῐί,

1138 953 1195 966 .....

316 1010 339 1037 ἓ.
353 1006 409 1047 viij
423 1005 452 1036 d.
467 1006 520 1046 xvj
539 1005 735 1036 stukemarte
748 1004 775 1044 jc
786 1005 953 1036 salmones.
993 1004 1125 1035 Summa
1136 1004 1246 1035 totalis
1259 1013 1369 1035 onera-

316 1056 417 1086 cionis
433 1065 506 1086 cum
523 1055 696 1096 arreragiis,
713 1054 815 1086 vexxx
830 1055 863 1086 fi.
880 1055 911 1095 vj
937 1059 959 1086 s.
977 1055 1033 1095 viij
1054 1054 1082 1086 d.
1100 1055 1154 1095 xvj
1171 1054 1369 1086 stukemarte

313 1103 341 1145 j⁸
355 1104 522 1136 salmones.

360 1154 509 1195 Expense
533 1154 682 1194 ejusdem.
729 1154 770 1184 In
793 1153 914 1195 primis,
938 1153 1070 1185 allocate
1094 1154 1295 1195 computanti
1314 1163 1372 1194 per

317 1203 512 1235 solucionem
533 1203 652 1234 factam
674 1203 787 1234 Colino
812 1203 942 1235 Cambel
966 1203 1005 1234 de
1029 1203 1249 1244 Glenurquha,
1264 1203 1370 1240 militi,

315 1263 374 1294 pro
391 1253 481 1284 feodo
497 1263 564 1290 suo,
580 1263 620 1284 ex
636 1253 838 1284 concessione
854 1253 977 1284 domini
991 1253 1073 1294 regis
1090 1253 1140 1294 pie
1164 1253 1316 1284 memorie
1332 1252 1370 1283 de

317 1302 417 1333 firmis
433 1306 590 1333 terrarum
606 1302 644 1333 de
661 1302 816 1333 Deschier
831 1306 864 1333 et
879 1303 1018 1343 Twyere,
1039 1306 1077 1333 ut
1092 1306 1182 1343 patet
1199 1303 1233 1333 in
1257 1302 1371 1333 rotulis

317 1352 570 1393 precedentibus,
581 1351 620 1382 de
631 1361 714 1382 anno
725 1350 911 1392 computifet
920 1352 980 1383 sub
991 1352 1134 1393 periculo
1146 1352 1372 1394 computantis,

319 1402 396 1442 xxvj
419 1401 450 1432 fi.
478 1402 533 1442 xiij
562 1406 594 1432 ἓν
610 1402 656 1443 iiij
677 1401 705 1432 d.
751 1402 794 1432 Et
821 1401 933 1439 eidem,
954 1402 992 1433 de
1020 1402 1119 1433 firmis
1150 1405 1305 1433 terrarum
1332 1402 1374 1433 de

320 1451 418 1482 Inver
433 1461 507 1482 cum
522 1451 706 1482 molendino
719 1451 871 1491 ejusdem,
884 1461 1104 1482 concessarum
1120 1452 1154 1482 in
1170 1452 1372 1482 excambium

320 1511 395 1531 cum
410 1500 520 1531 decem
536 1501 685 1531 marcatis
701 1503 858 1531 terrarum
876 1500 914 1531 de
931 1500 1121 1531 Ballernoch
1133 1500 1317 1541 jacentibus
1337 1501 1372 1531 in

321 1549 547 1581 vicecomitatu
563 1548 601 1580 de
618 1548 815 1589 Edinburgh,
831 1552 868 1579 ut
883 1553 972 1590 patet
986 1550 1019 1580 in
1044 1550 1157 1581 rotulis
1176 1550 1373 1591 precedenti·
1407 1559 1412 1562 ·

322 1600 391 1637 bus,
407 1599 446 1630 de
462 1609 545 1630 anno
562 1599 713 1640 computi,
730 1599 764 1629 xl
777 1603 799 1629 Ξ.
846 1599 888 1629 Et
909 1599 1021 1636 eidem,
1038 1600 1076 1630 de
1094 1600 1194 1631 firmis
1217 1603 1374 1631 terrarum

323 1649 362 1681 de
399 1648 598 1680 Dalmernok
628 1658 849 1679 concessarum
879 1649 1026 1689 episcopo
1062 1649 1287 1680 Dunkeldensi
1317 1659 1374 1690 pro
1455 1673 1459 1679 .

323 1698 418 1729 dictis
433 1698 525 1728 terris
542 1697 581 1728 (18
597 1697 796 1734 Ballernoch‚
809 1697 847 1728 de
863 1698 991 1736 eisdem,
1006 1698 1040 1739 iij
1058 1698 1090 1729 fi.
1107 1699 1138 1738 vj
1153 1703 1174 1729 ἔ.
1192 1699 1247 1739 viij
1265 1698 1294 1729 d.
1333 1699 1376 1729 Et
1427 1704 1431 1706 ’
1458 1690 1461 1693 ’
1475 1708 1479 1709 ’

324 1747 437 1783 eidem,
464 1747 503 1777 (18
530 1746 631 1777 firmis
657 1750 813 1777 terrarum
838 1747 876 1778 de
900 1747 1048 1788 Erntuly,
1071 1751 1296 1789 occupatarum
1319 1759 1376 1790 per

325 1797 448 1828 dictum
480 1797 645 1827 dominum
669 1797 861 1837 episcopum,
885 1797 962 1828 alias
986 1797 1048 1828 sibi
1071 1808 1290 1829 concessarum
1319 1808 1376 1839 pro

325 1847 418 1878 terris
445 1846 667 1877 ecclesiasticis
690 1846 729 1877 de
752 1847 935 1877 Abercorne
965 1847 1127 1888 occupatis
1151 1857 1225 1878 cum
1247 1846 1378 1888 grangia

327 1896 446 1928 domiui
471 1896 554 1937 regis
578 1896 706 1932 ibidem,
722 1895 761 1926 de
783 1906 867 1926 anno
891 1897 1041 1937 computi,
1058 1897 1114 1937 xiij
1132 1897 1163 1927 ri.
1184 1897 1215 1937 vj
1233 1901 1255 1928 ἒ.
1273 1897 1329 1937 viij
1346 1896 1375 1928 d.

327 1947 370 1978 Et
392 1956 479 1977 maro
503 1946 542 1977 de
567 1940 737 1977 Deschiere
761 1948 793 1976 et
816 1945 937 1986 Twyer,
958 1956 1014 1986 pro
1035 1946 1127 1978 feodo
1151 1956 1208 1978 suo
1231 1947 1270 1978 de
1293 1957 1377 1978 anno
1467 1968 1471 1991 1

328 1996 480 2037 computi,
496 1995 530 2026 xl
546 2000 568 2027 Ξ.
607 1995 650 2026 Et
673 2005 760 2026 maro
784 1994 823 2025 de
846 1995 1048 2033 Glenlioune,
1063 2006 1120 2037 pro
1145 1996 1235 2027 feodo
1258 2006 1315 2027 suo
1339 1996 1378 2028 de
1419 2008 1426 2013 ·
1462 1996 1467 2001 '

329 2045 439 2077 eodem
455 2055 548 2081 anno,
565 2045 640 2085 xxvj
659 2048 681 2075 Ξ.
698 2044 754 2084 viij
773 2044 801 2075 d.
847 2045 890 2075 Et
905 2055 994 2076 maro
1010 2045 1050 2076 de
1066 2045 1306 2083 Strathbraune‚
1321 2055 1378 2086 pro

329 2095 421 2126 feodo
438 2105 494 2125 suo
510 2094 549 2125 de
565 2094 675 2125 eodem
692 2104 784 2131 anno,
801 2093 834 2124 xl
850 2098 872 2125 s.
918 2094 961 2125 Et
977 2104 1063 2125 maro
1079 2095 1118 2126 de
1133 2094 1310 2135 Apnadull‚
1321 2104 1378 2135 pro
1392 2100 1396 2101 ⁷

115 2172 162 2196 Res
180 2172 279 2196 ondebit
328 2145 420 2176 feodo
436 2155 493 2176 suo
514 2144 553 2175 de
576 2144 685 2176 eodem
710 2154 802 2181 anno,
825 2144 860 2174 xl
874 2148 897 2176 ἔ.
944 2144 1003 2185 [To
1028 2145 1153 2182 autho-e,
1175 2145 1247 2175 then
1271 2145 1379 2184 Omnp-

114 2202 164 2225 Gut
183 2209 214 2225 re.
329 2195 443 2231 troller,
462 2194 519 2234 for
542 2193 713 2230 household,
740 2194 836 2225 ‚3131
861 2194 925 2226 185.
951 2195 1023 2225 11cl.
1072 2194 1115 2225 To
1141 2193 1202 2234 da]
1229 2194 1262 2225 in
1286 2193 1378 2225 feodo
