1551 2462
142 286 231 316 1465.
450 285 612 317 REGUM
636 285 881 318 SCOTORUM.
1125 287 1186 314 355

139 387 242 418 supra,
257 378 296 410 de
312 378 405 410 dictis
420 379 577 417 terminis,
592 380 623 420 vj
640 379 672 410 fi.
697 379 753 420 xiij
771 383 794 410 s.
818 378 865 419 iiij
882 378 911 409 d.
957 378 999 408 Et
1022 377 1187 418 capellano

138 426 223 458 beati
246 428 401 459 Leonardi
417 439 514 470 prope
532 429 636 466 Fores,
652 429 842 470 percipienti
857 428 1025 459 annuatim
1044 428 1187 467 quinque

137 475 234 507 libras
250 476 288 508 de
304 478 402 509 firmis
419 477 498 510 dicti
513 478 692 515 comitatus,
708 478 747 509 de
770 478 864 509 dictis
888 477 1033 508 terminis
1056 476 1186 515 dempta

137 525 234 557 tercia
250 529 286 557 ut
301 535 405 568 supra,
422 537 442 558 v
457 527 489 559 11².
534 528 577 558 Et
593 528 757 569 capellano
774 527 894 558 domini
910 527 991 567 regis
1012 525 1186 557 celebranti

137 574 171 604 in
194 578 296 607 castro
319 576 358 608 de
378 576 474 618 Elgin
495 588 552 618 pro
575 588 657 618 pane
682 580 714 608 et
740 577 816 608 vino
835 577 873 608 de
892 576 1012 608 eisdem
1031 575 1184 611 terminis,

137 634 158 655 v
180 629 203 656 ἔ.
226 625 260 666 iij
286 625 314 657 d.
360 627 402 657 Et
432 626 544 664 eidem,
567 627 606 658 de
636 627 737 657 firmis
769 626 903 657 dominii
933 625 972 656 de
1006 624 1185 665 Lambryde

136 673 220 706 infra
242 675 500 707 vicecomitatum
516 676 555 707 de
570 677 666 717 Elgin
688 677 728 707 ad
751 676 1006 707 anniversarium
1022 674 1185 716 quondam

137 723 257 755 domini
272 725 294 756 J
297 725 431 757 ohannis
455 726 494 757 de
518 727 678 767 Invernys
701 727 789 758 etad
811 726 992 762 luminaria,
1008 735 1134 766 panem,
1153 727 1185 755 et

136 773 247 805 vinum
266 774 349 806 dicte
372 775 501 807 ecclesie
524 776 562 807 de
583 776 679 817 Elgin
703 776 741 808 de
755 776 910 808 'terminis
934 775 1086 816 computi,
1110 774 1144 805 xl
1160 779 1183 805 s.

134 823 177 854 Et
197 824 343 865 episcopo
353 824 549 856 Moraviensi
567 836 624 866 pro
643 826 707 856 situ
720 825 896 857 molendini
912 825 951 856 de
969 824 1184 865 Schirefmyln

135 876 168 904 et
189 883 246 914 pro
267 874 364 905 tercia
390 875 430 906 de
453 875 591 917 Duffoys
616 876 774 907 existente
801 876 835 906 in
859 875 1008 906 manibus
1030 874 1121 914 regis,
1145 874 1184 904 de

134 922 227 953 dictis
257 923 412 961 terminis,
443 924 500 955 xlv
531 929 554 956 s.
600 925 643 956 Et
674 925 777 956 eidem
807 925 963 965 episcopo,
989 933 1046 964 pro
1076 933 1184 954 annuo

133 971 260 1003 redditu
276 973 337 1004 sibi
353 973 460 1005 debito
476 984 532 1015 pro
548 975 646 1006 tercia
661 977 751 1015 parte
767 974 806 1005 de
823 974 958 1014 Duffoys
975 973 1133 1004 existente
1148 973 1184 1003 in

133 1022 282 1053 manibus
297 1023 388 1064 regis,
400 1023 438 1055 de
455 1023 549 1055 dictis
564 1024 720 1061 terminis,
729 1024 760 1065 vj
775 1028 798 1055 s.
815 1024 859 1064 vij
874 1023 902 1054 d.
920 1023 967 1054 οῖ).
1013 1023 1055 1053 Et
1071 1022 1183 1060 eidem,

132 1071 172 1103 de
187 1072 288 1104 firmis
311 1076 392 1104 terre
408 1073 447 1104 de
470 1073 735 1112 Levennishalch,
752 1073 921 1114 assignatis
944 1083 1001 1113 per
1016 1072 1182 1103 dominum

130 1132 237 1162 regem
264 1122 347 1154 clare
373 1124 526 1155 memorie
557 1123 686 1155 domino
715 1124 825 1155 David
855 1123 992 1160 Andree,
1016 1122 1182 1163 capellano

131 1171 251 1212 capelle
267 1172 302 1203 in
318 1177 420 1204 castro
438 1173 477 1204 de
499 1173 603 1214 Elgin,
619 1184 676 1214 pro
699 1173 900 1214 reparacione
923 1175 955 1203 et
978 1172 1182 1203 edificacione

131 1221 274 1261 ejusdem
308 1232 364 1263 pro
394 1223 539 1254 terminis
577 1227 647 1254 octo
677 1233 842 1260 annorum,
873 1232 1009 1263 quorum
1047 1222 1181 1253 ultimus

130 1271 286 1302 terminus
312 1275 380 1303 erat
402 1271 436 1302 in
460 1272 541 1303 festo
569 1272 795 1303 Penthecostes
815 1272 939 1309 ultimo,
962 1274 999 1302 ut
1014 1274 1103 1312 patet
1125 1282 1182 1312 per

129 1320 239 1351 literas
255 1320 376 1351 domini
392 1322 473 1362 regis
489 1322 548 1353 sub
565 1322 687 1363 signeto
704 1325 846 1352 ostensas
865 1331 961 1362 super
984 1323 1181 1361 computum,

129 1369 169 1401 de
199 1369 293 1401 dictis
316 1370 469 1407 terminis,
495 1371 527 1411 iij
544 1371 575 1401 111
621 1371 664 1402 Et
695 1370 868 1402 forestariis
892 1370 931 1401 de
955 1370 1117 1410 Dernway
1140 1370 1200 1403 der

131 1419 230 1451 firmis
260 1422 416 1451 terrarum
446 1421 486 1452 de
515 1421 676 1462 Litiltary,
699 1432 756 1462 pro
787 1421 887 1452 feodis
918 1420 984 1451 suis
1015 1420 1054 1451 de
1085 1419 1179 1450 dictis

129 1468 283 1506 terminis,
304 1469 337 1510 iij
366 1469 397 1501 fi.
443 1470 485 1501 Et
511 1470 696 1502 Alexandro
723 1471 762 1502 de
786 1470 923 1502 Dunbar
945 1469 984 1501 de
1010 1469 1180 1506 Westfeld,

130 1517 235 1555 militi,
265 1519 389 1550 custodi
419 1520 516 1551 castri
545 1520 585 1551 de
615 1520 785 1561 Dernway,
809 1520 848 1551 de
884 1519 984 1550 firmis
1022 1521 1179 1549 terrarum

131 1567 370 1599 dominicalium
394 1569 545 1610 ejusdem,
571 1580 711 1601 unacum
742 1569 954 1606 ColnakevilL
985 1568 1179 1610 Logyhalch‚

131 1617 288 1659 Litiltary,
318 1622 350 1649 et
379 1618 409 1650 le
437 1619 679 1656 Constabilfeld‚
703 1619 742 1651 de
773 1619 868 1650 dictis
892 1619 993 1650 tribus
1023 1619 1178 1655 terminis,

130 1717 281 1755 terminis,
297 1718 331 1759 iij
348 1718 379 1749 11.
425 1719 468 1749 Et
483 1729 571 1750 maro
587 1719 626 1750 de
641 1719 745 1756 Fores,
761 1729 817 1760 pro
834 1718 925 1750 feodo
941 1728 998 1749 suo
1021 1718 1061 1749 de
1084 1718 1179 1750 dictis

131 1767 283 1805 terminis,
298 1767 333 1798 xl
348 1772 370 1799 ἔ.
416 1768 458 1798 Et
471 1768 582 1806 eidem,
594 1778 651 1809 pro
663 1769 760 1799 tercia
773 1768 880 1799 debita
892 1778 1006 1808 sponse
1018 1768 1040 1799 J
1043 1768 1178 1799 ohannis

131 1816 170 1848 de
194 1817 374 1848 Drumbrek
398 1817 437 1848 de
460 1817 580 1849 eisdem
603 1818 758 1855 terminis,
781 1818 827 1858 iiij
844 1817 876 1848 fi.
893 1818 939 1858 iiij
957 1822 979 1849 ἔ.
997 1817 1044 1857 iiij
1062 1818 1090 1848 d.
1136 1818 1178 1848 Et

133 1865 243 1903 eidem,
272 1866 311 1897 de
342 1867 441 1898 firmis
472 1870 629 1898 terrarum
664 1867 702 1899 de
735 1867 954 1904 Sanctandres,
984 1867 1177 1904 Kirktoune,

130 1915 365 1953 Bareflathiuis‚
381 1916 596 1958 Drumkynte‚
612 1920 643 1948 et
666 1917 855 1958 Petgovnee,
878 1926 1097 1947 concessarum
1121 1927 1178 1957 per

131 1975 236 2006 regem
250 1966 272 1997 J
275 1965 393 1997 ohanni
409 1966 448 1997 de
464 1966 606 2003 Dunbar,
630 1967 735 2004 militi,
758 1977 815 2007 per
837 1969 958 1997 cartam
979 1965 1177 2004 hereditarie,

131 2017 169 2045 ut
190 2017 278 2055 patet
303 2025 360 2056 per
391 2015 500 2047 literas
534 2016 656 2047 domini
685 2016 768 2056 regis
798 2019 941 2046 ostensas
971 2025 1066 2056 super
1092 2026 1176 2047 com-

130 2067 253 2104 putum,
269 2064 398 2106 dempta
427 2066 525 2097 tercia
555 2066 594 2097 de
616 2066 824 2106 Drumkynte
847 2069 880 2096 et
903 2066 1091 2106 Petgovnee,
1114 2076 1176 2106 que

43 2121 50 2128 ·
102 2121 104 2123 ’
131 2113 219 2153 prius
242 2113 428 2151 allocantur,
450 2114 489 2146 de
512 2115 657 2145 terminis
680 2115 776 2155 hujus
803 2114 954 2155 computi,
977 2125 1044 2145 xxv
1066 2115 1097 2146 11¹.
1115 2126 1137 2145 x
1152 2120 1175 2147 ἔ.

131 2162 175 2193 Et
204 2162 315 2200 eidem,
341 2164 380 2195 de
405 2164 504 2195 firmis
532 2168 687 2196 terrarum
714 2164 753 2195 de
784 2163 953 2201 Caldcotis,
981 2164 1056 2204 quia
1086 2169 1176 2196 vaste

132 2211 171 2243 de
192 2212 336 2244 terminis
365 2212 461 2254 hujus
488 2213 640 2254 computi,
669 2214 701 2254 vj
726 2213 757 2245 ti.
804 2214 846 2244 Et
876 2213 988 2250 eidem,
1018 2224 1074 2254 pro
1104 2217 1176 2245 octo
