1551 2462
351 281 412 309 410
664 277 829 310 ROTULI
852 276 1089 310 SGACCARH
1311 279 1404 309 1466.

346 388 431 409 anno
447 377 597 418 computi.
645 377 777 409 Summa
793 376 890 418 hujus
914 377 1026 414 oneris,
1044 376 1170 417 lxxxxij
1188 376 1220 408 fi.
1267 376 1399 408 Summa

346 428 455 459 totalis
467 427 663 459 oneracionis
679 431 786 468 preter
802 426 1140 468 arreragia‚jmvj⁰xxiij
1157 426 1189 457 hi
1207 426 1260 467 xvj
1278 431 1300 457 ἔ.
1318 427 1350 467 xj
1367 425 1396 457 d.

347 477 480 508 Summa
509 477 619 508 totalis
642 477 839 508 oneracionis
870 487 943 507 cum
974 476 1148 516 arreragiis,
1177 473 1336 517 ijmfiiflix
1365 475 1398 507 li.

347 527 426 567 xviij
444 531 467 558 s.
484 527 530 567 iiij
550 526 577 557 d.

389 576 431 607 Et
462 587 528 607 non
552 578 662 607 onerat
693 586 726 607 se
757 575 796 606 de
823 575 923 606 firmis
948 574 1083 606 dominii
1110 574 1149 606 de
1174 574 1339 606 Urcharde
1366 577 1398 605 et

345 625 649 667 Glenmoryschene,
662 625 738 666 quia
750 625 899 656 dominus
914 635 971 655 rex
983 624 1141 655 concessit
1157 624 1280 655 dictum
1296 623 1397 655 domi-

344 675 436 706 nium
452 675 562 706 comiti
578 675 686 706 Rossie
703 684 842 705 unacum
865 674 1011 705 custodia
1027 674 1122 704 castri
1138 673 1289 713 ejusdem.
1327 673 1398 704 Nec

344 724 382 755 de
400 725 523 756 duabus
539 725 654 755 marcis
673 724 712 755 de
728 723 846 755 relevio
870 727 1028 755 terrarum
1045 723 1083 754 de
1099 723 1233 754 Ardune
1249 723 1283 754 111
1300 722 1396 753 001111-

343 777 414 804 tntu
430 775 469 805 de
486 774 646 805 Garviach
659 784 716 814 per
731 773 882 804 saisinam
899 773 1011 804 datum
1028 773 1170 804 Henrico
1185 772 1290 813 Lesly,
1303 782 1343 803 ex
1359 782 1395 803 eo

343 824 428 864 quod
455 827 645 864 computans
671 823 785 854 asserit
812 822 969 853 ballivum
994 822 1033 853 de
1064 822 1244 853 Garviache
1271 822 1396 853 dedisse

342 873 528 914 hujusmodi
538 873 688 904 saisinam
705 867 737 904 et
752 872 875 903 levasse
891 872 1046 903 relevium
1062 872 1220 902 dictarum
1229 875 1394 904 terrarum.

387 923 535 964 Expense
562 922 712 963 ejusdem.
759 922 800 952 In
823 921 944 962 primis,
972 921 1106 952 allocate
1129 921 1330 962 computanti
1355 921 1394 953 de

342 972 442 1003 firmis
472 976 630 1003 terrarum
655 971 694 1002 de
721 971 937 1002 Pettintoskel
962 971 997 1001 in
1021 971 1163 1002 dominio
1189 970 1228 1002 de
1255 971 1395 1002 Brechin

342 1033 415 1053 cum
432 1022 549 1063 quibus
566 1023 754 1062 computans
779 1020 924 1061 superius
947 1024 1098 1052 oneratur
1120 1031 1194 1052 cum
1210 1020 1394 1061 quindecim

341 1071 431 1103 libris
449 1071 617 1103 duodecim
634 1070 743 1102 solidis
759 1070 794 1101 in
815 1080 909 1107 ann0,
924 1073 957 1101 et
979 1070 1102 1101 rel-itale
1125 1070 1230 1101 solum
1251 1069 1394 1109 continet

341 1121 584 1162 quatuordecim
600 1121 697 1151 libras
713 1123 746 1151 et
769 1119 937 1151 duodecim
960 1119 1105 1151 denarios
1128 1130 1169 1151 ex
1191 1119 1394 1151 assedacione

341 1171 544 1202 dominorum
568 1170 703 1201 Henrici
725 1169 764 1200 de
787 1169 936 1210 Kingorn
959 1172 991 1200 et
1022 1169 1183 1210 quondam
1213 1169 1393 1200 Alexandri

341 1221 442 1262 Yong,
458 1221 535 1252 licet
551 1220 642 1257 male,
660 1219 698 1250 de
717 1229 805 1253 ⁴anno
829 1218 971 1259 computi
995 1222 1027 1250 et
1043 1218 1145 1249 tribus
1161 1219 1306 1250 terminis
1322 1229 1392 1259 pre-

341 1271 527 1302 cedentibus
554 1270 615 1301 hoc
641 1272 837 1309 computum,
862 1268 929 1309 xlvj
957 1272 980 1299 ἔ.
1007 1269 1041 1309 vj
1070 1268 1098 1299 d.
1144 1269 1187 1299 Et
1213 1268 1325 1306 eidem,
1349 1268 1389 1300 de

340 1321 441 1351 firmis
471 1324 628 1351 terrarum
655 1318 838 1350 medietatis
865 1317 905 1349 de
929 1317 1028 1349 Arrot
1059 1318 1202 1349 assedate
1232 1329 1289 1359 pro
1320 1322 1391 1350 octo

340 1371 454 1401 marcis
470 1371 504 1400 in
521 1380 614 1406 anno,
631 1369 669 1400 de
686 1368 806 1400 eisdem
822 1367 978 1404 terminis,
999 1367 1021 1408 ij
1047 1371 1069 1399 Ξ.
1093 1368 1126 1408 vj
1143 1367 1172 1399 d.
1218 1368 1261 1399 Et
1276 1368 1390 1406 eidem,

340 1421 379 1450 de
394 1419 567 1461 grassumis
584 1417 662 1449 dicti
685 1417 819 1448 dominii
835 1417 874 1448 de
897 1416 1037 1447 Brechin
1059 1427 1133 1448 cum
1156 1417 1273 1458 quibus
1289 1417 1389 1448 eciam

340 1473 529 1509 computans
541 1471 690 1499 oneratur
706 1467 792 1497 ultra
803 1477 900 1507 quam
913 1466 1096 1497 continetur
1111 1467 1146 1497 in
1158 1467 1282 1504 rentali,
1294 1470 1390 1508 prout

338 1522 428 1559 patet
443 1519 477 1548 in
494 1517 621 1553 eisdem,
639 1517 717 1557 xlvij
736 1520 758 1547 s.
776 1526 797 1546 X
813 1515 841 1547 d.
888 1516 931 1546 Et
944 1515 1055 1553 eidem,
1071 1516 1110 1546 de
1123 1516 1223 1547 firmis
1233 1519 1395 1548 terrarum

338 1568 377 1599 de
394 1567 562 1599 Strathdee
585 1566 757 1597 comitatus
780 1564 819 1595 de
838 1564 936 1602 Marr,
959 1575 1033 1595 cum
1056 1565 1173 1605 quibus
1197 1569 1388 1607 computans

337 1621 487 1649 oneratur
503 1626 577 1647 eum
599 1615 703 1646 tri-bus
727 1613 872 1645 terminis
889 1616 964 1644 ante
986 1613 1046 1644 hoc
1069 1617 1266 1654 computum,
1287 1625 1327 1646 ex
1351 1625 1388 1646 eo

337 1666 421 1707 quod
438 1666 511 1706 plus
528 1668 677 1696 oneratur
692 1664 726 1694 111
749 1663 863 1694 rotulis
875 1673 976 1704 quam
999 1663 1182 1695 continetur
1204 1665 1239 1695 in
1261 1665 1388 1702 rentali,

337 1716 377 1746 de
393 1715 511 1746 eisdem
528 1714 684 1750 terminis,
707 1713 807 1753 xxxvj
825 1712 857 1744 Ῐί.
881 1713 925 1753 xij
945 1717 973 1744 -ἓ,
998 1713 1029 1754 vj
1054 1713 1083 1744 d.
1129 1714 1172 1744 Et
1196 1714 1308 1752 eidem,
1330 1725 1388 1756 per

337 1764 554 1796 deeidenciam
570 1763 734 1794 firmarum
751 1762 789 1793 dc
806 1762 974 1793 Croomarr
989 1762 1028 1793 de
1044 1762 1163 1794 eisdem
1179 1764 1334 1801 terminis,
1349 1768 1387 1795 ut

337 1817 426 1855 patet
456 1814 491 1845 in
519 1813 638 1844 eisdem
669 1812 782 1843 rotulis
813 1815 846 1843 et
875 1811 993 1843 rentali
1022 1812 1123 1843 eciam
1152 1813 1387 1854 particulariter

337 1863 528 1895 examinatis
545 1873 640 1903 super
655 1865 854 1902 computum,
871 1861 926 1892 xix
945 1861 977 1892 fi.
1023 1862 1066 1892 Et
1081 1862 1193 1900 eidem,
1209 1873 1265 1904 per
1279 1863 1385 1894 decid-

337 1914 462 1945 enciam
485 1913 691 1953 antiquarum
715 1911 878 1942 firmarum
901 1911 940 1942 de
964 1911 1165 1949 Strathdone,
1188 1915 1225 1943 ut
1247 1915 1336 1953 patet
1350 1912 1386 1943 in

337 1963 457 1995 eisdem
467 1962 581 1993 rotulis
598 1964 630 1993 et
646 1960 770 1997 rentali,
786 1960 826 1991 de
839 1960 961 1991 eisdem
977 1961 1131 1999 terminis,
1143 1962 1234 2003 xlviij
1247 1962 1279 1993 fi.
1289 1963 1346 2003 viij
1361 1966 1383 1994 ἔ.

337 2013 380 2043 Et
395 2012 507 2049 eidem,
523 2021 579 2052 per
594 2010 819 2041 liberacionem
843 2009 961 2040 factam
982 2010 1081 2051 priori
1103 2010 1142 2042 de
1165 2011 1314 2043 Rostinot
1328 2022 1384 2052 pro

337 2072 444 2093 annuo
471 2060 597 2092 redditu
621 2059 681 2090 sibi
704 2059 812 2090 debito
836 2058 874 2090 de
899 2059 989 2090 terris
1013 2059 1051 2091 de
1079 2060 1288 2100 Balnabrech,
1312 2071 1382 2102 per-

337 2110 471 2152 cipienti
486 2110 654 2141 annuatim
670 2108 880 2150 quadraginta
895 2119 950 2140 sex
962 2109 1079 2141 solidos
1095 2113 1128 2141 et
1143 2113 1213 2141 octo
1229 2110 1383 2149 denarios,

337 2161 376 2192 de
401 2160 546 2191 terminis
569 2159 666 2200 hujus
689 2158 832 2199 computi
855 2160 887 2189 et
911 2159 970 2189 sub
993 2159 1134 2200 periculo
1159 2161 1384 2201 computantis,

337 2210 404 2250 xlvj
422 2214 444 2241 ἓ.
467 2209 523 2250 viij
540 2209 569 2240 d.
615 2209 658 2240 Et
681 2207 789 2240 abbati
812 2207 850 2239 de
875 2207 989 2249 Cupro,
1005 2208 1193 2250 percipienti
1217 2209 1382 2241 annuatim
