1551 2462
115 730 311 760 Computandum

115 762 151 782 est
162 767 216 782 cum
228 761 284 782 Am-

114 790 193 812 brosio
206 790 295 818 Crawe,

118 820 215 849 pistore.

118 1164 283 1193 Respondebit

117 1194 218 1227 Guthre,
230 1193 281 1216 the-

116 1230 244 1246 sauranus

121 1866 192 1895 Eque.

120 1949 265 1982 Brechin.

329 224 391 253 238
642 221 806 253 ROTULI
831 220 1066 253 SCACCARH
1289 223 1380 251 1464.

330 315 364 346 xl
380 319 402 347 s.
449 315 490 347 Et
514 315 626 353 eidem,
642 325 698 356 per
720 314 914 346 solucionem
939 315 1058 346 factam
1085 314 1213 345 domino
1237 313 1380 345 Johanni

328 365 473 402 Dunbar,
499 365 604 402 militi,
620 365 659 396 de
682 364 832 396 mandato
856 364 978 396 domini
1008 364 1089 405 regis
1114 364 1289 395 literatorie
1319 363 1379 394 sub

329 414 452 455 signeto
490 414 529 446 de
565 415 669 456 primo
706 414 842 446 termino
881 414 991 446 Sancti
1025 413 1161 445 Martini
1197 413 1282 444 infra
1319 412 1380 444 hoc

329 467 524 505 computum,
562 464 601 496 de
639 464 739 495 firmis
777 467 933 495 terrarum
971 464 1130 495 dictarum
1168 463 1380 495 Sanctandres

328 514 511 551 Kirltoune,
543 513 779 550 Bareflathillis,
818 514 996 554 Petgovny,
1026 516 1058 545 et
1096 513 1290 554 Dunkynty,
1321 513 1381 544 sub

328 564 469 604 periculo
495 564 720 605 computantis,
750 574 772 594 x
797 563 829 596 fi.
890 564 933 594 Et
963 573 1019 604 per
1043 562 1239 594 solucionem
1263 562 1382 594 factam

329 614 499 645 Ambrosio
532 613 649 651 Crawe,
686 613 807 654 pistori,
841 613 880 644 de
917 612 1069 644 mandato
1112 612 1311 650 thesaurarii,
1341 612 1382 643 ad

330 673 486 704 expensas
522 674 595 695 suas
633 663 716 694 circa
754 662 908 694 victualia
938 662 1083 693 Moravie
1114 662 1200 693 ultra
1238 662 1381 702 quinque

329 711 426 743 libras
457 712 519 744 sibi
548 712 582 743 in
605 712 696 743 libris
720 711 873 743 domicilii
903 711 1055 747 allocatis,
1078 710 1163 742 dicto
1187 710 1382 742 thesaurario

330 764 469 793 testante
499 761 688 793 mandatum
719 772 814 792 suum
837 771 932 802 super
956 764 1151 801 computum,
1173 760 1208 792 lx
1231 765 1263 798 s„
1287 770 1383 801 super

329 811 448 852 quibus
486 811 738 852 computandum
775 814 824 842 est
861 821 935 842 cum
972 810 1057 841 dicto
1094 810 1272 842 Ambrosio.
1340 810 1382 840 Et

331 861 443 898 eidem,
473 871 530 902 per
559 861 756 892 solucionem
785 861 906 892 factam
935 860 1085 901 magistro
1115 859 1222 891 David
1249 860 1382 896 Guthre,

330 910 537 947 thesaurario,
573 910 613 941 ad
654 920 811 950 expensas
849 908 1003 940 domicilii
1041 909 1264 941 domininostri
1301 909 1383 950 regis

330 961 399 1001 ipso
430 960 552 991 fatente
582 963 746 1000 receptum
784 969 880 1000 super
909 961 1106 999 computum,
1133 961 1165 989 et
1195 958 1235 990 de
1266 958 1383 999 quibus

331 1009 472 1041 reddidit
501 1013 699 1050 computum,
729 1011 766 1040 ut
796 1012 886 1050 patet
915 1009 950 1040 in
985 1010 1135 1049 computo
1165 1018 1222 1039 suo
1260 1008 1384 1039 reddito

331 1059 366 1090 in
395 1069 505 1091 mense
535 1059 629 1090 Junii
659 1068 743 1090 anno
773 1062 831 1090 etc.
857 1057 1152 1099 sexagesimotercio
1183 1068 1240 1099 per
1270 1068 1384 1090 manus

331 1109 490 1140 Johannis
517 1109 698 1146 Lardinare‚
711 1107 795 1149 j⁰xiij
821 1108 852 1139 fi.
880 1108 915 1149 iij
944 1112 966 1140 s.
984 1109 1015 1149 vj
1044 1108 1073 1140 d.
1119 1108 1162 1138 Et
1189 1107 1301 1145 eidem,
1327 1118 1385 1149 per

332 1159 527 1190 solucionem
538 1159 656 1190 factam
669 1158 753 1189 dicto
764 1157 969 1196 thesaurario,
982 1158 1022 1189 ad
1035 1157 1219 1198 hujusmodi
1229 1168 1385 1199 expensas

332 1212 405 1250 post
420 1219 515 1240 suum
540 1211 735 1249 computum,
751 1208 819 1249 ipso
847 1208 969 1239 fatente
995 1210 1160 1248 receptum
1179 1217 1274 1248 super
1300 1217 1384 1239 eom-

332 1263 457 1300 putum,
484 1257 614 1299 j⁰xxxix
644 1258 675 1289 hi
708 1269 730 1288 x
760 1262 782 1289 s.
814 1258 846 1299 xj
874 1257 912 1295 d,
938 1268 996 1298 pro
1023 1257 1139 1299 quibus
1170 1257 1383 1298 respondebit.

333 1309 465 1339 Summa
480 1308 595 1339 harum
622 1318 844 1348 expensarum,
859 1306 963 1349 ij⁶lxvj
992 1307 1023 1338 ri.
1042 1307 1110 1348 xiiij
1129 1311 1151 1340 s.
1170 1317 1191 1338 v
1206 1307 1235 1340 d.
1282 1308 1325 1340 Et
1339 1308 1385 1339 sic

332 1361 455 1389 restant
477 1358 520 1398 vij
545 1358 577 1388 fi.
594 1358 640 1398 iiij
666 1362 688 1389 s.
706 1367 728 1388 v
743 1357 771 1388 d.
811 1357 862 1388 De
886 1357 1011 1399 quibus,
1028 1356 1162 1389 allocate
1185 1357 1386 1398 computanti

317 1408 372 1439 Vde
387 1408 487 1438 firmis
514 1411 671 1438 terrarum
698 1407 737 1438 de
761 1406 1048 1447 Lewynnyshalch,
1065 1407 1233 1447 assignatis
1257 1407 1386 1439 domino

333 1457 441 1488 David
472 1456 609 1494 Andree,
640 1455 803 1496 capellano
834 1456 926 1487 beate
963 1456 1075 1493 Mario,
1112 1457 1147 1487 in
1184 1456 1385 1497 reparacione

334 1506 429 1538 castri
445 1505 484 1537 de
499 1505 606 1546 Elgyn
620 1515 677 1546 pro
694 1505 839 1536 terminis
855 1508 925 1536 octo
938 1515 1094 1536 annorum
1106 1515 1124 1536 a
1137 1505 1212 1536 data
1226 1505 1385 1536 vicesimi-

333 1555 441 1596 quinti
454 1554 600 1586 Octobris
613 1554 689 1585 anni
701 1554 957 1595 quinquagesimi
973 1554 1102 1594 septimi
1113 1564 1170 1595 pro
1183 1554 1386 1586 edificacione

334 1609 366 1636 et
381 1604 584 1645 reparacione
600 1603 684 1634 dicte
700 1602 830 1644 capelle,
845 1606 942 1644 prout
957 1606 1046 1644 patet
1061 1614 1117 1644 per
1137 1603 1247 1635 literas
1263 1604 1385 1636 domini

333 1654 415 1695 regis
432 1653 514 1685 clare
530 1652 681 1684 memorie
700 1652 759 1683 sub
783 1652 906 1693 signeto
922 1656 1064 1684 ostensas
1080 1663 1175 1697 super
1190 1657 1385 1694 computum,

334 1704 373 1735 de
392 1704 492 1735 tribus
517 1702 661 1733 terminis
687 1702 784 1747 liujus
800 1702 951 1743 computi,
967 1703 1002 1744 iij
1027 1702 1060 1734 fi.
1105 1703 1148 1735 Et
1175 1704 1385 1744 comparanti,

334 1752 368 1783 in
395 1754 518 1793 partem
546 1751 630 1783 feodi
657 1752 705 1785 sui
733 1751 842 1783 decem
857 1761 1046 1788 marcarum,
1062 1762 1101 1783 ex
1129 1752 1384 1784 consideracione

335 1802 516 1835 auditorum
541 1801 582 1833 ad
605 1811 744 1842 presens,
759 1801 806 1842 iiij
831 1800 862 1833 fi.
888 1801 935 1841 iiij
962 1805 984 1832 s.
1011 1811 1031 1831 v
1057 1801 1086 1832 d.
1133 1801 1266 1833 Summa
1289 1802 1385 1843 hujus

336 1861 483 1894 expense,
499 1851 542 1892 vij
560 1850 591 1882 li.
609 1851 643 1892 iij
661 1855 684 1882 s.
701 1861 722 1882 v
735 1850 762 1885 d.
810 1851 852 1882 Et
868 1850 913 1882 sic
926 1861 1012 1892 eque.

379 1950 571 1990 Compotum
587 1949 709 1981 domini
723 1948 881 1981 Willelmi
897 1948 1019 1990 Rynde,
1034 1949 1200 1990 capellani,
1215 1951 1386 1991 receptoris

335 2001 498 2032 firmarum
521 1999 735 2031 dominiorum
757 1998 796 2030 de
819 1997 956 2029 Breehin
979 2002 1010 2029 et
1034 1999 1187 2037 Nethver‚
1209 2000 1327 2040 [Pertlz‚
1343 2002 1387 2032 13

336 2050 420 2080 June
436 2049 531 2087 1464,
539 2049 629 2090 from
645 2049 688 2079 28
702 2048 782 2089 Julgs
793 2048 880 2085 1463
896 2052 923 2078 io
935 2048 1129 2079 fllartinmas
1140 2049 1200 2080 last
1215 2049 1383 2087 indusivoe

336 2100 354 2129 1
373 2098 473 2139 torm]
518 2098 561 2128 Et
584 2108 648 2129 non
671 2097 775 2130 reddit
790 2101 973 2138 compotum
997 2098 1037 2129 ad
1068 2108 1197 2138 presens
1220 2099 1259 2130 de
1286 2100 1384 2131 firmis

337 2148 494 2181 dictorum
507 2147 720 2183 dominiorum
733 2147 772 2179 de
782 2147 918 2179 termino
935 2147 1161 2179 Penthecostes
1177 2148 1300 2187 ultimo,
1310 2149 1385 2190 quia
