1551 2462
162 2028 327 2058 Respondebit

164 2059 240 2086 Blare,
251 2066 327 2081 senes-

161 2088 243 2112 canus.

372 254 431 282 108
681 249 844 281 ROTULI
869 248 1104 281 SCACOARH
1326 250 1340 279 1
1347 247 1417 278 462.

368 343 476 375 totalis
507 343 703 375 oneracionis
733 346 838 384 preter
865 342 1027 383 arreragia,
1054 340 1103 382 iij⁰
1134 340 1166 372 Π.
1198 340 1244 381 iiij
1278 344 1300 372 s.
1324 340 1358 372 ix
1388 340 1417 372 d.

370 393 502 424 Summa
523 393 631 424 totalis
648 392 845 424 oneracionis
862 402 935 423 cum
953 391 1124 432 arreragiis,
1141 389 1213 431 iij⁶ij
1231 390 1262 421 fi.
1279 401 1301 420 x
1316 394 1339 421 ἔ.

412 443 559 483 Expense
585 442 733 482 ejusdem.
780 442 821 471 In
844 441 963 482 primis,
987 440 1121 473 allocate
1145 450 1201 481 per
1225 439 1420 471 solucionem

369 491 488 522 factam
513 492 636 523 duobus
663 491 836 532 capellanis
868 490 1102 522 celebrantibus
1125 490 1159 521 in
1182 489 1305 530 capella
1329 489 1420 521 beate

369 541 497 582 Brigide
513 551 609 582 prope
626 544 766 572 castrum
783 540 821 571 de
838 539 1018 580 Rothissay,
1035 538 1206 570 infeodatis
1222 538 1262 569 ab
1278 539 1420 579 antiquol

368 591 618 632 percipientibus
642 590 810 621 annuatim
833 590 872 620 dc
895 590 995 621 firmis
1019 589 1103 620 dicte
1122 588 1228 619 insule
1251 587 1420 619 duodecim

368 641 465 672 libras
489 641 632 682 quinque
653 640 769 671 solidos
796 650 852 680 per
880 639 1008 681 equales
1033 639 1206 680 porciones,
1233 638 1267 669 in
1290 637 1419 678 plenam

368 691 563 722 solucionem
580 690 743 721 feodorum
760 699 890 720 suorum
907 689 945 720 de
968 688 1071 720 tribus
1094 687 1239 719 terminis
1260 687 1344 718 infra
1359 687 1420 718 hoc

369 745 561 782 compotum,
577 740 655 780 xviij
673 740 703 772 fi.
721 740 765 780 vij
783 744 805 770 s.
823 739 854 779 vj
879 738 908 770 d.
954 739 996 769 Et
1012 738 1183 769 camerario
1199 737 1239 768 de
1255 737 1346 774 Bute,
1362 746 1419 778 pro

369 791 460 822 feodo
477 801 533 821 suo
550 790 588 821 de
605 790 698 820 dictis
722 789 824 820 tribus
848 788 1003 824 terminis,
1026 788 1070 828 vij
1087 787 1119 819 fi.
1136 798 1157 818 x
1173 791 1196 818 s.
1242 787 1284 818 Et
1298 787 1321 818 J
1323 786 1420 818 acobo

369 841 513 877 Stewart,
529 839 707 871 vicecomiti
726 839 764 870 de
780 839 873 875 Bute,
886 848 942 879 pro
959 837 1103 868 custodia
1115 837 1211 869 castri
1226 837 1369 878 ejusdem
1380 836 1420 868 de

369 890 464 921 dictis
489 890 590 920 tribus
617 888 771 925 terminis,
794 888 829 919 lx
853 887 884 918 fi.
930 887 973 918 Et
999 897 1056 928 per
1082 886 1279 918 solucionem
1302 886 1421 917 factam

369 939 472 971 eidem
488 939 510 969 J
512 939 617 975 acobo,
632 937 822 979 percipienti
835 937 999 968 annuatim
1013 936 1284 977 vigintiquinque
1298 946 1420 967 marcas

369 989 408 1019 de
419 988 556 1029 quodam
570 998 675 1018 annuo
692 987 819 1018 redditu
835 986 939 1017 insule
951 986 990 1017 de
1001 986 1092 1023 Bute,
1104 990 1141 1016 ut
1157 990 1245 1027 patet
1261 986 1295 1017 in
1307 985 1420 1017 rotulis

370 1037 622 1078 precedentibus,
637 1037 671 1067 in
687 1035 864 1076 plenariam
887 1035 1082 1068 solucionem
1103 1035 1187 1066 dicte
1203 1035 1365 1075 pensionis
1381 1035 1421 1066 de

371 1087 465 1118 dictis
495 1087 597 1117 tribus
629 1085 784 1122 terminis,
815 1095 879 1116 xxv
911 1084 943 1115 fi.
990 1085 1032 1118 Et
1069 1084 1305 1118 constabulario
1342 1085 1421 1117 dicti

371 1136 474 1173 castri,
487 1146 542 1177 pro
565 1135 657 1167 feodo
680 1146 737 1166 suo
762 1135 799 1166 de
824 1134 917 1165 dictis
941 1133 1044 1167 tribus
1067 1134 1222 1171 terminis,
1238 1134 1282 1175 vij
1299 1134 1332 1166 fi.
1353 1145 1374 1165 x
1395 1138 1420 1166 s.

371 1187 414 1217 Et
428 1186 567 1226 janitori,
584 1195 640 1226 pro
657 1185 748 1216 feodo
765 1194 822 1215 suo
838 1194 895 1225 pro
912 1183 1031 1215 eisdem
1047 1183 1149 1217 tribus
1167 1184 1318 1221 terminis,
1333 1183 1368 1223 iij
1385 1183 1418 1215 fi.

371 1237 414 1267 Ei,
446 1235 626 1277 granitario,
651 1245 708 1275 pro
735 1233 827 1266 feodo
851 1243 908 1264 suo
931 1233 970 1264 de
1001 1233 1121 1266 eisdem
1144 1233 1298 1271 terminis,
1331 1233 1366 1274 iij
1388 1232 1420 1264 fi.

371 1286 414 1316 Et
430 1285 553 1316 duobus
570 1284 722 1325 vigilibus
737 1283 770 1314 in
788 1283 873 1314 dicto
893 1285 1004 1320 castro,
1019 1292 1076 1322 pro
1092 1282 1184 1315 feodo
1199 1293 1256 1313 suo
1272 1282 1311 1313 de
1327 1281 1421 1313 dictis

371 1335 474 1366 tribus
498 1334 652 1371 terminis,
677 1344 721 1363 xx
744 1337 766 1364 s.
812 1333 854 1368 Et
876 1331 1019 1363 Johanni
1042 1331 1181 1368 Huntar,
1198 1341 1253 1372 pro
1277 1331 1421 1363 custodia

372 1385 538 1417 damarum
561 1383 599 1414 de
625 1383 841 1422 Litilcumray,
864 1391 920 1422 pro
945 1380 1035 1412 feodo
1059 1391 1117 1411 suo
1140 1380 1179 1412 de
1202 1381 1295 1412 dictis
1318 1381 1421 1412 tribus

372 1433 527 1469 terminis,
555 1443 620 1462 xxx
646 1436 669 1463 s.
714 1432 756 1462 Et
783 1441 838 1471 pro
865 1430 975 1461 decem
1003 1429 1118 1461 celdris
1142 1440 1314 1461 avenarum
1337 1430 1421 1462 datis

370 1483 511 1523 janitori,
536 1481 715 1523 granitario,
742 1480 866 1512 duobus
893 1480 1043 1520 vigilibus
1074 1480 1170 1510 castri
1197 1480 1236 1511 de
1266 1481 1359 1518 Bute,
1389 1484 1422 1512 et

374 1532 499 1563 custodi
531 1531 697 1562 damarum
727 1530 766 1561 de
803 1529 1022 1570 Litiloumray,
1060 1529 1100 1563 ad
1137 1533 1266 1570 pastum
1302 1540 1422 1568 eorum,

375 1581 517 1622 precium
533 1579 617 1611 bolle
634 1579 801 1610 duodecim
814 1579 944 1615 denarii,
957 1579 995 1610 de
1011 1579 1148 1611 termino
1165 1579 1274 1610 Sancti
1285 1579 1422 1615 Martini

373 1631 458 1661 infra
479 1630 539 1661 hoc
562 1632 754 1672 compotum,
777 1628 852 1669 quia
875 1632 952 1658 tunc
976 1628 1120 1661 redditur
1143 1631 1279 1665 tantum,
1305 1629 1360 1669 viij
1388 1628 1421 1660 Η.

374 1681 416 1710 Et
453 1690 509 1720 pro
547 1679 713 1719 sexaginta
751 1681 821 1708 octo
858 1677 970 1709 martis
1007 1677 1151 1708 liberatis
1189 1677 1230 1709 ad
1267 1688 1422 1719 expensas

375 1729 527 1761 domicilii
543 1728 665 1759 domini
680 1727 762 1768 regis
778 1727 912 1758 diversis
928 1727 1052 1759 vicibus
1068 1730 1100 1758 et
1123 1727 1251 1760 int-ratis
1273 1728 1308 1758 in
1331 1727 1420 1759 libris

375 1779 528 1810 domicilii
539 1781 611 1819 post
626 1778 779 1808 ultimum
794 1777 987 1808 scaccarium
1003 1777 1146 1818 precium
1162 1781 1264 1808 marte
1279 1777 1421 1818 quinque

375 1828 477 1866 solidi,
493 1827 649 1859 allocandi
665 1826 849 1863 husbandis,
873 1826 938 1866 xvij
963 1826 994 1857 fi.
1040 1827 1082 1856 Et
1105 1826 1218 1864 eidem,
1241 1837 1299 1868 pro
1322 1827 1422 1869 agita-

375 1878 465 1909 cione
481 1877 638 1908 dictarum
654 1879 828 1908 martarum
844 1875 937 1907 dictis
961 1875 1085 1906 duabus
1109 1876 1244 1914 vicibus,
1260 1876 1294 1907 xl
1310 1880 1334 1908 ἓ.
1379 1877 1422 1908 Et

376 1927 510 1958 allocate
547 1925 743 1966 compotanti
781 1935 837 1965 per
878 1924 1074 1956 solucionem
1116 1925 1234 1956 factam
1271 1926 1422 1967 magistro

377 1976 541 2007 Willelmo
565 1975 667 2012 Blare,
683 1978 760 2008 tunc
776 1974 949 2005 senescallo
966 1974 1088 2005 domini
1104 1974 1194 2015 regis,
1211 1975 1250 2006 ad
1266 1985 1422 2017 expensas

376 2026 530 2057 domicilii
575 2025 725 2066 ejusdem,
770 2024 855 2055 dicto
892 2024 1042 2065 magistro
1089 2023 1251 2055 Willelmo
1300 2025 1422 2057 fatente

377 2137 415 2157 ex
433 2136 469 2156 co
485 2125 570 2165 quod
596 2124 676 2155 alius
700 2126 918 2165 compotorum
942 2123 1098 2155 rotulator
1120 2135 1176 2165 pro
1199 2129 1341 2167 tempore
1357 2136 1422 2157 non

378 2175 543 2207 existebat.
589 2175 632 2206 Et
662 2173 774 2210 eidem,
799 2173 836 2204 de
864 2173 962 2205 firmis
993 2177 1074 2208 terre
1102 2174 1140 2207 de
1172 2175 1422 2218 Kerylowmoud

1531 2254 1551 2368 jabu-.-
