1551 2462
99 328 264 357 Respondebit

98 358 147 380 Joh
150 365 222 381 annes

100 387 292 411 Haucarstoune.

100 617 266 646 Respondebit

101 646 199 675 Walles,

99 676 223 699 rotulator.

99 725 173 755 Eque.

100 818 238 850 Salman.

315 234 376 263 564
629 233 794 266 ROTULI
818 233 1055 265 SCACCARII
1279 235 1362 264 1468

315 325 474 357 Cristiane
489 337 546 367 pro
562 327 660 358 tercia
676 326 737 358 sibi
753 327 861 358 debita
876 327 915 358 de
930 326 1057 358 residuo
1073 326 1231 358 dictarum
1240 325 1366 357 baroni-

315 384 405 405 arum
421 375 460 406 de
476 376 587 407 eodem
609 386 702 413 anno,
717 376 796 417 xviij
813 376 844 407 ri
862 387 883 406 x
898 376 927 407 d.
973 376 1016 407 Et
1038 375 1150 413 eidem,
1173 386 1230 416 per
1250 375 1365 406 libera-

313 424 438 456 cionem
468 425 586 456 factam
616 426 759 457 Johanni
795 426 1025 462 Halkerstoun,
1054 425 1207 467 magistro
1245 424 1365 468 fabrice
1402 434 1406 436 ’

316 473 431 506 Sancte
447 475 612 507 Trinitatis
629 475 753 516 collegii
768 486 865 516 prope
888 475 1087 516 Edinburgh,
1110 475 1150 506 de
1177 475 1277 506 firmis
1300 477 1364 506 ter-

314 533 421 555 rarum
438 524 476 555 de
499 524 702 562 Kirkandris,
718 525 756 556 de
772 525 922 556 mandato
938 524 1061 556 domini
1083 525 1166 566 regis
1187 523 1364 556 literatorie

314 573 392 604 alias
422 577 549 605 ostenso
572 585 666 615 super
689 578 880 615 compotum,
904 574 942 605 de
970 584 1054 605 anno
1076 574 1219 615 computi
1249 577 1281 605 et
1303 574 1364 605 sub

313 622 455 663 periculo
470 624 694 664 computantis,
711 634 752 654 xx
770 624 802 655 11².
849 624 907 664 [To
925 624 1133 664 C'omptroller,
1148 624 1225 655 2336
1239 624 1281 654 Is.
1298 623 1363 664 8d.]

315 672 447 703 Summa
476 683 697 714 expensarum,
720 673 822 704 lxxxx
844 674 877 705 fi.
900 674 922 715 ij
948 678 970 705 s.
995 674 1026 715 vj
1051 673 1080 705 d.
1126 674 1169 704 Et
1198 673 1244 705 sic
1274 683 1364 714 eque,

314 725 420 762 preter
435 722 575 753 calcaria.

358 821 554 861 Computum
571 821 710 853 Simonis
727 821 868 859 Salman,
883 821 1024 863 serjandi
1039 825 1071 853 et
1086 820 1256 862 receptoris
1279 831 1363 852 com—

313 869 412 901 itatus
429 870 467 901 de
483 870 630 902 Marchia
655 871 864 912 [Edinburqh,
879 872 901 910 ,4
915 872 996 913 July
1011 871 1120 912 1468‚]
1137 871 1176 902 de
1199 871 1363 911 arreragiis

314 920 456 960 computi
493 920 543 950 sui
587 920 705 952 redditi
747 921 832 962 apud
869 920 967 952 Perth
1005 921 1119 952 ultimo
1155 920 1206 952 die
1243 921 1363 951 mensis

313 969 406 1000 Junii
433 970 510 1000 anni
539 970 672 1001 Domini
703 974 760 1002 etc.
788 970 977 1011 sexagesimi
1001 970 1129 1011 septimi
1156 973 1189 1002 et
1214 970 1362 1010 expensis

314 1019 493 1050 eorundem.
686 1019 688 1021 ’

357 1068 450 1099 Idem
481 1072 591 1100 onerat
613 1079 647 1101 se
662 1068 701 1100 de
726 1067 798 1109 iij⁶lj
815 1068 846 1100 fi.
865 1068 919 1109 viij
936 1073 960 1100 s.
992 1069 1039 1110 iiij
1056 1069 1085 1100 d.
1113 1068 1309 1100 restantibus
1324 1068 1360 1099 in

313 1117 398 1149 dicto
422 1122 572 1159 computo
597 1128 663 1156 su0,
687 1121 724 1149 ut
750 1122 840 1159 patet
865 1119 900 1149 in
925 1119 1006 1160 pede
1032 1119 1183 1160 ejusdem.
1229 1118 1361 1149 Summa

312 1167 409 1208 hujus
432 1168 537 1199 oneris
561 1170 657 1209 patet.
702 1169 753 1199 De
778 1169 903 1209 quibus,
919 1169 1053 1200 allocate
1077 1169 1278 1209 computanti
1303 1178 1360 1209 pro

312 1228 376 1248 nno
392 1228 473 1258 equo
489 1221 598 1258 empto
625 1218 753 1249 domino
771 1218 844 1249 duci
868 1218 1007 1250 Albanie
1024 1219 1062 1250 ab
1087 1218 1360 1259 archipresbytero

312 1267 351 1298 de
366 1267 502 1298 Dunber
517 1278 573 1308 pro
589 1268 698 1299 decem
713 1268 836 1305 marcis,
852 1272 890 1299 ut
912 1271 1001 1309 patet
1021 1278 1078 1309 per
1096 1268 1206 1299 literas
1231 1277 1303 1299 suas
1319 1267 1359 1299 de

311 1320 460 1358 precepto
476 1320 508 1348 et
523 1316 631 1348 literas
647 1317 725 1348 dicti
741 1317 1006 1359 archipresbyteri
1023 1318 1062 1349 de
1077 1321 1204 1358 recepto
1216 1321 1358 1348 ostensas

311 1376 406 1406 super
422 1369 617 1407 computum,
633 1367 665 1407 vj
683 1366 714 1398 fi.
732 1367 788 1407 xiij
806 1371 828 1398 s.
845 1367 893 1408 iiij
910 1367 938 1398 d.
984 1367 1027 1398 Et
1049 1367 1161 1404 eidem,
1177 1377 1234 1407 per
1248 1367 1358 1398 remis-

311 1416 434 1447 sionem
460 1416 578 1447 factam
605 1426 661 1457 per
687 1417 853 1447 dominum
876 1427 982 1457 regem
1009 1417 1146 1448 Patricio
1170 1417 1295 1458 Hering
1317 1417 1358 1448 de

310 1465 557 1496 amerciamento
580 1465 614 1496 in
639 1476 703 1506 quo
730 1466 930 1506 adjudicatus
956 1469 1023 1497 erat
1047 1476 1103 1507 pro
1128 1466 1220 1497 terris
1236 1466 1302 1497 suis
1318 1466 1358 1498 de

309 1514 536 1545 Edmerisdene
567 1514 600 1545 in
617 1514 731 1546 itinere
752 1515 929 1555 justiciarie
944 1518 1034 1546 tento
1061 1525 1145 1546 anno
1160 1515 1356 1556 sexagesimo

309 1564 431 1604 quinto,
457 1567 494 1595 ut
524 1567 613 1605 patet
634 1575 692 1605 per
717 1564 826 1596 literas
850 1565 972 1596 domini
999 1565 1080 1605 regis
1105 1564 1145 1595 de
1171 1564 1355 1595 remissione

307 1617 449 1645 ostensas
479 1623 574 1655 super
603 1617 799 1655 computum,
822 1625 844 1644 x
869 1614 901 1645 ἢ
947 1614 990 1645 Et
1019 1613 1130 1650 eidem,
1160 1623 1218 1654 per
1240 1613 1355 1645 libera-

308 1664 431 1695 cionem
447 1663 565 1694 factam
592 1663 731 1694 Roberto
759 1663 854 1700 Rede,
871 1663 992 1694 famulo
1015 1663 1095 1694 dicti
1118 1663 1241 1694 domini
1255 1663 1354 1700 ducis,

307 1713 346 1744 de
362 1713 513 1744 mandato
529 1713 679 1754 ejusdem,
708 1716 745 1744 ut
769 1716 858 1754 patet
881 1722 936 1753 per
956 1713 1065 1744 literas
1088 1722 1161 1743 suas
1185 1715 1219 1744 et
1233 1712 1355 1743 domini

307 1763 388 1794 Boid
418 1766 561 1794 ostensas
593 1772 690 1803 super
719 1765 915 1803 computum,
946 1772 990 1792 xx
1017 1766 1039 1793 s.
1099 1762 1143 1792 Et
1172 1761 1284 1798 eidem,
1314 1761 1354 1793 de

306 1813 406 1844 firmis
421 1816 579 1844 terrarum
605 1812 644 1843 de
671 1812 896 1853 Halsyntonne
923 1821 997 1842 cum
1021 1811 1139 1852 quibus
1165 1814 1354 1852 computans

306 1862 451 1902 superius
474 1865 623 1893 oneratur
638 1861 677 1892 de
702 1861 809 1892 warda
833 1861 1007 1892 earundem
1032 1871 1088 1901 per
1103 1863 1226 1901 septem
1242 1870 1352 1897 annos,

305 1921 345 1943 ex
361 1922 398 1942 eo
413 1911 499 1952 quod
525 1911 672 1942 dominus
697 1921 752 1942 rex
769 1910 851 1942 clare
874 1910 1025 1941 memorie
1040 1909 1196 1941 concessit
1212 1909 1352 1940 wardam

304 1961 477 1992 earundem
507 1961 627 1992 Jacobo
651 1960 690 1992 de
713 1960 877 1998 Quhitlaw
900 1963 933 1991 et
954 1960 1054 1991 Dowe
1078 1959 1289 2000 Congiltoune
1312 1958 1352 1990 de

303 2011 406 2041 tribus
423 2010 533 2051 primis
549 2010 642 2041 annis
659 2009 817 2041 dictorum
832 2013 956 2050 septem
971 2019 1136 2045 annorum,
1151 2007 1247 2049 proiit,
1262 2010 1352 2048 patet

303 2070 358 2100 per
374 2059 452 2090 duas
475 2059 584 2090 literas
607 2059 689 2100 regis
712 2059 772 2090 sub
795 2059 920 2099 privato
945 2062 1087 2090 ostensas
1110 2067 1206 2098 super
1220 2067 1350 2098 compu-

302 2112 381 2145 tum,
396 2109 431 2140 lx
454 2108 485 2140 fi.
533 2109 576 2139 Et
600 2109 713 2146 eidem,
738 2108 777 2139 de
805 2108 904 2140 tercio
931 2118 1015 2139 anno
1042 2107 1200 2138 dictorum
1226 2110 1349 2148 septem

301 2169 458 2190 annorum
495 2160 625 2200 propter
667 2158 850 2190 vastitatem
887 2157 1059 2189 earundem
1096 2167 1152 2198 per
1188 2156 1350 2198 Anghcos,
