<?xml version="1.0" encoding="UTF-8"?>
<!DOCTYPE html PUBLIC "-//W3C//DTD XHTML 1.0 Transitional//EN"
    "http://www.w3.org/TR/xhtml1/DTD/xhtml1-transitional.dtd">
<html xmlns="http://www.w3.org/1999/xhtml" xml:lang="en" lang="en">
 <head>
  <title>
</title>
<meta http-equiv="Content-Type" content="text/html;charset=utf-8" />
  <meta name='ocr-system' content='tesseract 3.04.00' />
  <meta name='ocr-capabilities' content='ocr_page ocr_carea ocr_par ocr_line ocrx_word'/>
</head>
<body>
  <div class='ocr_page' id='page_1' title='image "./rotuliscaccariir07scot_0380.png"; bbox 0 0 1551 2462; ppageno 0'>
   <div class='ocr_carea' id='block_1_1' title="bbox 158 347 325 430">
    <p class='ocr_par' dir='ltr' id='par_1_1' title="bbox 158 347 325 430">
     <span class='ocr_line' id='line_1_1' title="bbox 160 347 325 377; baseline 0 -7"><span class='ocrx_word' id='word_1_1' title='bbox 160 347 325 377; x_wconf 80' lang='lat' dir='ltr'>Respondebit</span> 
     </span>
     <span class='ocr_line' id='line_1_2' title="bbox 158 378 322 412; baseline 0 -11"><span class='ocrx_word' id='word_1_2' title='bbox 158 378 259 412; x_wconf 67' lang='lat' dir='ltr'>Guthre,</span> <span class='ocrx_word' id='word_1_3' title='bbox 271 378 322 401; x_wconf 83' lang='lat' dir='ltr'>the-</span> 
     </span>
     <span class='ocr_line' id='line_1_3' title="bbox 159 414 288 430; baseline 0 0"><span class='ocrx_word' id='word_1_4' title='bbox 159 414 288 430; x_wconf 76' lang='lat' dir='ltr'>samarius.</span> 
     </span>
    </p>
   </div>
   <div class='ocr_carea' id='block_1_2' title="bbox 157 539 295 571">
    <p class='ocr_par' dir='ltr' id='par_1_2' title="bbox 157 539 295 571">
     <span class='ocr_line' id='line_1_4' title="bbox 157 539 295 571; baseline 0 -1"><span class='ocrx_word' id='word_1_5' title='bbox 157 539 295 571; x_wconf 83' lang='lat' dir='ltr'>Forfare.</span> 
     </span>
    </p>
   </div>
   <div class='ocr_carea' id='block_1_3' title="bbox 155 1938 321 2021">
    <p class='ocr_par' dir='ltr' id='par_1_3' title="bbox 155 1938 321 2021">
     <span class='ocr_line' id='line_1_5' title="bbox 157 1938 321 1962; baseline 0.012 -2"><span class='ocrx_word' id='word_1_6' title='bbox 157 1938 202 1961; x_wconf 81' lang='lat' dir='ltr'>Res</span> <span class='ocrx_word' id='word_1_7' title='bbox 222 1938 321 1962; x_wconf 83' lang='lat' dir='ltr'>ondebit</span> 
     </span>
     <span class='ocr_line' id='line_1_6' title="bbox 156 1945 318 2002; baseline 0 -11"><span class='ocrx_word' id='word_1_8' title='bbox 156 1945 255 2002; x_wconf 72' lang='lat' dir='ltr'>Gutllre‚</span> <span class='ocrx_word' id='word_1_9' title='bbox 268 1969 318 1991; x_wconf 80' lang='lat' dir='ltr'>the-</span> 
     </span>
     <span class='ocr_line' id='line_1_7' title="bbox 155 2005 281 2021; baseline 0.008 -1"><span class='ocrx_word' id='word_1_10' title='bbox 155 2005 281 2021; x_wconf 79' lang='lat' dir='ltr'>saurarms.</span> 
     </span>
    </p>
   </div>
   <div class='ocr_carea' id='block_1_4' title="bbox 156 2087 274 2119">
    <p class='ocr_par' dir='ltr' id='par_1_4' title="bbox 156 2087 274 2119">
     <span class='ocr_line' id='line_1_8' title="bbox 156 2087 274 2119; baseline 0.008 -1"><span class='ocrx_word' id='word_1_11' title='bbox 156 2087 274 2119; x_wconf 82' lang='lat' dir='ltr'>Caralc.</span> 
     </span>
    </p>
   </div>
   <div class='ocr_carea' id='block_1_5' title="bbox 377 248 1429 283">
    <p class='ocr_par' dir='ltr' id='par_1_5' title="bbox 377 248 1429 283">
     <span class='ocr_line' id='line_1_9' title="bbox 377 248 1429 283; baseline 0.001 -2"><span class='ocrx_word' id='word_1_12' title='bbox 377 252 437 281; x_wconf 87' lang='grc'>302</span> <span class='ocrx_word' id='word_1_13' title='bbox 687 249 851 282; x_wconf 82' lang='lat' dir='ltr'>ROTULI</span> <span class='ocrx_word' id='word_1_14' title='bbox 876 249 1111 282; x_wconf 81' lang='lat' dir='ltr'>SOACCARH</span> <span class='ocrx_word' id='word_1_15' title='bbox 1337 248 1429 283; x_wconf 66' lang='lat'>14642</span> 
     </span>
    </p>
   </div>
   <div class='ocr_carea' id='block_1_6' title="bbox 375 343 1428 485">
    <p class='ocr_par' dir='ltr' id='par_1_6' title="bbox 375 343 1428 485">
     <span class='ocr_line' id='line_1_10' title="bbox 375 343 1428 386; baseline 0.003 -12"><span class='ocrx_word' id='word_1_16' title='bbox 375 352 432 384; x_wconf 89' lang='lat' dir='ltr'>per</span> <span class='ocrx_word' id='word_1_17' title='bbox 469 343 646 375; x_wconf 85' lang='lat' dir='ltr'>Robertum</span> <span class='ocrx_word' id='word_1_18' title='bbox 683 343 878 382; x_wconf 57' lang='lat' dir='ltr'>Bkaekburne,</span> <span class='ocrx_word' id='word_1_19' title='bbox 915 354 1018 375; x_wconf 89' lang='lat' dir='ltr'>unum</span> <span class='ocrx_word' id='word_1_20' title='bbox 1055 344 1247 376; x_wconf 74' lang='lat' dir='ltr'>ballivorum</span> <span class='ocrx_word' id='word_1_21' title='bbox 1275 344 1428 386; x_wconf 88' lang='lat' dir='ltr'>ejusdem,</span> 
     </span>
     <span class='ocr_line' id='line_1_11' title="bbox 376 392 1212 435; baseline 0.004 -12"><span class='ocrx_word' id='word_1_22' title='bbox 376 392 492 433; x_wconf 48' lang='lat' dir='ltr'>[Parth</span> <span class='ocrx_word' id='word_1_23' title='bbox 508 393 551 425; x_wconf 87' lang='grc'>19</span> <span class='ocrx_word' id='word_1_24' title='bbox 566 393 650 424; x_wconf 77' lang='lat' dir='ltr'>June</span> <span class='ocrx_word' id='word_1_25' title='bbox 668 394 760 432; x_wconf 91' lang='grc'><em>1464,</em></span> <span class='ocrx_word' id='word_1_26' title='bbox 769 395 859 435; x_wconf 69' lang='lat' dir='ltr'>from</span> <span class='ocrx_word' id='word_1_27' title='bbox 875 395 918 425; x_wconf 59' lang='lat'>272</span> <span class='ocrx_word' id='word_1_28' title='bbox 933 394 1103 435; x_wconf 75' lang='lat' dir='ltr'><em>September</em></span> <span class='ocrx_word' id='word_1_29' title='bbox 1118 395 1212 433; x_wconf 70' lang='grc'><em>1463.</em></span> 
     </span>
     <span class='ocr_line' id='line_1_12' title="bbox 416 442 1258 485; baseline 0.001 -11"><span class='ocrx_word' id='word_1_30' title='bbox 416 442 546 481; x_wconf 79' lang='lat' dir='ltr'>Fermes,</span> <span class='ocrx_word' id='word_1_31' title='bbox 563 443 600 484; x_wconf 72' lang='lat' dir='ltr'>by</span> <span class='ocrx_word' id='word_1_32' title='bbox 607 444 811 485; x_wconf 57' lang='lat' dir='ltr'>feu-chartam</span> <span class='ocrx_word' id='word_1_33' title='bbox 826 444 881 475; x_wconf 51' lang='lat'>26³5</span> <span class='ocrx_word' id='word_1_34' title='bbox 889 455 903 482; x_wconf 86' lang='lat'><em>;</em></span> <span class='ocrx_word' id='word_1_35' title='bbox 920 444 1005 484; x_wconf 76' lang='lat' dir='ltr'>paid</span> <span class='ocrx_word' id='word_1_36' title='bbox 1020 447 1049 475; x_wconf 83' lang='lat' dir='ltr'>to</span> <span class='ocrx_word' id='word_1_37' title='bbox 1067 444 1258 485; x_wconf 69' lang='lat' dir='ltr'>Treasurer]</span> 
     </span>
    </p>
   </div>
   <div class='ocr_carea' id='block_1_7' title="bbox 370 542 1426 1775">
    <p class='ocr_par' dir='ltr' id='par_1_7' title="bbox 373 542 1425 683">
     <span class='ocr_line' id='line_1_13' title="bbox 419 542 1425 585; baseline 0.002 -12"><span class='ocrx_word' id='word_1_38' title='bbox 419 542 612 583; x_wconf 87' lang='lat' dir='ltr'>Compotum</span> <span class='ocrx_word' id='word_1_39' title='bbox 626 542 820 574; x_wconf 83' lang='lat' dir='ltr'>ballivorum</span> <span class='ocrx_word' id='word_1_40' title='bbox 836 543 929 584; x_wconf 82' lang='lat' dir='ltr'>burgi</span> <span class='ocrx_word' id='word_1_41' title='bbox 953 543 992 574; x_wconf 87' lang='lat' dir='ltr'>de</span> <span class='ocrx_word' id='word_1_42' title='bbox 1007 543 1146 580; x_wconf 81' lang='lat' dir='ltr'>Forfare,</span> <span class='ocrx_word' id='word_1_43' title='bbox 1162 543 1324 574; x_wconf 86' lang='lat' dir='ltr'>redditum</span> <span class='ocrx_word' id='word_1_44' title='bbox 1340 543 1425 585; x_wconf 83' lang='lat' dir='ltr'>apud</span> 
     </span>
     <span class='ocr_line' id='line_1_14' title="bbox 373 591 1424 635; baseline 0.002 -13"><span class='ocrx_word' id='word_1_45' title='bbox 373 591 473 623; x_wconf 87' lang='lat' dir='ltr'>Perth</span> <span class='ocrx_word' id='word_1_46' title='bbox 488 602 545 633; x_wconf 88' lang='lat' dir='ltr'>per</span> <span class='ocrx_word' id='word_1_47' title='bbox 562 593 669 624; x_wconf 85' lang='lat' dir='ltr'>David</span> <span class='ocrx_word' id='word_1_48' title='bbox 691 592 837 629; x_wconf 83' lang='lat' dir='ltr'>Watson,</span> <span class='ocrx_word' id='word_1_49' title='bbox 860 602 962 623; x_wconf 87' lang='lat' dir='ltr'>unum</span> <span class='ocrx_word' id='word_1_50' title='bbox 985 592 1178 623; x_wconf 83' lang='lat' dir='ltr'>ballivorum</span> <span class='ocrx_word' id='word_1_51' title='bbox 1200 593 1351 633; x_wconf 87' lang='lat' dir='ltr'>ejusdem,</span> <span class='ocrx_word' id='word_1_52' title='bbox 1369 594 1424 635; x_wconf 59' lang='grc'>[91</span> 
     </span>
     <span class='ocr_line' id='line_1_15' title="bbox 373 642 1076 683; baseline 0 -11"><span class='ocrx_word' id='word_1_53' title='bbox 373 642 459 672; x_wconf 73' lang='lat' dir='ltr'>June</span> <span class='ocrx_word' id='word_1_54' title='bbox 473 643 568 680; x_wconf 87' lang='grc'><em>1464,</em></span> <span class='ocrx_word' id='word_1_55' title='bbox 577 643 667 683; x_wconf 79' lang='lat' dir='ltr'>from</span> <span class='ocrx_word' id='word_1_56' title='bbox 684 644 704 674; x_wconf 78' lang='lat'><em>7</em></span> <span class='ocrx_word' id='word_1_57' title='bbox 718 642 799 683; x_wconf 69' lang='lat' dir='ltr'>Jzaly</span> <span class='ocrx_word' id='word_1_58' title='bbox 814 642 900 680; x_wconf 63' lang='lat'>1459</span> <span class='ocrx_word' id='word_1_59' title='bbox 912 653 925 680; x_wconf 73' lang='lat'>,⁴</span> <span class='ocrx_word' id='word_1_60' title='bbox 945 643 967 673; x_wconf 82' lang='lat'><em>5</em></span> <span class='ocrx_word' id='word_1_61' title='bbox 982 653 1076 683; x_wconf 74' lang='lat' dir='ltr'>years.</span> 
     </span>
    </p>

    <p class='ocr_par' dir='ltr' id='par_1_8' title="bbox 379 691 1426 782">
     <span class='ocr_line' id='line_1_16' title="bbox 420 691 1426 733; baseline 0.002 -12"><span class='ocrx_word' id='word_1_62' title='bbox 420 691 546 732; x_wconf 62' lang='lat' dir='ltr'>Chao-96.</span> <span class='ocrx_word' id='word_1_63' title='bbox 592 693 739 729; x_wconf 72' lang='lat' dir='ltr'>Arrcars,</span> <span class='ocrx_word' id='word_1_64' title='bbox 754 692 831 723; x_wconf 55' lang='lat'>„4020</span> <span class='ocrx_word' id='word_1_65' title='bbox 854 692 896 722; x_wconf 77' lang='lat' dir='ltr'>Os.</span> <span class='ocrx_word' id='word_1_66' title='bbox 912 692 962 730; x_wconf 72' lang='grc' dir='ltr'>4ιί.</span> <span class='ocrx_word' id='word_1_67' title='bbox 1029 691 1159 729; x_wconf 71' lang='lat' dir='ltr'>Fermes,</span> <span class='ocrx_word' id='word_1_68' title='bbox 1176 692 1212 732; x_wconf 73' lang='lat' dir='ltr'>by</span> <span class='ocrx_word' id='word_1_69' title='bbox 1220 692 1426 733; x_wconf 48' lang='lat' dir='ltr'>seu-chartea</span> 
     </span>
     <span class='ocr_line' id='line_1_17' title="bbox 379 741 881 782; baseline 0 -10"><span class='ocrx_word' id='word_1_70' title='bbox 379 742 457 779; x_wconf 59' lang='lat'>2343</span> <span class='ocrx_word' id='word_1_71' title='bbox 473 743 514 772; x_wconf 70' lang='lat'>63.</span> <span class='ocrx_word' id='word_1_72' title='bbox 531 742 581 773; x_wconf 71' lang='lat' dir='ltr'>Sd.</span> <span class='ocrx_word' id='word_1_73' title='bbox 627 742 715 779; x_wconf 79' lang='lat' dir='ltr'>Sum,</span> <span class='ocrx_word' id='word_1_74' title='bbox 730 741 809 773; x_wconf 50' lang='lat'>5³63</span> <span class='ocrx_word' id='word_1_75' title='bbox 825 741 881 782; x_wconf 68' lang='lat'>78]</span> 
     </span>
    </p>

    <p class='ocr_par' dir='ltr' id='par_1_9' title="bbox 370 791 1426 1775">
     <span class='ocr_line' id='line_1_18' title="bbox 415 791 1426 832; baseline 0 -10"><span class='ocrx_word' id='word_1_76' title='bbox 415 792 467 822; x_wconf 90' lang='lat' dir='ltr'>De</span> <span class='ocrx_word' id='word_1_77' title='bbox 488 792 613 832; x_wconf 87' lang='lat' dir='ltr'>quibus,</span> <span class='ocrx_word' id='word_1_78' title='bbox 636 792 770 822; x_wconf 81' lang='lat' dir='ltr'>allocate</span> <span class='ocrx_word' id='word_1_79' title='bbox 792 791 991 832; x_wconf 85' lang='lat' dir='ltr'>computanti</span> <span class='ocrx_word' id='word_1_80' title='bbox 1007 801 1064 832; x_wconf 84' lang='lat' dir='ltr'>per</span> <span class='ocrx_word' id='word_1_81' title='bbox 1088 791 1284 822; x_wconf 82' lang='lat' dir='ltr'>solucionem</span> <span class='ocrx_word' id='word_1_82' title='bbox 1308 791 1426 822; x_wconf 75' lang='lat' dir='ltr'>factam</span> 
     </span>
     <span class='ocr_line' id='line_1_19' title="bbox 375 840 1426 882; baseline 0 -11"><span class='ocrx_word' id='word_1_83' title='bbox 375 840 474 881; x_wconf 80' lang='lat' dir='ltr'>priori</span> <span class='ocrx_word' id='word_1_84' title='bbox 485 840 523 872; x_wconf 87' lang='lat' dir='ltr'>de</span> <span class='ocrx_word' id='word_1_85' title='bbox 536 841 692 877; x_wconf 82' lang='lat' dir='ltr'>Restinot,</span> <span class='ocrx_word' id='word_1_86' title='bbox 704 841 894 882; x_wconf 79' lang='lat' dir='ltr'>percipienti</span> <span class='ocrx_word' id='word_1_87' title='bbox 906 841 1075 871; x_wconf 78' lang='lat' dir='ltr'>annuatim</span> <span class='ocrx_word' id='word_1_88' title='bbox 1087 841 1297 882; x_wconf 84' lang='lat' dir='ltr'>quadraginta</span> <span class='ocrx_word' id='word_1_89' title='bbox 1309 841 1426 872; x_wconf 85' lang='lat' dir='ltr'>solidos</span> 
     </span>
     <span class='ocr_line' id='line_1_20' title="bbox 373 890 1426 931; baseline 0.001 -10"><span class='ocrx_word' id='word_1_90' title='bbox 373 891 412 921; x_wconf 88' lang='lat' dir='ltr'>de</span> <span class='ocrx_word' id='word_1_91' title='bbox 428 891 527 922; x_wconf 89' lang='lat' dir='ltr'>firmis</span> <span class='ocrx_word' id='word_1_92' title='bbox 538 891 617 927; x_wconf 79' lang='lat' dir='ltr'>dicti</span> <span class='ocrx_word' id='word_1_93' title='bbox 629 891 721 931; x_wconf 77' lang='lat' dir='ltr'>burgi</span> <span class='ocrx_word' id='word_1_94' title='bbox 737 900 777 922; x_wconf 79' lang='lat' dir='ltr'>ex</span> <span class='ocrx_word' id='word_1_95' title='bbox 789 890 963 922; x_wconf 83' lang='lat' dir='ltr'>elemosina</span> <span class='ocrx_word' id='word_1_96' title='bbox 974 890 1056 931; x_wconf 78' lang='lat' dir='ltr'>regis</span> <span class='ocrx_word' id='word_1_97' title='bbox 1071 890 1213 931; x_wconf 80' lang='lat' dir='ltr'>antiqua,</span> <span class='ocrx_word' id='word_1_98' title='bbox 1225 890 1309 921; x_wconf 85' lang='lat' dir='ltr'>dicto</span> <span class='ocrx_word' id='word_1_99' title='bbox 1321 891 1426 931; x_wconf 87' lang='lat' dir='ltr'>priore</span> 
     </span>
     <span class='ocr_line' id='line_1_21' title="bbox 372 940 1426 981; baseline 0 -10"><span class='ocrx_word' id='word_1_100' title='bbox 372 951 429 981; x_wconf 89' lang='lat' dir='ltr'>per</span> <span class='ocrx_word' id='word_1_101' title='bbox 455 951 528 972; x_wconf 85' lang='lat' dir='ltr'>suas</span> <span class='ocrx_word' id='word_1_102' title='bbox 563 940 672 972; x_wconf 82' lang='lat' dir='ltr'>literas</span> <span class='ocrx_word' id='word_1_103' title='bbox 711 944 852 972; x_wconf 81' lang='lat' dir='ltr'>ostensas</span> <span class='ocrx_word' id='word_1_104' title='bbox 886 950 981 981; x_wconf 85' lang='lat' dir='ltr'>super</span> <span class='ocrx_word' id='word_1_105' title='bbox 1011 943 1198 980; x_wconf 72' lang='lat' dir='ltr'>computum</span> <span class='ocrx_word' id='word_1_106' title='bbox 1228 940 1349 971; x_wconf 79' lang='lat' dir='ltr'>fatente</span> <span class='ocrx_word' id='word_1_107' title='bbox 1388 940 1426 971; x_wconf 88' lang='lat' dir='ltr'>de</span> 
     </span>
     <span class='ocr_line' id='line_1_22' title="bbox 373 989 1426 1031; baseline 0.001 -11"><span class='ocrx_word' id='word_1_108' title='bbox 373 990 517 1031; x_wconf 89' lang='lat' dir='ltr'>quinque</span> <span class='ocrx_word' id='word_1_109' title='bbox 541 991 634 1021; x_wconf 83' lang='lat' dir='ltr'>annis</span> <span class='ocrx_word' id='word_1_110' title='bbox 660 990 757 1031; x_wconf 84' lang='lat' dir='ltr'>hujus</span> <span class='ocrx_word' id='word_1_111' title='bbox 780 990 932 1031; x_wconf 82' lang='lat' dir='ltr'>computi,</span> <span class='ocrx_word' id='word_1_112' title='bbox 959 1000 980 1020; x_wconf 88' lang='lat' dir='ltr'><strong>x</strong></span> <span class='ocrx_word' id='word_1_113' title='bbox 1003 989 1035 1021; x_wconf 67' lang='lat' dir='ltr'>fi.</span> <span class='ocrx_word' id='word_1_114' title='bbox 1082 990 1125 1020; x_wconf 86' lang='lat' dir='ltr'>Et</span> <span class='ocrx_word' id='word_1_115' title='bbox 1150 991 1207 1030; x_wconf 69' lang='lat' dir='ltr'>Per</span> <span class='ocrx_word' id='word_1_116' title='bbox 1230 989 1426 1021; x_wconf 84' lang='lat' dir='ltr'>solucionem</span> 
     </span>
     <span class='ocr_line' id='line_1_23' title="bbox 373 1038 1425 1081; baseline 0.001 -11"><span class='ocrx_word' id='word_1_117' title='bbox 373 1039 492 1070; x_wconf 83' lang='lat' dir='ltr'>factam</span> <span class='ocrx_word' id='word_1_118' title='bbox 515 1040 681 1081; x_wconf 85' lang='lat' dir='ltr'>capellano</span> <span class='ocrx_word' id='word_1_119' title='bbox 703 1039 886 1071; x_wconf 37' lang='lat' dir='ltr'>celebranti*</span> <span class='ocrx_word' id='word_1_120' title='bbox 901 1039 936 1070; x_wconf 85' lang='lat' dir='ltr'>in</span> <span class='ocrx_word' id='word_1_121' title='bbox 959 1039 1082 1080; x_wconf 81' lang='lat' dir='ltr'>capella</span> <span class='ocrx_word' id='word_1_122' title='bbox 1105 1039 1144 1070; x_wconf 91' lang='lat' dir='ltr'>de</span> <span class='ocrx_word' id='word_1_123' title='bbox 1161 1038 1361 1080; x_wconf 62' lang='lat' dir='ltr'>Fynnewym</span> <span class='ocrx_word' id='word_1_124' title='bbox 1385 1050 1425 1071; x_wconf 85' lang='lat' dir='ltr'>ex</span> 
     </span>
     <span class='ocr_line' id='line_1_24' title="bbox 373 1089 1425 1130; baseline 0 -10"><span class='ocrx_word' id='word_1_125' title='bbox 373 1089 540 1121; x_wconf 87' lang='lat' dir='ltr'>elimosina</span> <span class='ocrx_word' id='word_1_126' title='bbox 566 1090 688 1121; x_wconf 84' lang='lat' dir='ltr'>domini</span> <span class='ocrx_word' id='word_1_127' title='bbox 715 1090 816 1121; x_wconf 80' lang='lat' dir='ltr'>nostri</span> <span class='ocrx_word' id='word_1_128' title='bbox 840 1089 923 1130; x_wconf 78' lang='lat' dir='ltr'>regis</span> <span class='ocrx_word' id='word_1_129' title='bbox 939 1099 1041 1130; x_wconf 82' lang='lat' dir='ltr'>usque</span> <span class='ocrx_word' id='word_1_130' title='bbox 1068 1092 1188 1120; x_wconf 83' lang='lat' dir='ltr'>etatem</span> <span class='ocrx_word' id='word_1_131' title='bbox 1214 1089 1357 1130; x_wconf 85' lang='lat' dir='ltr'>ejusdem</span> <span class='ocrx_word' id='word_1_132' title='bbox 1384 1089 1425 1120; x_wconf 91' lang='lat' dir='ltr'>ad</span> 
     </span>
     <span class='ocr_line' id='line_1_25' title="bbox 372 1139 1425 1180; baseline -0.001 -9"><span class='ocrx_word' id='word_1_133' title='bbox 372 1140 555 1180; x_wconf 77' lang='lat' dir='ltr'>quindecim</span> <span class='ocrx_word' id='word_1_134' title='bbox 580 1149 679 1171; x_wconf 84' lang='lat' dir='ltr'>annos</span> <span class='ocrx_word' id='word_1_135' title='bbox 703 1139 886 1180; x_wconf 83' lang='lat' dir='ltr'>completos,</span> <span class='ocrx_word' id='word_1_136' title='bbox 910 1139 1078 1170; x_wconf 83' lang='lat' dir='ltr'>annuatim</span> <span class='ocrx_word' id='word_1_137' title='bbox 1099 1142 1288 1180; x_wconf 85' lang='lat' dir='ltr'>percepturo</span> <span class='ocrx_word' id='word_1_138' title='bbox 1315 1139 1425 1170; x_wconf 89' lang='lat' dir='ltr'>decem</span> 
     </span>
     <span class='ocr_line' id='line_1_26' title="bbox 371 1188 1424 1230; baseline -0.001 -10"><span class='ocrx_word' id='word_1_139' title='bbox 371 1199 494 1220; x_wconf 85' lang='lat' dir='ltr'>marcas</span> <span class='ocrx_word' id='word_1_140' title='bbox 517 1189 556 1220; x_wconf 89' lang='lat' dir='ltr'>de</span> <span class='ocrx_word' id='word_1_141' title='bbox 579 1189 679 1220; x_wconf 88' lang='lat' dir='ltr'>firmis</span> <span class='ocrx_word' id='word_1_142' title='bbox 702 1189 888 1230; x_wconf 85' lang='lat' dir='ltr'>burgalibus</span> <span class='ocrx_word' id='word_1_143' title='bbox 911 1189 988 1220; x_wconf 85' lang='lat' dir='ltr'>dicti</span> <span class='ocrx_word' id='word_1_144' title='bbox 1004 1189 1098 1230; x_wconf 86' lang='lat' dir='ltr'>burgi</span> <span class='ocrx_word' id='word_1_145' title='bbox 1118 1199 1158 1220; x_wconf 84' lang='lat' dir='ltr'>ex</span> <span class='ocrx_word' id='word_1_146' title='bbox 1180 1189 1286 1229; x_wconf 85' lang='lat' dir='ltr'>gracia</span> <span class='ocrx_word' id='word_1_147' title='bbox 1302 1188 1424 1219; x_wconf 88' lang='lat' dir='ltr'>domini</span> 
     </span>
     <span class='ocr_line' id='line_1_27' title="bbox 371 1238 1424 1280; baseline 0.001 -11"><span class='ocrx_word' id='word_1_148' title='bbox 371 1239 453 1280; x_wconf 81' lang='lat' dir='ltr'>regis</span> <span class='ocrx_word' id='word_1_149' title='bbox 476 1241 508 1269; x_wconf 81' lang='lat' dir='ltr'>et</span> <span class='ocrx_word' id='word_1_150' title='bbox 524 1239 778 1270; x_wconf 80' lang='lat' dir='ltr'>consideracione</span> <span class='ocrx_word' id='word_1_151' title='bbox 802 1239 993 1276; x_wconf 83' lang='lat' dir='ltr'>auditorum,</span> <span class='ocrx_word' id='word_1_152' title='bbox 1008 1238 1161 1270; x_wconf 87' lang='lat' dir='ltr'>videlicet</span> <span class='ocrx_word' id='word_1_153' title='bbox 1176 1238 1424 1270; x_wconf 89' lang='lat' dir='ltr'>reverendorum</span> 
     </span>
     <span class='ocr_line' id='line_1_28' title="bbox 371 1288 1424 1330; baseline 0 -11"><span class='ocrx_word' id='word_1_154' title='bbox 371 1289 405 1319; x_wconf 88' lang='lat' dir='ltr'>in</span> <span class='ocrx_word' id='word_1_155' title='bbox 440 1288 568 1320; x_wconf 86' lang='lat' dir='ltr'>Christo</span> <span class='ocrx_word' id='word_1_156' title='bbox 597 1292 733 1330; x_wconf 85' lang='lat' dir='ltr'>-patrum</span> <span class='ocrx_word' id='word_1_157' title='bbox 760 1289 783 1320; x_wconf 85' lang='lat' dir='ltr'><strong>J</strong></span> <span class='ocrx_word' id='word_1_158' title='bbox 785 1289 874 1320; x_wconf 87' lang='lat' dir='ltr'>acobi</span> <span class='ocrx_word' id='word_1_159' title='bbox 913 1291 945 1320; x_wconf 85' lang='lat' dir='ltr'>et</span> <span class='ocrx_word' id='word_1_160' title='bbox 980 1288 1110 1320; x_wconf 86' lang='lat' dir='ltr'>Andree</span> <span class='ocrx_word' id='word_1_161' title='bbox 1137 1288 1373 1319; x_wconf 85' lang='lat' dir='ltr'>Sanctiandree·</span> <span class='ocrx_word' id='word_1_162' title='bbox 1392 1291 1424 1319; x_wconf 85' lang='lat' dir='ltr'>et</span> 
     </span>
     <span class='ocr_line' id='line_1_29' title="bbox 373 1338 1424 1379; baseline 0 -11"><span class='ocrx_word' id='word_1_163' title='bbox 373 1338 581 1378; x_wconf 83' lang='lat' dir='ltr'>Glasguensis</span> <span class='ocrx_word' id='word_1_164' title='bbox 608 1339 836 1379; x_wconf 83' lang='lat' dir='ltr'>episcoporum,</span> <span class='ocrx_word' id='word_1_165' title='bbox 867 1338 1060 1369; x_wconf 84' lang='lat' dir='ltr'>venerabilis</span> <span class='ocrx_word' id='word_1_166' title='bbox 1099 1338 1134 1368; x_wconf 88' lang='lat' dir='ltr'>in</span> <span class='ocrx_word' id='word_1_167' title='bbox 1169 1338 1297 1369; x_wconf 84' lang='lat' dir='ltr'>Christo</span> <span class='ocrx_word' id='word_1_168' title='bbox 1323 1338 1424 1378; x_wconf 86' lang='lat' dir='ltr'>patris</span> 
     </span>
     <span class='ocr_line' id='line_1_30' title="bbox 371 1387 1423 1425; baseline 0 -7"><span class='ocrx_word' id='word_1_169' title='bbox 371 1387 562 1418; x_wconf 85' lang='lat' dir='ltr'>Archibaldi</span> <span class='ocrx_word' id='word_1_170' title='bbox 573 1388 696 1419; x_wconf 82' lang='lat' dir='ltr'>abbatis</span> <span class='ocrx_word' id='word_1_171' title='bbox 708 1388 823 1419; x_wconf 84' lang='lat' dir='ltr'>Sancte</span> <span class='ocrx_word' id='word_1_172' title='bbox 835 1388 954 1425; x_wconf 82' lang='lat' dir='ltr'>Crucis,</span> <span class='ocrx_word' id='word_1_173' title='bbox 965 1387 1122 1419; x_wconf 84' lang='lat' dir='ltr'>nobilium</span> <span class='ocrx_word' id='word_1_174' title='bbox 1134 1387 1284 1424; x_wconf 83' lang='lat' dir='ltr'>virorum,</span> <span class='ocrx_word' id='word_1_175' title='bbox 1293 1387 1423 1418; x_wconf 76' lang='lat' dir='ltr'>Andr-ee</span> 
     </span>
     <span class='ocr_line' id='line_1_31' title="bbox 372 1437 1424 1475; baseline 0.001 -8"><span class='ocrx_word' id='word_1_176' title='bbox 372 1437 494 1467; x_wconf 86' lang='lat' dir='ltr'>domini</span> <span class='ocrx_word' id='word_1_177' title='bbox 520 1437 698 1475; x_wconf 81' lang='lat' dir='ltr'>Avandale,</span> <span class='ocrx_word' id='word_1_178' title='bbox 729 1437 911 1469; x_wconf 84' lang='lat' dir='ltr'>cancellarii</span> <span class='ocrx_word' id='word_1_179' title='bbox 947 1437 1063 1474; x_wconf 79' lang='lat' dir='ltr'>Scocie,</span> <span class='ocrx_word' id='word_1_180' title='bbox 1088 1437 1194 1469; x_wconf 85' lang='lat' dir='ltr'>Colini</span> <span class='ocrx_word' id='word_1_181' title='bbox 1232 1438 1357 1469; x_wconf 85' lang='lat' dir='ltr'>comitis</span> <span class='ocrx_word' id='word_1_182' title='bbox 1384 1437 1424 1468; x_wconf 90' lang='lat' dir='ltr'>de</span> 
     </span>
     <span class='ocr_line' id='line_1_32' title="bbox 371 1486 1423 1527; baseline 0.001 -11"><span class='ocrx_word' id='word_1_183' title='bbox 371 1486 486 1527; x_wconf 79' lang='lat' dir='ltr'>Ergile,</span> <span class='ocrx_word' id='word_1_184' title='bbox 502 1486 681 1517; x_wconf 80' lang='lat' dir='ltr'>Alexandri</span> <span class='ocrx_word' id='word_1_185' title='bbox 704 1486 795 1527; x_wconf 80' lang='lat' dir='ltr'>Boyd</span> <span class='ocrx_word' id='word_1_186' title='bbox 812 1487 851 1517; x_wconf 91' lang='lat' dir='ltr'>de</span> <span class='ocrx_word' id='word_1_187' title='bbox 873 1486 1051 1524; x_wconf 85' lang='lat' dir='ltr'>Drumcoll,</span> <span class='ocrx_word' id='word_1_188' title='bbox 1074 1486 1233 1518; x_wconf 82' lang='lat' dir='ltr'>Johannis</span> <span class='ocrx_word' id='word_1_189' title='bbox 1251 1486 1423 1527; x_wconf 87' lang='lat' dir='ltr'>Culquhon</span> 
     </span>
     <span class='ocr_line' id='line_1_33' title="bbox 371 1534 1422 1573; baseline 0.001 -8"><span class='ocrx_word' id='word_1_190' title='bbox 371 1535 410 1566; x_wconf 88' lang='lat' dir='ltr'>de</span> <span class='ocrx_word' id='word_1_191' title='bbox 426 1536 499 1573; x_wconf 89' lang='lat' dir='ltr'>Lus,</span> <span class='ocrx_word' id='word_1_192' title='bbox 515 1535 664 1572; x_wconf 79' lang='lat' dir='ltr'>militum,</span> <span class='ocrx_word' id='word_1_193' title='bbox 681 1538 714 1566; x_wconf 82' lang='lat' dir='ltr'>et</span> <span class='ocrx_word' id='word_1_194' title='bbox 729 1535 864 1566; x_wconf 83' lang='lat' dir='ltr'>aliorum</span> <span class='ocrx_word' id='word_1_195' title='bbox 884 1534 1068 1566; x_wconf 85' lang='lat' dir='ltr'>auditorum</span> <span class='ocrx_word' id='word_1_196' title='bbox 1092 1535 1208 1566; x_wconf 76' lang='lat' dir='ltr'>cotidie</span> <span class='ocrx_word' id='word_1_197' title='bbox 1229 1535 1422 1573; x_wconf 79' lang='lat' dir='ltr'>sedenoium,</span> 
     </span>
     <span class='ocr_line' id='line_1_34' title="bbox 370 1584 1422 1625; baseline 0.001 -10"><span class='ocrx_word' id='word_1_198' title='bbox 370 1585 501 1616; x_wconf 81' lang='lat' dir='ltr'>domino</span> <span class='ocrx_word' id='word_1_199' title='bbox 545 1585 694 1616; x_wconf 77' lang='lat' dir='ltr'>Johanne</span> <span class='ocrx_word' id='word_1_200' title='bbox 732 1585 873 1622; x_wconf 84' lang='lat' dir='ltr'>Roberti,</span> <span class='ocrx_word' id='word_1_201' title='bbox 914 1584 1079 1625; x_wconf 84' lang='lat' dir='ltr'>capellano</span> <span class='ocrx_word' id='word_1_202' title='bbox 1117 1585 1269 1625; x_wconf 83' lang='lat' dir='ltr'>ejusdem,</span> <span class='ocrx_word' id='word_1_203' title='bbox 1300 1585 1422 1617; x_wconf 84' lang='lat' dir='ltr'>fatente</span> 
     </span>
     <span class='ocr_line' id='line_1_35' title="bbox 370 1634 1421 1676; baseline 0 -10"><span class='ocrx_word' id='word_1_204' title='bbox 370 1635 565 1666; x_wconf 84' lang='lat' dir='ltr'>solucionem</span> <span class='ocrx_word' id='word_1_205' title='bbox 582 1645 677 1676; x_wconf 87' lang='lat' dir='ltr'>super</span> <span class='ocrx_word' id='word_1_206' title='bbox 692 1637 880 1675; x_wconf 86' lang='lat' dir='ltr'>computum</span> <span class='ocrx_word' id='word_1_207' title='bbox 895 1634 934 1665; x_wconf 86' lang='lat' dir='ltr'>de</span> <span class='ocrx_word' id='word_1_208' title='bbox 950 1634 1092 1674; x_wconf 88' lang='lat' dir='ltr'>quinque</span> <span class='ocrx_word' id='word_1_209' title='bbox 1114 1634 1207 1665; x_wconf 83' lang='lat' dir='ltr'>annis</span> <span class='ocrx_word' id='word_1_210' title='bbox 1223 1634 1320 1675; x_wconf 86' lang='lat' dir='ltr'>hujus</span> <span class='ocrx_word' id='word_1_211' title='bbox 1336 1645 1421 1666; x_wconf 90' lang='lat' dir='ltr'>com-</span> 
     </span>
     <span class='ocr_line' id='line_1_36' title="bbox 370 1683 1421 1725; baseline 0.002 -11"><span class='ocrx_word' id='word_1_212' title='bbox 370 1685 442 1725; x_wconf 81' lang='lat' dir='ltr'>puti</span> <span class='ocrx_word' id='word_1_213' title='bbox 457 1688 489 1716; x_wconf 83' lang='lat' dir='ltr'>et</span> <span class='ocrx_word' id='word_1_214' title='bbox 511 1685 614 1716; x_wconf 84' lang='lat' dir='ltr'>tribus</span> <span class='ocrx_word' id='word_1_215' title='bbox 638 1685 730 1716; x_wconf 81' lang='lat' dir='ltr'>annis</span> <span class='ocrx_word' id='word_1_216' title='bbox 747 1683 990 1725; x_wconf 68' lang='lat' dir='ltr'>precedentibus</span> <span class='ocrx_word' id='word_1_217' title='bbox 1013 1683 1073 1715; x_wconf 84' lang='lat' dir='ltr'>hoc</span> <span class='ocrx_word' id='word_1_218' title='bbox 1089 1687 1285 1724; x_wconf 84' lang='lat' dir='ltr'>computum,</span> <span class='ocrx_word' id='word_1_219' title='bbox 1299 1687 1421 1725; x_wconf 82' lang='lat' dir='ltr'>protes-</span> 
     </span>
     <span class='ocr_line' id='line_1_37' title="bbox 370 1733 1422 1775; baseline 0 -10"><span class='ocrx_word' id='word_1_220' title='bbox 370 1738 482 1766; x_wconf 82' lang='lat' dir='ltr'>tantur</span> <span class='ocrx_word' id='word_1_221' title='bbox 518 1737 626 1766; x_wconf 84' lang='lat' dir='ltr'>tamen</span> <span class='ocrx_word' id='word_1_222' title='bbox 671 1734 751 1765; x_wconf 83' lang='lat' dir='ltr'>dieti</span> <span class='ocrx_word' id='word_1_223' title='bbox 787 1733 910 1765; x_wconf 86' lang='lat' dir='ltr'>domini</span> <span class='ocrx_word' id='word_1_224' title='bbox 948 1733 1108 1765; x_wconf 75' lang='lat' dir='ltr'>auditores</span> <span class='ocrx_word' id='word_1_225' title='bbox 1151 1733 1238 1774; x_wconf 85' lang='lat' dir='ltr'>quod</span> <span class='ocrx_word' id='word_1_226' title='bbox 1280 1734 1422 1775; x_wconf 84' lang='lat' dir='ltr'>predicte</span> 
     </span>
    </p>
   </div>
   <div class='ocr_carea' id='block_1_8' title="bbox 370 1783 1462 1877">
    <p class='ocr_par' dir='ltr' id='par_1_10' title="bbox 370 1783 1462 1877">
     <span class='ocr_line' id='line_1_38' title="bbox 371 1783 1462 1824; baseline -0.001 -9"><span class='ocrx_word' id='word_1_227' title='bbox 371 1783 522 1815; x_wconf 82' lang='lat' dir='ltr'>allocacio</span> <span class='ocrx_word' id='word_1_228' title='bbox 545 1788 577 1815; x_wconf 85' lang='lat' dir='ltr'>et</span> <span class='ocrx_word' id='word_1_229' title='bbox 600 1783 770 1815; x_wconf 87' lang='lat' dir='ltr'>elemosine</span> <span class='ocrx_word' id='word_1_230' title='bbox 794 1793 900 1814; x_wconf 86' lang='lat' dir='ltr'>annue</span> <span class='ocrx_word' id='word_1_231' title='bbox 922 1783 1088 1824; x_wconf 79' lang='lat' dir='ltr'>percepcio</span> <span class='ocrx_word' id='word_1_232' title='bbox 1106 1783 1229 1814; x_wconf 85' lang='lat' dir='ltr'>dictum</span> <span class='ocrx_word' id='word_1_233' title='bbox 1255 1783 1422 1815; x_wconf 83' lang='lat' dir='ltr'>dominum</span> <span class='ocrx_word' id='word_1_234' title='bbox 1460 1818 1462 1821; x_wconf 21' lang='lat' dir='ltr'>v</span> 
     </span>
     <span class='ocr_line' id='line_1_39' title="bbox 370 1833 1450 1877; baseline 0 -13"><span class='ocrx_word' id='word_1_235' title='bbox 370 1843 476 1875; x_wconf 84' lang='lat' dir='ltr'>regem</span> <span class='ocrx_word' id='word_1_236' title='bbox 499 1836 531 1864; x_wconf 79' lang='lat' dir='ltr'>et</span> <span class='ocrx_word' id='word_1_237' title='bbox 554 1843 627 1865; x_wconf 85' lang='lat' dir='ltr'>suos</span> <span class='ocrx_word' id='word_1_238' title='bbox 655 1843 850 1865; x_wconf 86' lang='lat' dir='ltr'>successores</span> <span class='ocrx_word' id='word_1_239' title='bbox 878 1833 955 1864; x_wconf 88' lang='lat' dir='ltr'>dum</span> <span class='ocrx_word' id='word_1_240' title='bbox 979 1833 1018 1864; x_wconf 91' lang='lat' dir='ltr'>ad</span> <span class='ocrx_word' id='word_1_241' title='bbox 1043 1833 1162 1864; x_wconf 88' lang='lat' dir='ltr'>dictam</span> <span class='ocrx_word' id='word_1_242' title='bbox 1185 1837 1304 1865; x_wconf 85' lang='lat' dir='ltr'>etatem</span> <span class='ocrx_word' id='word_1_243' title='bbox 1327 1834 1420 1875; x_wconf 88' lang='lat' dir='ltr'>quin-</span> <span class='ocrx_word' id='word_1_244' title='bbox 1442 1874 1450 1877; x_wconf 17' lang='grc' dir='ltr'>χ</span> 
     </span>
    </p>
   </div>
   <div class='ocr_carea' id='block_1_9' title="bbox 370 1883 1420 2022">
    <p class='ocr_par' dir='ltr' id='par_1_11' title="bbox 370 1883 1420 2022">
     <span class='ocr_line' id='line_1_40' title="bbox 370 1883 1420 1924; baseline 0.002 -11"><span class='ocrx_word' id='word_1_245' title='bbox 370 1883 473 1914; x_wconf 82' lang='lat' dir='ltr'>decim</span> <span class='ocrx_word' id='word_1_246' title='bbox 499 1893 656 1914; x_wconf 86' lang='lat' dir='ltr'>annorum</span> <span class='ocrx_word' id='word_1_247' title='bbox 686 1884 757 1914; x_wconf 88' lang='lat' dir='ltr'>Deo</span> <span class='ocrx_word' id='word_1_248' title='bbox 784 1883 880 1914; x_wconf 82' lang='lat' dir='ltr'>dante</span> <span class='ocrx_word' id='word_1_249' title='bbox 907 1883 1098 1924; x_wconf 85' lang='lat' dir='ltr'>pervenerit,</span> <span class='ocrx_word' id='word_1_250' title='bbox 1123 1893 1187 1914; x_wconf 85' lang='lat' dir='ltr'>non</span> <span class='ocrx_word' id='word_1_251' title='bbox 1213 1883 1420 1924; x_wconf 84' lang='lat' dir='ltr'>prejudicare,</span> 
     </span>
     <span class='ocr_line' id='line_1_41' title="bbox 370 1932 1419 1974; baseline 0.003 -12"><span class='ocrx_word' id='word_1_252' title='bbox 370 1932 416 1973; x_wconf 82' lang='lat' dir='ltr'>liij</span> <span class='ocrx_word' id='word_1_253' title='bbox 441 1933 472 1964; x_wconf 77' lang='lat' dir='ltr'>li.</span> <span class='ocrx_word' id='word_1_254' title='bbox 497 1933 528 1973; x_wconf 89' lang='lat' dir='ltr'>vj</span> <span class='ocrx_word' id='word_1_255' title='bbox 556 1937 579 1964; x_wconf 70' lang='grc' dir='ltr'>Ξ.</span> <span class='ocrx_word' id='word_1_256' title='bbox 603 1933 658 1974; x_wconf 86' lang='lat' dir='ltr'>viij</span> <span class='ocrx_word' id='word_1_257' title='bbox 685 1932 716 1963; x_wconf 76' lang='lat' dir='ltr'>d.</span> <span class='ocrx_word' id='word_1_258' title='bbox 765 1932 824 1973; x_wconf 82' lang='lat' dir='ltr'>[To</span> <span class='ocrx_word' id='word_1_259' title='bbox 841 1933 1018 1970; x_wconf 68' lang='lat' dir='ltr'>Treaszcrcr,</span> <span class='ocrx_word' id='word_1_260' title='bbox 1048 1933 1099 1970; x_wconf 62' lang='lat' dir='ltr'>Ad.</span> <span class='ocrx_word' id='word_1_261' title='bbox 1154 1933 1243 1970; x_wconf 80' lang='lat' dir='ltr'>Sum,</span> <span class='ocrx_word' id='word_1_262' title='bbox 1268 1934 1346 1965; x_wconf 60' lang='lat'><strong><em>,4⁰63</em></strong></span> <span class='ocrx_word' id='word_1_263' title='bbox 1361 1933 1419 1974; x_wconf 81' lang='lat' dir='ltr'>7s.]</span> 
     </span>
     <span class='ocr_line' id='line_1_42' title="bbox 371 1982 577 2022; baseline 0 -9"><span class='ocrx_word' id='word_1_264' title='bbox 371 1983 413 2013; x_wconf 85' lang='lat' dir='ltr'>Et</span> <span class='ocrx_word' id='word_1_265' title='bbox 429 1982 474 2013; x_wconf 86' lang='lat' dir='ltr'>sic</span> <span class='ocrx_word' id='word_1_266' title='bbox 491 1992 577 2022; x_wconf 85' lang='lat' dir='ltr'>eque.</span> 
     </span>
    </p>
   </div>
   <div class='ocr_carea' id='block_1_10' title="bbox 372 2079 1419 2220">
    <p class='ocr_par' dir='ltr' id='par_1_12' title="bbox 372 2079 1419 2220">
     <span class='ocr_line' id='line_1_43' title="bbox 415 2079 1419 2121; baseline 0 -10"><span class='ocrx_word' id='word_1_267' title='bbox 415 2080 611 2121; x_wconf 85' lang='lat' dir='ltr'>Computum</span> <span class='ocrx_word' id='word_1_268' title='bbox 626 2079 819 2111; x_wconf 82' lang='lat' dir='ltr'>ballivorum</span> <span class='ocrx_word' id='word_1_269' title='bbox 843 2080 935 2121; x_wconf 80' lang='lat' dir='ltr'>burgi</span> <span class='ocrx_word' id='word_1_270' title='bbox 959 2080 998 2111; x_wconf 88' lang='lat' dir='ltr'>de</span> <span class='ocrx_word' id='word_1_271' title='bbox 1023 2079 1142 2118; x_wconf 83' lang='lat' dir='ltr'>Carale,</span> <span class='ocrx_word' id='word_1_272' title='bbox 1157 2080 1317 2112; x_wconf 78' lang='lat' dir='ltr'>redditum</span> <span class='ocrx_word' id='word_1_273' title='bbox 1334 2080 1419 2121; x_wconf 83' lang='lat' dir='ltr'>apud</span> 
     </span>
     <span class='ocr_line' id='line_1_44' title="bbox 372 2129 1419 2170; baseline 0 -9"><span class='ocrx_word' id='word_1_274' title='bbox 372 2130 472 2161; x_wconf 82' lang='lat' dir='ltr'>Perth</span> <span class='ocrx_word' id='word_1_275' title='bbox 488 2140 545 2170; x_wconf 86' lang='lat' dir='ltr'>per</span> <span class='ocrx_word' id='word_1_276' title='bbox 556 2129 759 2161; x_wconf 60' lang='lat' dir='ltr'>WVillelmum</span> <span class='ocrx_word' id='word_1_277' title='bbox 772 2130 811 2161; x_wconf 88' lang='lat' dir='ltr'>de</span> <span class='ocrx_word' id='word_1_278' title='bbox 828 2129 995 2170; x_wconf 87' lang='lat' dir='ltr'>Balcolmy</span> <span class='ocrx_word' id='word_1_279' title='bbox 1007 2132 1039 2160; x_wconf 83' lang='lat' dir='ltr'>et</span> <span class='ocrx_word' id='word_1_280' title='bbox 1050 2129 1252 2161; x_wconf 86' lang='lat' dir='ltr'>Willelmum</span> <span class='ocrx_word' id='word_1_281' title='bbox 1265 2130 1419 2167; x_wconf 70' lang='lat' dir='ltr'>Simsone,</span> 
     </span>
     <span class='ocr_line' id='line_1_45' title="bbox 372 2179 1181 2220; baseline 0 -10"><span class='ocrx_word' id='word_1_282' title='bbox 372 2180 429 2220; x_wconf 50' lang='grc' dir='ltr'><strong><em>[ἕρ-2</em></strong></span> <span class='ocrx_word' id='word_1_283' title='bbox 444 2180 529 2210; x_wconf 78' lang='lat' dir='ltr'>June</span> <span class='ocrx_word' id='word_1_284' title='bbox 545 2179 640 2217; x_wconf 77' lang='grc'><em>1464,</em></span> <span class='ocrx_word' id='word_1_285' title='bbox 659 2180 747 2220; x_wconf 73' lang='lat' dir='ltr'>from</span> <span class='ocrx_word' id='word_1_286' title='bbox 764 2179 806 2210; x_wconf 73' lang='lat'>31</span> <span class='ocrx_word' id='word_1_287' title='bbox 823 2179 902 2220; x_wconf 78' lang='lat' dir='ltr'>July</span> <span class='ocrx_word' id='word_1_288' title='bbox 917 2180 1005 2217; x_wconf 70' lang='lat'>1460</span> <span class='ocrx_word' id='word_1_289' title='bbox 1015 2190 1027 2217; x_wconf 91' lang='lat'><em>;</em></span> <span class='ocrx_word' id='word_1_290' title='bbox 1050 2180 1071 2218; x_wconf 93' lang='grc'><em>4</em></span> <span class='ocrx_word' id='word_1_291' title='bbox 1086 2190 1181 2220; x_wconf 76' lang='lat' dir='ltr'>years.</span> 
     </span>
    </p>
   </div>
   <div class='ocr_carea' id='block_1_11' title="bbox 1539 370 1551 819">
    <p class='ocr_par' dir='ltr' id='par_1_13' title="bbox 1539 370 1551 819">
     <span class='ocr_line' id='line_1_46' title="bbox 1539 370 1551 495; baseline 0 -8"><span class='ocrx_word' id='word_1_292' title='bbox 1539 370 1551 495; x_wconf 93' lang='lat'>3</span> 
     </span>
     <span class='ocr_line' id='line_1_47' title="bbox 1539 498 1551 579; baseline 0 0"><span class='ocrx_word' id='word_1_293' title='bbox 1539 498 1551 579; x_wconf 59' lang='grc' dir='ltr'>Ξ</span> 
     </span>
     <span class='ocr_line' id='line_1_48' title="bbox 1541 579 1551 656; baseline 0 -37"><span class='ocrx_word' id='word_1_294' title='bbox 1541 579 1551 656; x_wconf 75' lang='lat'>3</span> 
     </span>
     <span class='ocr_line' id='line_1_49' title="bbox 1540 687 1551 819; baseline 0 0"><span class='ocrx_word' id='word_1_295' title='bbox 1540 687 1551 819; x_wconf 71' lang='grc' dir='ltr'>Ξ</span> 
     </span>
    </p>
   </div>
   <div class='ocr_carea' id='block_1_12' title="bbox 1537 891 1551 923">
    <p class='ocr_par' dir='ltr' id='par_1_14' title="bbox 1537 891 1551 923">
     <span class='ocr_line' id='line_1_50' title="bbox 1537 891 1551 923; baseline 0 0"><span class='ocrx_word' id='word_1_296' title='bbox 1537 891 1551 923; x_wconf 65' lang='lat'>⁵⁴.</span> 
     </span>
    </p>
   </div>
   <div class='ocr_carea' id='block_1_13' title="bbox 1547 1012 1551 1041">
    <p class='ocr_par' dir='ltr' id='par_1_15' title="bbox 1547 1012 1551 1041">
     <span class='ocr_line' id='line_1_51' title="bbox 1547 1012 1551 1041; baseline 0 0"><span class='ocrx_word' id='word_1_297' title='bbox 1547 1012 1551 1041; x_wconf 67' lang='lat' dir='ltr'>i</span> 
     </span>
    </p>
   </div>
  </div>
 </body>
</html>
