1551 2462
378 350 438 378 486
689 347 855 379 ROTULI
879 347 1116 379 SOACCARII
1263 341 1271 343 ”
1340 348 1431 378 1467.

340 470 345 472 c
377 440 440 471 sibi
457 440 497 471 ad
513 443 631 472 etatem
646 440 729 482 regis
753 440 937 481 quindecim
953 451 1112 472 annorum
1133 451 1190 482 per
1206 443 1324 472 cartam
1341 450 1434 472 suam

377 490 437 521 sub
468 501 583 531 magno
613 490 718 531 sigillo
749 490 827 521 alias
858 501 954 531 super
984 494 1171 532 computum
1201 493 1370 527 ostensam,
1393 490 1433 521 de

378 543 515 581 quatuor
530 540 642 581 primis
667 540 813 571 terminis
836 540 933 581 hujus
956 540 1108 581 computi,
1123 551 1168 571 xx
1183 540 1215 571 li.
1261 540 1304 571 Et
1319 539 1432 577 eidem,

377 600 434 631 per
448 590 674 622 liberacionem
697 591 816 621 factam
839 590 948 621 David
971 590 1149 633 Rudemen,
1165 590 1293 628 cursori,
1308 593 1430 621 transe-

377 640 450 671 unti
480 640 516 671 in
550 641 670 682 Anglia
694 643 769 671 ante
795 640 1021 671 ambassiatam
1050 640 1133 681 regis
1163 650 1220 681 pro
1249 639 1431 681 provisione

377 689 532 727 facienda,
548 690 587 721 de
603 690 754 721 mandato
766 689 968 721 dominorum
979 689 1116 726 concilii,
1126 700 1165 721 ex
1176 689 1431 720 consideracione

377 739 568 777 auditorum,
616 751 661 771 xx
701 744 723 771 s.
791 740 834 770 Et
878 739 1044 770 Fratribus
1088 739 1345 770 Predicatoribus
1391 738 1431 770 de

377 790 560 831 Striveling,
575 790 827 831 precipientibus
851 789 1021 820 annuatim
1043 788 1154 820 decem
1168 789 1266 820 libras
1283 789 1322 820 de
1336 788 1431 820 terris

375 839 415 870 de
445 840 526 871 Row
556 840 639 870 infra
670 839 848 870 dominium
871 838 919 870 de*
934 838 1085 870 Menteth
1113 849 1153 870 ex
1177 838 1352 870 elemosina
1378 838 1430 879 pie

375 889 527 920 memorie
542 889 656 920 Jacobi
672 889 754 930 regis
777 888 919 926 secundi,
946 892 984 919 ut
1009 891 1099 929 patet
1123 889 1157 919 in
1184 889 1298 919 rotulis
1322 898 1430 929 prece-

332 954 336 957 «
374 939 534 975 dentibus,
551 938 589 969 de
606 942 729 979 septem
750 938 897 969 terminis
919 938 1015 979 hujus
1039 939 1182 979 computi
1205 938 1265 969 sub
1287 937 1429 978 periculo

375 988 596 1028 compet-antis,
624 998 713 1018 mv
737 987 770 1019 fi.
815 988 857 1018 Et
881 988 994 1026 eidem,
1020 988 1059 1019 de
1086 988 1186 1020 firmis
1210 991 1366 1019 terrarum
1390 988 1429 1019 de

376 1038 501 1069 Offrens
522 1037 561 1069 de
585 1037 808 1079 Schirgartane
831 1047 905 1068 cum
929 1037 1045 1078 quibus
1069 1042 1258 1079 computans
1281 1037 1429 1078 superius

373 1093 532 1127 oneratur,
548 1089 582 1120 in
599 1089 747 1120 manibus
771 1088 843 1120 Ade
866 1088 1005 1120 Cosoure
1028 1099 1084 1130 per
1107 1093 1227 1120 cartam
1250 1089 1331 1130 regis
1354 1099 1429 1120 cum

372 1139 561 1176 reversione,
575 1139 613 1170 de
625 1138 771 1170 terminis
783 1138 880 1179 hujus
891 1139 1042 1179 computi,
1054 1139 1100 1180 iiij
1114 1139 1146 1170 fi.
1158 1139 1214 1180 xiij
1228 1143 1251 1171 s.
1264 1139 1310 1180 iiij
1324 1139 1353 1170 d.
1386 1139 1430 1170 Et

371 1189 485 1226 eidem,
496 1189 533 1220 de
545 1189 644 1219 firmis
656 1192 810 1220 terrarum
824 1189 863 1219 de
874 1189 1066 1230 Bouchople,
1077 1199 1138 1230 que
1148 1189 1269 1220 suntin
1279 1189 1428 1220 manibus

372 1238 498 1270 heredis
522 1238 684 1279 quondam
707 1238 839 1269 Roberti
862 1238 969 1279 Norry
985 1249 1024 1270 ex
1047 1239 1248 1270 concessione
1265 1239 1427 1280 quondam

370 1288 423 1329 pie
439 1289 591 1319 memorie
614 1288 636 1319 J
639 1288 730 1319 acobi
745 1288 828 1329 regis
845 1288 977 1319 secundi
993 1288 1078 1319 dicto
1102 1289 1264 1329 quondam
1288 1289 1427 1319 Roberto

370 1338 562 1369 hereditarie
578 1338 612 1369 in
629 1338 833 1369 excambium
846 1348 903 1379 pro
916 1338 1007 1369 terris
1025 1338 1063 1369 de
1079 1338 1110 1369 le
1126 1338 1226 1375 Frew,
1238 1341 1275 1369 ut
1290 1342 1380 1379 patet
1392 1338 1427 1368 in

370 1388 475 1419 rotulo
491 1388 568 1419 anni
584 1387 843 1429 quinquagesimi
859 1387 976 1428 quarti,
994 1388 1033 1419 de
1050 1388 1144 1419 annis
1159 1380 1216 1429 huj
1223 1398 1257 1419 us
1274 1389 1426 1429 computi,

369 1488 466 1518 cessis
482 1487 603 1519 Jacobo
620 1487 757 1519 Stewart
780 1497 837 1528 per
866 1487 976 1519 literas
1000 1487 1123 1518 domini
1152 1487 1235 1529 regis
1258 1487 1298 1518 de
1321 1488 1425 1519 omni·
1459 1503 1464 1508 ·
1516 1499 1519 1502 ·

369 1537 429 1568 bus
445 1537 590 1568 terminis
605 1537 703 1577 hujus
720 1537 864 1578 computi
879 1540 986 1577 preter
1001 1537 1154 1567 ultimum
1171 1541 1203 1568 et
1219 1537 1370 1578 primum,
1386 1541 1425 1569 ut

368 1590 458 1627 patet
473 1597 530 1627 per
544 1586 653 1617 literas
669 1586 814 1626 ejusdem
830 1586 890 1617 sub
908 1586 1033 1627 signeto
1051 1586 1088 1617 de
1104 1589 1261 1627 precepto,
1274 1586 1313 1617 de
1329 1586 1424 1618 dictis
1459 1595 1467 1600 '

313 1646 321 1649 “
368 1636 516 1667 terminis
533 1639 564 1667 et
580 1635 640 1667 sub
663 1635 806 1676 periculo
830 1635 1083 1676 computantis,l
1102 1635 1133 1666 n
1179 1635 1222 1665 Et
1237 1635 1348 1673 eidem,
1365 1646 1424 1677 per
1444 1637 1448 1640 ’

368 1686 564 1717 solucionem
580 1685 699 1716 factam
709 1685 731 1716 J
733 1684 853 1716 ohanni
869 1684 898 1716 le
912 1685 1061 1722 Graham,
1073 1685 1138 1716 filio
1151 1684 1280 1716 Malisei
1296 1686 1422 1717 comitiis

367 1736 407 1767 de
423 1735 582 1772 Menteth,
598 1745 654 1776 pro
671 1734 762 1766 feodo
778 1745 835 1766 suo
851 1734 890 1765 de
906 1734 1007 1765 tribus
1024 1734 1147 1765 ultimis
1163 1734 1308 1775 terminis
1325 1735 1422 1776 hujus

367 1786 519 1827 computi,
544 1785 583 1816 de
614 1784 765 1815 mandato
790 1784 912 1815 domini
938 1783 1030 1825 regis,
1053 1786 1091 1814 ut
1112 1787 1202 1824 patet
1229 1793 1287 1824 per
1311 1784 1420 1816 literas

367 1836 510 1877 ejusdem
526 1835 586 1866 sub
596 1835 719 1875 signeto
735 1837 877 1865 ostensas
888 1844 983 1875 super
998 1838 1184 1874 computum
1198 1839 1230 1864 et
1240 1833 1299 1864 sub
1310 1833 1420 1866 eodem

366 1885 518 1926 periculo,
533 1895 578 1915 xx
599 1884 632 1915 fi.
678 1884 721 1915 Et
738 1884 850 1921 eidem,
873 1894 931 1924 per
953 1883 1148 1914 solucionem
1165 1883 1284 1914 factam
1298 1883 1322 1914 J
1323 1883 1420 1915 acobo

366 1935 567 1967 Crechtoune
590 1934 630 1965 de
655 1933 785 1974 Carnys,
811 1933 915 1970 militi,
945 1933 979 1964 in
1006 1932 1198 1973 completam
1222 1932 1418 1964 solucionem

365 1984 482 2026 viginti
503 1984 659 2015 librarum
682 1982 745 2014 sibi
768 1986 910 2023 tempore
933 1992 997 2023 quo
1020 1988 1088 2013 erat
1110 1985 1216 2013 custos
1239 1981 1279 2013 de
1301 1982 1418 2014 Doune

364 2045 421 2075 pro
437 2033 581 2065 custodia
597 2032 740 2074 ejusdem
763 2032 952 2069 debitarum,
969 2031 1008 2062 de
1030 2031 1181 2062 mandato
1198 2030 1317 2062 domini
1335 2031 1416 2073 regis

364 2083 539 2115 literatorio
570 2083 630 2114 sub
654 2082 778 2122 signeto
805 2084 932 2112 ostenso
957 2091 1053 2121 super
1079 2083 1266 2121 computum
1293 2083 1326 2112 et
1355 2081 1415 2112 sub

364 2135 449 2165 dieto
466 2132 618 2174 periculo,
633 2142 654 2162 v
669 2131 701 2162 li.
748 2131 790 2162 Et
801 2131 913 2168 eidem,
923 2140 980 2171 per
991 2130 1206 2161 remissionem
1225 2130 1344 2161 factam
1359 2141 1416 2172 per

363 2183 530 2214 dominum
557 2191 663 2222 regem
687 2179 856 2211 Elizabeth
882 2179 988 2210 lotrici
1011 2179 1050 2210 de
1074 2179 1174 2211 firmis
1198 2183 1352 2211 terrarum
1375 2180 1414 2212 de

363 2233 532 2265 Cobilland
557 2233 596 2263 de
620 2232 718 2263 Doun
745 2231 784 2262 de
821 2231 967 2262 terminis
998 2231 1149 2272 computi,
1181 2234 1219 2261 ut
1241 2234 1330 2272 patet
1356 2242 1414 2273 per

359 2283 468 2314 literas
506 2282 628 2313 domini
665 2281 747 2322 regis
784 2281 845 2312 sub
875 2280 998 2321 signeto
1036 2284 1068 2312 et
1105 2281 1340 2322 subscripcione
1371 2281 1410 2313 de
