1551 2462
401 256 439 287 '56
711 254 875 286 ROTULI
899 254 1135 286 SCACCARII
1356 259 1448 288 1461.

399 349 481 381 callo
497 349 698 380 dominorum
727 348 809 389 regis
845 350 878 379 et
906 348 1022 388 regine,
1046 348 1086 379 ad
1112 358 1267 389 expensas
1294 348 1448 380 domicilii

399 399 580 436 eorundem,
611 409 650 429 ex
680 398 831 429 mandato
861 397 989 428 domine
1019 398 1137 438 regine,
1168 398 1299 429 custode
1328 398 1446 439 privati

398 449 493 490 sigilli
518 451 655 480 testante
678 458 773 489 super
796 451 987 488 compotum,
1010 447 1079 488 ipso
1108 448 1258 489 magistro
1281 448 1447 480 Willelmo

182 492 386 545 {fjffssfflgssssal‘
398 498 520 529 fatente
535 502 699 538 receptum
722 508 778 538 per
800 497 946 528 cedulam
969 506 1067 527 manu
1091 507 1149 528 sua
1171 497 1322 538 scriptam
1345 498 1447 529 eciam

183 551 228 574 lus.
254 539 260 550 '
397 552 558 579 ostensam
573 558 668 588 super
691 550 884 587 compotum,
899 546 944 587 xlj
962 545 993 576 n.
1010 546 1089 587 xviij
1107 551 1130 578 ἓ.
1146 547 1178 587 vj
1196 547 1234 584 ἅ,
1250 557 1306 588 pro
1329 547 1446 588 quibus

397 596 630 638 respondebit*
676 596 719 627 Et
741 596 853 633 eidem,
869 606 926 636 pro
948 606 1013 626 uno
1032 606 1114 636 equo
1136 597 1237 637 gresio
1260 600 1368 638 empto
1391 607 1448 638 per

397 649 633 688 compotantem
664 656 682 676 a
705 645 833 676 domino
863 645 1006 676 Waltero
1038 645 1180 687 Berclay,
1210 646 1383 687 capellano,
1413 649 1446 677 et

397 697 531 728 liberato
554 696 681 727 domine
704 695 821 736 regine,
836 695 882 736 iiij
897 694 931 726 fi.
949 695 992 735 xij
1010 695 1039 726 d.
1086 695 1128 726 Et
1146 695 1265 727 Thome
1282 696 1447 737 Symsone,

397 737 453 787 pFo
465 756 627 787 gressuma
643 755 700 776 sua
722 755 820 785 quam
843 744 987 775 solvebat
1009 744 1048 775 de
1064 745 1247 776 molendino
1264 745 1303 776 de
1316 746 1446 777 Uchtir-

398 796 524 837 mukty‚
546 806 583 827 eo
614 795 700 836 quod
729 805 794 825 non
825 794 953 835 gavisus
984 794 1047 825 fuit
1077 794 1161 826 dicte
1192 795 1384 833 molendino,
1405 795 1446 827 de

398 846 548 877 mandato
579 845 706 876 domine
732 845 848 885 regine,
875 844 1006 876 custode
1032 844 1150 885 privati
1180 845 1277 886 sigilli
1307 848 1446 877 testante

399 895 594 932 mandatum,
617 905 638 926 v
654 894 686 926 fi.
702 895 734 934 vj
752 898 775 925 ἓ.
799 894 854 934 viij
876 894 907 926 d.
951 894 994 924 Et
1010 894 1122 931 eidem,
1137 905 1194 935 pro
1218 894 1390 926 falcacione
1413 899 1446 927 et

397 945 576 977 lucracione
598 944 665 976 feni
680 948 842 985 pratorum
866 943 904 975 de
920 944 1084 975 Faucland
1107 947 1140 975 et
1156 944 1390 986 Uchtirmukty
1406 945 1446 977 de

396 1006 512 1036 croppo
528 995 604 1026 anni
626 994 782 1035 presentis
804 997 837 1024 et
859 993 936 1024 anni
950 993 1149 1033 precedentis
1171 993 1230 1024 hoc
1253 998 1446 1034 compotum,

397 1045 498 1086 xxxiij
516 1045 548 1076 fi.
572 1044 603 1085 vj
622 1049 644 1076 s.
667 1044 723 1085 viij
742 1043 763 1074 d
807 1043 849 1074 Et
871 1053 928 1084 per
950 1042 1146 1074 solucionem
1169 1043 1286 1074 fact-am
1309 1048 1446 1084 quatuor

396 1095 551 1136 serjandis
574 1094 814 1125 vicecomitatus
837 1093 877 1123 de
900 1092 990 1133 Fyffe
1013 1100 1069 1133 pro
1092 1092 1193 1124 feodis
1217 1093 1292 1130 suis,
1313 1093 1446 1125 cuilibet

395 1144 583 1185 percipienti
605 1144 638 1180 in
663 1150 747 1174 anno
769 1141 886 1183 viginti
907 1141 1034 1180 solidos,
1058 1141 1089 1182 vj
1106 1141 1139 1173 fi.
1162 1142 1201 1173 de
1225 1142 1319 1174 dictis
1343 1143 1446 1175 tribus

395 1193 549 1225 terminis.
595 1194 637 1224 Et
659 1203 716 1233 per
746 1191 941 1223 solucionem
964 1191 1082 1222 factam
1104 1191 1255 1232 Marjorie
1282 1192 1366 1233 Baty
1388 1203 1446 1233 pro

395 1243 539 1274 custodia
569 1242 736 1282 sexaginta
765 1250 882 1271 novem
912 1244 1087 1271 martarum
1116 1240 1244 1272 domine
1274 1241 1380 1282 regine
1409 1242 1445 1273 in

394 1293 420 1323 F
422 1292 557 1324 aucland
574 1292 716 1333 quinque
732 1290 904 1328 mensibus,
916 1290 960 1330 xij
979 1294 1001 1321 ἔ.
1047 1290 1090 1321 Et
1105 1300 1162 1330 pro
1176 1290 1382 1331 [caleeratura
1397 1291 1443 1333 et]

394 1342 596 1373 fieobotomia
618 1340 800 1377 earundem,
815 1339 882 1380 xxij
899 1339 928 1370 d.
974 1339 1016 1370 Et
1031 1349 1088 1380 per
1108 1340 1302 1371 solucionem
1326 1341 1444 1372 factam

393 1393 552 1423 Duncano
564 1392 603 1423 de
612 1390 748 1422 Dundas
761 1390 843 1421 circa
853 1389 1099 1420 conduccionem
1110 1389 1289 1430 Margarete
1299 1390 1444 1431 Anglice,

394 1441 633 1482 [commorantis
649 1450 720 1471 cum
734 1439 862 1470 domina
879 1438 994 1479 regina,
1007 1438 1100 1469 factis
1116 1438 1199 1469 circa
1214 1439 1443 1471 adduccionem

393 1491 499 1531 suam]
527 1490 567 1522 ad
596 1494 702 1531 partes
732 1488 878 1530 [Scocie],
902 1491 934 1519 et
964 1498 1020 1528 pro
1051 1488 1198 1529 expensis
1225 1489 1378 1529 ejusdem,
1404 1489 1444 1521 de

393 1540 544 1571 mandato
571 1539 698 1570 domine
728 1538 844 1579 regine,
871 1537 1001 1568 custode
1031 1538 1150 1578 privati
1180 1538 1278 1579 sigilli
1304 1541 1443 1570 testante

393 1591 590 1626 mandatum,
628 1588 694 1629 xvij
733 1587 766 1620 fi.
803 1587 848 1628 xij
881 1591 905 1618 ἓ.
965 1587 1006 1618 Et
1043 1586 1155 1624 eidem,
1193 1598 1250 1628 pro
1287 1588 1443 1620 ferratura

393 1649 547 1681 equorum
578 1638 705 1669 domine
743 1637 850 1678 regine
880 1640 913 1668 et
949 1636 1049 1677 gagiis
1080 1636 1214 1667 duorum
1248 1637 1442 1669 verlatorum

392 1689 545 1731 principis
584 1687 702 1728 Anglie
741 1686 994 1717 custodiencium
1034 1696 1132 1726 equos
1171 1686 1249 1717 dicti
1288 1686 1442 1727 principis

393 1739 513 1770 ibidem
542 1737 713 1769 tresdecim
744 1735 865 1772 diebus,
891 1735 969 1775 xviij
997 1739 1020 1766 ἓ.
1042 1735 1073 1775 vj
1102 1735 1131 1767 d.
1189 1736 1231 1766 Et
1257 1745 1313 1776 pro
1343 1736 1442 1777 gagiis

392 1789 512 1820 Thome
525 1788 729 1827 Scharparow
740 1785 935 1817 remanentis
947 1784 1065 1815 ibidem
1078 1789 1110 1816 et
1123 1785 1331 1817 custodientis
1344 1796 1442 1827 equos

392 1839 520 1870 domine
546 1837 653 1878 regine
680 1835 912 1876 quinquaginta
939 1838 1076 1875 quatuor
1105 1835 1227 1872 diebus,
1253 1836 1442 1876 percipienti

391 1889 425 1920 in
453 1888 505 1919 die
534 1891 604 1918 octo
629 1885 782 1921 denarios,
809 1883 909 1925 xxxvj
936 1889 959 1915 Ξ.
1016 1885 1057 1915 Et
1085 1884 1197 1922 eidem,
1224 1895 1280 1926 pro
1311 1889 1442 1926 pastura

391 1939 490 1969 trium
516 1936 743 1978 leporariorum
767 1934 895 1965 domine
916 1933 1024 1974 regine
1050 1934 1082 1964 in
1109 1934 1272 1966 Faucland
1297 1935 1441 1976 quinque

391 1988 504 2019 diebus
516 1990 548 2018 et
558 1996 614 2028 pro
626 1985 726 2027 gagiis
741 1983 854 2015 verleti
865 1983 1073 2014 custodientis
1084 1983 1218 2020 eosdem,
1229 1985 1288 2016 sub
1300 1985 1440 2026 periculo

392 2036 613 2078 compotantis,
640 2035 671 2075 vj
689 2039 712 2066 s.
742 2034 776 2073 iij
794 2033 822 2064 d.
868 2033 911 2064 Et
933 2032 1044 2069 eidem,
1066 2043 1122 2074 pro
1149 2044 1213 2064 uno
1236 2044 1318 2075 equo
1350 2035 1440 2076 nigro

393 2091 499 2127 empto
516 2086 555 2116 ab
571 2084 701 2116 Andrea
717 2083 755 2114 de
768 2082 900 2114 Balfour
915 2086 948 2113 et
957 2082 1091 2114 liberato
1101 2082 1229 2114 domine
1245 2084 1361 2125 regine,
1377 2095 1397 2115 v
1407 2085 1439 2116 n.

393 2138 436 2168 Et
451 2147 507 2178 pro
523 2136 604 2167 cella
626 2138 659 2166 et
682 2134 816 2175 singulis
839 2133 982 2174 ejusdem
1001 2132 1146 2164 Gilberto
1164 2134 1259 2171 fatuo,
1276 2134 1332 2175 xiij
1349 2138 1372 2166 ἒ.
1390 2135 1437 2176 iiij

490 2199 503 2210 ⁴*
514 2200 557 2223 See
570 2197 614 2222 the
625 2199 698 2229 entry
711 2196 761 2221 aud
774 2195 815 2221 the
828 2195 962 2228 preceding
973 2203 1020 2220 one
1033 2195 1058 2220 in
1072 2203 1138 2220 inore
1151 2196 1237 2225 «lemn,
1252 2204 1275 2229 p.
1293 2198 1347 2222 106.
