1551 2462
159 286 249 316 1465.
466 282 627 314 REGUM
651 281 900 314 SOOTORUM.
1141 286 1202 314 309

156 377 202 418 iiij
227 377 255 408 d.
279 376 317 408 de
329 376 429 407 firmis
451 376 588 407 duarum
610 386 755 407 acrarum
778 378 861 406 terre
885 375 969 406 dicte
992 375 1022 406 le
1045 375 1146 416 Balye
1163 376 1202 407 de

157 427 297 458 Annand
309 427 404 468 juxta
419 426 537 457 dictam
552 425 671 462 villam,
693 429 726 456 et
741 425 871 456 alterius
888 436 958 456 acre
971 425 1066 465 juxta
1082 426 1202 456 North-

157 476 223 508 feld
245 476 328 507 dicte
351 475 490 507 Precatis
513 475 605 511 Acre,
621 475 660 506 (16
683 475 802 506 eisdem
825 474 979 505 terminis.
1025 475 1067 505 Et
1086 475 1124 506 de
1141 485 1162 504 x
1178 478 1202 506 s.

157 526 196 557 de
212 525 310 557 firmis
325 528 407 556 terre
423 525 461 557 de
477 524 641 566 Brigholm
657 524 696 555 de
712 524 806 555 dictis
822 524 975 555 terminis.
1021 525 1064 554 Et
1079 524 1118 555 de
1131 525 1163 564 vj
1178 529 1200 555 s.

156 576 211 616 viij
229 575 257 606 d.
274 585 331 616 per
345 575 564 606 vendicionem
580 574 675 605 unius
691 574 776 615 paris
793 574 961 613 calcarium
977 574 1202 604 deauratorum

157 625 227 656 albe
243 625 332 656 firme
350 627 506 655 terrarum
521 623 560 654 de
577 622 780 664 Spryngkeld
796 622 834 654 de
850 623 944 654 dictis
960 623 1114 654 terminis.
1159 623 1202 653 Et

156 674 195 705 de
216 674 229 715 j
256 673 285 704 d.
313 673 384 704 albe
413 673 502 703 firme
532 676 615 704 terre
645 673 684 704 de
715 672 820 703 Erotis
851 673 1025 713 spectantis
1056 673 1202 703 Johanni

156 724 178 755 J
180 723 363 755 ohnstoune.
409 722 452 752 Et
467 721 505 753 de
517 722 530 762 j
555 721 636 752 libra
652 721 770 762 piperis
787 721 858 752 albe
873 722 964 753 firme
980 722 1115 752 duarum
1128 732 1200 762 par-

155 774 240 804 cium
255 773 293 803 de
316 771 477 803 Hallathe.
523 771 656 802 Summa
678 771 775 812 hujus
800 771 915 809 oneris,
930 772 1042 812 xxxvij
1066 771 1098 802 fi.
1113 772 1126 812 j
1143 771 1173 803 d.
1187 772 1198 812 j

155 822 236 854 libra
251 821 376 862 piperis.

196 872 288 908 Item,
298 871 383 902 idem
392 873 502 902 onerat
514 880 546 901 se
559 870 597 902 de
608 870 642 901 xl
654 874 676 902 ἓ.
689 870 727 901 (16
739 870 838 902 firmis
850 874 1006 902 terrarum
1018 870 1057 901 de
1068 870 1201 911 Holgill,

157 920 368 952 existencium
397 920 432 951 in
456 920 604 951 manibus
628 920 750 951 domini
774 920 856 961 regis
879 920 1004 951 racione
1034 920 1138 951 warde
1162 920 1201 951 de

155 970 279 1001 duobus
301 969 447 1001 terminis
470 969 566 1010 hujus
588 969 738 1010 computi.
784 970 827 1000 Et
850 969 889 1000 de
912 980 956 999 XX
979 974 1001 1000 s.
1027 969 1067 1000 de
1085 969 1201 1010 viginti

154 1019 298 1051 solidatis
313 1022 395 1050 terre
411 1019 450 1050 de
465 1018 694 1049 Litildaltoune
710 1018 877 1049 existentis
894 1018 928 1049 in
944 1019 1092 1049 manibus
1108 1019 1200 1059 regis,

155 1069 273 1100 saisina
297 1078 361 1099 non
387 1071 572 1108 recuperata
597 1068 636 1098 de
659 1067 752 1098 dictis
774 1067 928 1099 terminis.
973 1068 1015 1098 Et
1030 1067 1069 1098 de
1085 1078 1106 1098 x
1122 1072 1144 1098 s.
1161 1068 1201 1099 de

154 1118 255 1149 firmis
271 1121 428 1149 certarum
445 1127 588 1148 acrarum
605 1117 680 1148 ville
697 1117 734 1147 (16
750 1117 838 1147 Driff
850 1117 1066 1158 spectancium
1079 1117 1201 1148 heredi-

156 1217 195 1248 de
211 1217 311 1247 firmis
334 1219 417 1247 terre
443 1215 482 1247 (16
508 1215 740 1257 Tonnyrgathe,
766 1215 914 1247 similiter
940 1216 974 1246 in
998 1216 1105 1256 warda
1120 1216 1203 1247 exis-

155 1267 261 1303 tentis,
278 1266 316 1297 (16
332 1265 425 1296 dictis
440 1265 593 1296 terminis.
640 1265 771 1296 Summa
786 1264 882 1305 hujus
898 1265 1011 1302 oneris,
1029 1266 1070 1306 vij
1088 1265 1120 1297 H.
1137 1276 1158 1296 x
1179 1269 1201 1296 ἔ.

198 1316 291 1353 Item,
317 1315 402 1346 idem
429 1317 540 1346 onerat
565 1325 598 1345 se
626 1314 665 1345 de
691 1314 783 1345 lxxix
809 1314 841 1344 fi.
873 1314 912 1345 de
939 1314 1078 1346 exit-ibus
1105 1315 1202 1346 unius

154 1365 278 1396 itineris
310 1364 485 1405 justiciarie
515 1364 597 1394 tenti
622 1363 707 1394 infra
737 1363 868 1395 balliam
899 1365 1120 1404 computantis
1144 1375 1201 1405 per
1212 1345 1353 1405 Jssiieiafie.

154 1417 280 1455 tempus
297 1414 447 1454 computi.
492 1413 534 1444 Et
550 1413 588 1443 de
604 1413 650 1453 iiij
664 1413 768 1444 vaccis
784 1413 864 1453 xviij
878 1413 991 1444 ovibus
1003 1413 1041 1445 de
1053 1414 1202 1445 eschaeta

153 1463 318 1504 cujusdam
335 1463 413 1494 dicti
428 1463 582 1504 Makargo
599 1463 736 1493 convicti
759 1463 794 1493 in
810 1463 897 1493 curia
913 1464 1128 1504 computantis
1144 1474 1201 1504 per

153 1516 279 1554 tempus
303 1512 451 1553 computi.
497 1512 540 1543 Et
570 1511 609 1543 de
635 1512 648 1552 j
680 1522 762 1552 equo
792 1512 831 1542 de
862 1512 1010 1543 eschaeta
1036 1513 1199 1553 quondam

154 1562 272 1593 Thome
288 1562 327 1593 de
343 1561 488 1592 Moravia
504 1561 660 1592 submersi
672 1561 806 1602 in‘aqua
822 1561 861 1592 de
873 1561 988 1593 Lochir
996 1573 1053 1603 per
1064 1563 1202 1594 eundem

153 1621 278 1652 equum.
324 1611 454 1642 Sumina
470 1610 566 1652 hujus
582 1611 693 1648 oneris,
709 1611 802 1642 lxxix
817 1611 849 1642 ri.
866 1611 912 1652 iiij
927 1622 1021 1643 vacce
1034 1612 1112 1653 xviij
1127 1623 1201 1644 oves

150 1661 163 1701 j
189 1671 296 1701 equus.
342 1660 473 1692 Summa
496 1660 604 1691 totalis
631 1660 827 1692 oneracionis
851 1664 958 1701 preter
988 1662 1153 1703 arreragia,
1174 1661 1201 1703 j⁰

154 1710 232 1750 xxiij
248 1710 282 1742 li.
297 1720 319 1741 x
334 1714 356 1741 Ξ.
370 1710 382 1750 j
400 1709 428 1740 d.
443 1709 454 1750 j
471 1709 553 1740 libra
568 1709 694 1751 piperis.
740 1709 874 1741 Summa
885 1710 993 1741 totalis
1005 1712 1202 1742 oneracionis

153 1819 248 1840 vacce
265 1809 341 1850 xviij
359 1819 433 1840 oves
446 1809 458 1849 j
477 1818 586 1849 equus.

197 1858 343 1899 Expense
365 1858 514 1899 ejusdem.
560 1858 601 1889 In
623 1857 743 1899 primis,
767 1857 901 1889 auocat-e
924 1859 1124 1899 computanti
1146 1870 1202 1900 per

155 1907 347 1939 solucionem
363 1908 480 1939 factam
496 1918 552 1948 pro
569 1908 715 1948 expensis
732 1907 853 1938 domini
862 1907 884 1938 J
887 1907 1021 1939 ohannis
1034 1908 1150 1939 Carleil
1163 1909 1201 1940 de

156 1957 379 1995 Torthorwald‚
401 1957 523 1994 militis,
543 1957 714 1997 justiciarii
737 1956 841 1987 Vallis
864 1957 1021 1995 Anandie,
1049 1958 1142 1989 factis
1167 1958 1202 1989 in

155 2005 240 2037 dicto
255 2006 376 2043 itinere,
392 2016 529 2037 unacum
546 2006 693 2047 expensis
704 2005 891 2037 clericorum
901 2006 1078 2046 justiciarie
1088 2008 1200 2048 recipi-

155 2055 280 2087 encium
309 2055 547 2092 indictamenta,
578 2066 600 2086 x
629 2055 661 2086 ii.
700 2055 754 2095 viij
787 2059 809 2086 ἓ.
870 2055 912 2086 Et
950 2056 1034 2087 dicto
1073 2056 1201 2088 domino

155 2104 296 2136 Johanni
312 2104 437 2142 Carleil,
453 2104 618 2145 capitaneo
635 2105 730 2135 castri
751 2104 791 2135 de
813 2104 1043 2143 Lochmabane,
1058 2116 1115 2147 pro
1132 2117 1201 2138 cus-

155 2154 243 2185 todia
258 2154 409 2195 ejusdem,
424 2154 613 2195 percipienti
629 2153 795 2184 annuatim
812 2154 944 2195 triginta
961 2155 1058 2186 libras
1075 2156 1114 2187 de
1129 2167 1200 2197 pro-

157 2203 233 2244 priis
248 2203 389 2244 ejusdem
405 2203 534 2241 domini,
550 2203 618 2244 ipso
635 2203 756 2235 fatente
779 2207 942 2244 receptum
962 2214 1057 2246 super
1073 2216 1201 2247 compu-
