1551 2462
23 1523 43 1544 ἕ.

33 1546 39 1553 .

18 1591 54 1600 ⁴.

16 1609 50 1621 W„

21 1830 26 1843 ¹*
10 1734 47 1804 ‘ms-3
13 1652 46 1712 ’.-.

172 283 262 312 1465.
480 263 643 311 REGUM
667 279 915 312 SCOTORUM.
1161 286 1219 314 351

167 385 188 405 x
204 377 226 405 ἓ.
243 383 299 415 per
313 373 452 415 integras
465 373 571 405 firmas
587 373 802 405 dominiorum
820 374 858 405 de
874 374 972 415 Petty
989 377 1021 405 et
1039 374 1223 416 Brachlyne

166 423 206 455 (18
230 423 322 454 dictis
346 422 499 453 terminis.
545 423 588 453 Et
613 423 652 453 de
675 422 781 464 j⁰xxvj
809 422 840 454 n'.
867 433 911 453 xv
943 427 965 454 ἔ.
997 434 1054 464 per
1081 424 1222 465 integras

167 473 273 504 firmas
296 472 425 503 baronie
448 471 488 503 de
511 472 649 503 Lefferse
670 483 769 513 prope
793 473 947 504 Invernes
972 476 1003 504 et
1029 473 1160 505 baronie
1184 474 1223 505 de

166 521 319 553 Bonnach
335 525 367 553 et
383 521 589 553 Bonnachare
605 522 644 553 de
660 522 780 553 eisdem
793 522 946 553 terminis.
987 523 1030 553 Et
1041 522 1080 554 de
1093 523 1174 553 lxxx
1185 523 1219 554 11.

165 582 223 613 per
233 571 371 612 integras
381 570 488 602 firmas
500 570 634 602 dominii
644 571 683 602 de
694 571 881 603 Stratherne
899 571 937 602 de
953 571 1048 603 dictis
1065 573 1219 604 terminis.

167 622 210 653 Et
224 621 263 653 de
278 619 384 662 ij⁰lxix
398 620 429 651 fi.
446 620 480 661 iij
498 625 520 652 ἔ.
539 621 570 661 vj
594 620 623 652 d.
640 631 697 661 per
719 620 859 662 integras
882 621 990 652 firmas
1015 621 1223 653 baroniarum

167 671 205 703 de
221 670 352 703 Avache
375 673 407 701 et
430 670 605 701 Eddirdule
628 680 690 711 que
714 670 867 701 dicuntur
889 670 1159 702 Ardemannache
1183 671 1222 703 de

168 720 288 753 eisdem
302 720 455 752 terminis.
502 720 635 751 Summa
657 720 754 761 hujus
777 721 891 758 oneris,
904 721 1081 762 jmlxxxxvj
1102 721 1133 752 H.
1151 722 1182 762 vj
1201 726 1224 752 ἔ.

169 771 213 811 vij
230 770 258 801 d.
275 770 332 808 ob„
348 771 458 811 preter
474 779 573 811 grana
589 773 621 800 et
637 773 756 801 martas
774 773 806 801 et
822 770 891 801 8118.

212 820 305 858 Item,
321 819 406 851 idem
425 822 535 851 onerat
551 830 584 851 sc
600 820 639 851 de
651 820 706 861 xiij
725 820 756 851 fi.
772 820 838 861 xvij
857 824 879 851 ἓ.
893 820 932 851 (18
949 820 1050 852 firmis
1066 824 1225 852 terrarum

168 870 386 911 spectancium
416 870 579 910 quondam
609 870 632 901 J
635 869 755 901 ohanni
785 870 824 901 de
855 870 1021 907 Dunbrek,
1052 870 1087 901 in
1120 871 1225 902 warda

168 919 379 951 existencium
403 929 460 960 per
481 919 606 950 obitum
622 919 774 959 ejusdem,
790 919 829 950 de
846 919 949 950 tribus
965 920 1111 950 terminis
1127 920 1224 960 hujus

168 969 318 1011 computi.
364 969 406 999 Et
421 968 461 1000 de
477 979 499 998 X
514 967 545 999 n'.
563 968 602 999 de
619 968 718 999 firmis
734 972 892 999 terrarum
915 970 1044 1001 baronie
1061 970 1100 1001 de
1117 970 1224 1007 Innes,

168 1019 380 1051 existencium
403 1018 438 1049 111
459 1018 608 1049 manibus
632 1018 713 1059 regis
737 1018 776 1050 de
800 1019 937 1049 termino
961 1019 1071 1050 Sancti
1088 1019 1224 1050 Martini

167 1069 252 1100 infra
278 1068 339 1099 hoc
365 1071 561 1108 computum,
587 1068 706 1099 saisina
732 1078 797 1099 non
820 1072 1006 1109 recuperata
1031 1069 1069 1100 de
1095 1069 1223 1100 eisdem.

168 1116 211 1149 Et
234 1117 273 1149 de
294 1127 338 1148 xx
353 1116 385 1147 11.
402 1117 441 1148 (18
457 1117 575 1148 relevio
592 1117 765 1148 earundem
788 1120 944 1148 terrarum
960 1118 1027 1159 regi
1044 1117 1151 1149 debito
1167 1128 1225 1158 per

165 1167 318 1198 saisinam
333 1166 441 1197 datam
453 1166 475 1197 J
478 1166 573 1197 acobo
586 1167 684 1198 Innes
695 1167 733 1197 (18
747 1167 874 1198 eisdem.
920 1167 963 1197 Et
973 1167 1012 1198 de
1027 1167 1176 1208 lxxxxvij
1190 1168 1222 1199 11.

165 1217 197 1257 xj
215 1221 238 1248 Ξ.
255 1226 311 1257 per
326 1216 464 1257 integras
480 1215 588 1247 firmas
605 1216 741 1247 dominii
766 1216 805 1247 (18
826 1216 1048 1253 Strathnarne,
1064 1217 1099 1247 in
1116 1217 1224 1248 warda

166 1265 334 1297 existentis
349 1275 407 1306 per
422 1265 546 1296 obitum
573 1265 738 1306 quondam
762 1265 943 1297 Alexandri
970 1266 1098 1297 comitis
1125 1266 1223 1297 Crau-

152 1317 280 1357 Vfurdie,
311 1316 350 1348 de
381 1316 484 1348 tribus
508 1317 602 1348 annis
632 1317 729 1358 hujus
760 1318 912 1358 computi.
957 1318 1090 1348 Summa
1126 1317 1223 1359 hujus

167 1366 280 1404 oneris,
293 1365 365 1408 j⁰x1j
382 1366 413 1397 fi.
431 1366 487 1407 viij
506 1370 528 1397 ἒ.

213 1417 306 1454 Item,
333 1416 420 1447 idem
446 1418 557 1447 onerat
581 1426 615 1447 se
642 1416 680 1447 de
707 1415 765 1457 lvij
782 1416 814 1448 11,
832 1417 863 1457 vj
881 1420 903 1447 ἔ.
920 1416 977 1457 viij
995 1416 1023 1447 (Ῐ.
1041 1426 1098 1458 per
1113 1417 1224 1449 vendi-

170 1465 293 1498 cionem
309 1465 419 1497 decem
435 1465 616 1497 celdrarum
632 1469 664 1497 et
689 1466 857 1497 duodecim
886 1466 1045 1497 bonarum
1071 1467 1226 1498 frumenti

169 1516 209 1547 (18
224 1516 323 1546 firmis
339 1515 512 1547 comitatus
528 1515 684 1553 Moravie,
700 1516 845 1556 precium
860 1515 945 1547 holle
972 1526 1028 1547 sex
1044 1516 1138 1548 solidi
1154 1520 1225 1548 octo

169 1565 298 1597 denarii.
343 1565 386 1596 Et
410 1565 449 1596 (18
475 1564 542 1606 xlvj
560 1565 591 1596 11.
609 1565 642 1606 iij
673 1569 695 1596 ἕ.
712 1565 760 1606 iiij
778 1565 806 1595 d.
824 1576 880 1606 per
903 1566 1129 1597 vendicionem
1154 1569 1225 1597 octo

170 1615 346 1646 celdrarum
362 1615 471 1646 decem
486 1615 645 1646 bonarum
662 1618 694 1646 ct
721 1615 858 1646 duarum
885 1614 1071 1646 ferlotarum
1089 1616 1177 1647 ordei
1193 1620 1225 1648 et

170 1664 266 1695 brasii
281 1664 360 1695 dicti
375 1665 545 1695 comitatus
562 1664 600 1695 (18
613 1664 761 1695 Moravia
774 1668 806 1695 et
824 1664 967 1704 ejusdem
978 1665 1084 1705 precii.
1131 1665 1173 1696 Et
1185 1666 1224 1697 de

170 1714 259 1755 xxxij
272 1714 304 1746 11,
320 1724 377 1755 per
392 1714 615 1745 vendicionem
632 1724 689 1745 sex
706 1714 884 1745 celdrarum
902 1714 998 1745 brasii
1014 1715 1052 1745 de
1069 1715 1168 1746 firmis
1186 1715 1224 1746 de

171 1763 400 1795 Ardmannoch
426 1764 569 1805 ejusdem
594 1764 700 1805 precii.
756 1760 800 1794 Et
824 1764 863 1795 de
887 1764 944 1804 viij
977 1764 1008 1795 fi.
1038 1765 1081 1805 xij
1114 1769 1136 1796 ἔ.
1168 1775 1225 1805 per

171 1813 391 1845 vendicionem
407 1814 543 1845 duarum
559 1813 738 1845 eeldrarum
755 1816 787 1844 et
814 1813 963 1844 undecim
980 1813 1138 1844 bollarum
1161 1815 1223 1845 far-

170 1862 240 1894 rine
262 1863 426 1894 avenatice
441 1863 481 1894 de
497 1863 598 1894 firmis
614 1863 654 1894 (18
669 1862 699 1894 18
716 1863 842 1894 Η818118
868 1862 906 1894 (18
931 1863 1066 1894 Brechin
1085 1863 1123 1894 de
1139 1874 1224 1895 anno

172 1913 366 1954 sexagesimo
396 1913 503 1945 tercio.
548 1913 591 1944 Et
622 1913 661 1944 de
686 1923 708 1943 x
733 1912 765 1943 n.
792 1913 845 1953 xvj
875 1916 897 1943 Ξ.
920 1922 977 1953 per
1000 1913 1224 1944 vendicionem

169 1961 269 1993 trium
284 1962 462 1995 celdrarum
489 1962 573 1994 dicte
598 1962 717 1993 farrinc
743 1962 907 1993 avenatice
933 1961 971 1992 de
995 1961 1026 1992 18
1042 1961 1167 1993 Η818118
1184 1962 1223 1993 (18

172 2021 255 2043 anno
279 2013 601 2053 sexagesimoquarto,
616 2012 760 2052 precium
783 2011 867 2042 boHe
894 2014 1032 2052 quatuor
1058 2011 1152 2042 solidi
1167 2021 1224 2042 sex

171 2060 299 2092 denarii.
345 2062 387 2092 Et
413 2061 452 2093 de
476 2061 523 2102 iiij
550 2061 582 2092 fi.
606 2062 659 2101 xvj
687 2065 708 2092 ἔ.
726 2071 782 2101 per
809 2060 1030 2091 vendicionem
1055 2060 1223 2092 duodecim

172 2113 334 2151 petrarum
356 2111 429 2142 18118
445 2111 484 2142 (18
507 2111 608 2142 firmis
624 2111 703 2142 dicti
720 2109 846 2141 Halche
862 2109 900 2140 de
917 2109 1002 2140 dioto
1025 2119 1108 2140 anno
1132 2120 1221 2141 sexa-

170 2160 288 2201 gesimo
301 2163 421 2202 quarto.
467 2161 508 2192 Et
525 2161 564 2192 (18
591 2160 647 2201 viij
664 2159 696 2190 h'.
714 2169 770 2200 per
794 2158 1017 2190 vendicionem
1039 2160 1222 2201 octuaginta

170 2213 332 2253 petrarum
349 2210 425 2242 casii
441 2210 480 2242 de
497 2210 595 2241 firmis
623 2210 664 2241 de
689 2209 718 2241 18
746 2208 854 2240 Halch
880 2209 919 2240 (18
936 2209 1059 2241 duobus
1075 2210 1222 2241 terminis
