1551 2462
382 252 420 280 22
693 247 858 279 ROTULI
883 246 1119 279 SCACOARII
1343 249 1433 278 1460.

380 345 500 384 quarte,
525 342 613 383 xxvij
642 345 798 373 mutones.
845 341 976 372 Summa
1002 340 1111 371 totalis
1138 339 1334 371 oneracionis
1359 350 1432 371 cum

380 391 555 433 arreragiis,
571 394 620 422 vu
635 391 679 432 vij
698 395 798 422 marte
814 391 859 432 lxj
877 394 1025 421 mutones
1034 388 1050 431 ‘j
1069 394 1190 431 quarta.

424 442 573 482 Expense
600 441 751 481 ejusdem.
797 441 836 471 In
868 441 988 481 primis,
1014 440 1147 471 allocate
1175 441 1372 481 compotanti
1398 440 1432 470 in

379 491 512 532 triginta
528 491 638 521 martis
661 490 773 521 locatis
797 490 828 520 in
854 490 1032 520 lardenaria
1056 490 1094 520 de
1119 490 1277 530 Invernys
1294 489 1333 520 de
1349 499 1432 520 anno

167 550 332 580 Respondebit
380 541 529 581 compoti,
545 551 611 571 xxx
627 544 728 571 marte
745 550 818 571 cum
834 540 950 571 corriis.
989 540 1032 570 Et
1055 539 1167 577 eidem,
1182 539 1215 570 in
1229 539 1432 580 septuaginta

166 582 307 609 ⁰⁰¹¹³P⁰t³¹¹⁸
380 591 522 632 quinque
539 590 650 621 martis
666 590 778 621 locatis
795 591 828 620 in
852 590 1031 621 lardenaria
1054 589 1093 620 de
1116 589 1222 630 Elgyn
1238 590 1273 620 in
1289 589 1431 630 hospicio

166 612 332 639 compotorum

165 640 349 692 Ἐὲξέξεῖὲᾞῐο
380 641 526 681 magistri
543 640 648 671 David
672 640 816 675 Stewart,
832 639 912 670 lxxv
935 643 1036 671 marte
1060 650 1133 670 cum
1154 639 1271 676 corriis,
1288 650 1345 681 pro
1361 640 1432 680 qui-

166 699 257 722 currus.
381 690 440 721 bus
474 689 586 721 martis
616 700 690 720 cum
722 689 830 720 corriis
861 689 1065 729 respondebit
1095 693 1315 730 compotorum
1345 694 1432 720 rotu-

381 739 482 770 latori.
539 739 671 770 Summa
695 749 917 780 expensarum,
940 741 1012 770 v¹¹v
1027 742 1136 770 marte.
1191 739 1234 778 Et
1250 740 1295 771 sic
1310 742 1433 771 restant

381 790 404 830 ij
422 791 531 820 marte.

168 842 344 874 salmones,
426 839 520 875 Item,
530 838 615 869 idem
631 841 740 869 onerat
756 848 789 869 se
805 838 845 869 de
860 838 906 878 iiij
924 838 1079 869 barilibus
1092 839 1273 870 salmonum
1283 840 1433 871 restanti-

382 890 442 920 bus
458 889 492 919 in
509 892 654 929 compoto
678 899 735 919 suo
759 888 835 919 anni
859 889 990 919 Domini
1015 892 1072 921 etc.
1089 890 1433 931 quinquagesiminoni,

382 942 420 969 ut
443 941 533 979 patet
557 938 591 968 in
618 938 697 979 pede
724 938 875 979 ejusdem.
925 938 1057 970 Summa
1087 942 1183 979 patet.
1230 939 1324 976 Item,
1347 939 1433 971 idem
1548 935 1551 960 ¹

382 991 494 1019 onerat
509 998 542 1019 se
567 987 605 1018 de
622 987 723 1027 xxxiij
749 987 910 1018 barilibus
921 987 1102 1019 salmonum
1125 988 1219 1020 dictis
1243 989 1432 1030 Hamburgh
1549 961 1551 1007 l

382 1037 498 1068 barelis
514 1036 648 1077 piscarie
669 1046 751 1077 aque
767 1036 805 1067 de
826 1036 909 1077 Spey
933 1037 1009 1067 anni
1025 1037 1161 1078 predicti
1176 1039 1434 1079 quinquagesimi
1550 1043 1551 1071 1

382 1087 460 1117 noni
476 1096 514 1117 ex
532 1085 733 1117 assedacione
751 1085 835 1116 saeta
846 1086 1000 1126 perprius,
1016 1089 1053 1116 ut
1068 1090 1157 1127 patet
1172 1087 1206 1118 in
1222 1087 1345 1119 rentali.
1391 1088 1433 1118 Et
1550 1090 1551 1096 ¹

382 1136 421 1167 de
438 1136 470 1177 iij
489 1136 580 1167 lastis
605 1135 786 1166 salmonum
809 1135 993 1176 hujusmodi
1019 1136 1169 1167 barilium
1192 1138 1327 1178 piscarie
1350 1137 1433 1169 dicte

383 1196 464 1226 aque
476 1186 514 1217 de
527 1196 611 1216 anno
622 1185 754 1216 Domini
770 1188 827 1216 etc.
841 1186 1045 1226 sexagesimo,
1055 1197 1094 1217 ex
1110 1188 1313 1219 assedacione
1322 1191 1434 1229 postea

383 1236 476 1272 facta,
494 1236 594 1267 eciam
611 1239 647 1266 ut
662 1238 753 1276 patet
775 1235 808 1265 in
825 1235 948 1266 rentali.
995 1236 1037 1266 Et
1061 1236 1161 1268 nichil
1184 1237 1236 1268 hic
1252 1237 1291 1269 de
1307 1238 1433 1278 piscura

383 1285 563 1316 salmonum
580 1286 780 1326 episcopatus
797 1285 1010 1317 Moraviensis
1029 1287 1105 1316 anni
1121 1287 1286 1327 presentis,
1302 1288 1378 1329 quia
1394 1288 1433 1319 de

167 1343 307 1367 Onerandus
318 1345 355 1366 est
383 1346 515 1366 numero
540 1345 649 1366 eorum
672 1335 816 1365 nondum
840 1335 933 1376 plene
960 1335 1159 1373 informatur,
1183 1337 1237 1368 sed
1254 1338 1433 1369 onerandus

168 1376 316 1403 ⁰⁰¹¹¹P⁰t³¹³⁵'
382 1384 477 1415 estin
495 1385 639 1425 proximo
656 1387 802 1424 compoto
818 1394 875 1415 suo
899 1394 971 1414 oum
996 1385 1122 1416 eisdem.
1170 1386 1301 1418 Summa
1324 1387 1433 1418 totalis

382 1434 563 1465 salmonum
590 1443 662 1464 cum
687 1433 860 1474 arreragiis,
883 1434 914 1474 vj
941 1433 1022 1465 laste
1046 1435 1058 1475 j
1082 1435 1189 1466 barile.
1235 1435 1285 1467 De
1307 1436 1432 1477 quibus,

382 1483 517 1514 allocate
542 1483 744 1523 computanti
768 1493 825 1524 per
850 1483 1076 1515 liberacionem
1103 1484 1220 1515 factam
1246 1485 1432 1518 Alexandro

381 1533 519 1573 Napare,
553 1536 771 1573 compotorum
801 1532 976 1569 rotulatori,
1007 1534 1191 1565 transmisse
1221 1545 1277 1576 per
1307 1546 1432 1577 compo-

168 1591 333 1620 Respondebit
381 1585 505 1613 tantem
522 1585 554 1612 et
563 1581 696 1612 liberate
712 1582 797 1612 dicto
810 1586 1029 1622 compotorum
1045 1583 1210 1615 rotulatori
1224 1585 1264 1615 ad
1276 1595 1431 1623 expensas
1535 1580 1549 1618 ἶ.

167 1621 340 1673 {gffissffiffi'sm
382 1631 537 1662 domicilii
561 1631 682 1662 domini
707 1631 797 1672 regis,
821 1631 842 1672 ij
869 1631 949 1663 laste
977 1632 1022 1672 iiij
1051 1633 1164 1664 barilia
1191 1634 1369 1666 salmonum
1393 1636 1432 1667 de

383 1681 581 1722 Hamburgh,
597 1691 654 1722 pro
671 1681 786 1722 quibus
804 1682 1015 1722 respondebit.
1062 1683 1103 1714 Et
1120 1683 1231 1721 eidem,
1247 1695 1303 1725 per
1318 1685 1432 1717 libera-

382 1731 506 1762 cionem
523 1731 640 1761 factam
657 1731 760 1761 eidem
777 1734 995 1771 compotorum
1012 1732 1186 1770 rotulatori,
1202 1737 1234 1764 et
1246 1735 1432 1767 transmisse

381 1781 416 1811 in
433 1781 508 1811 navi
523 1780 631 1811 David
643 1780 763 1821 Blabyr
773 1780 806 1810 in
818 1790 900 1811 anno
914 1781 1054 1813 instante
1070 1783 1109 1813 ad
1126 1783 1252 1814 easdem
1268 1794 1432 1825 expensas,

381 1830 416 1870 iij
441 1830 521 1861 laste
543 1829 555 1870 j
585 1829 683 1860 barile
709 1829 747 1860 de
772 1829 971 1870 Hamburgh,
998 1841 1054 1871 pro
1082 1833 1198 1872 quibus
1220 1834 1431 1874 respondebit.

383 1879 515 1909 Summa
531 1888 751 1919 expensarum,
769 1888 788 1909 v
811 1878 891 1910 laste
915 1889 935 1909 v
952 1879 1072 1911 barilia.
1118 1882 1160 1912 Et
1176 1882 1221 1913 sio
1237 1885 1359 1914 restant
1374 1883 1430 1924 viij
1479 1898 1483 1901 ¹

383 1928 496 1959 barilia
512 1928 698 1959 salmonum.

168 2031 302 2072 Ballyn-
427 2025 618 2067 Compotum
656 2026 678 2057 J
681 2026 814 2057 ohannis
853 2026 1035 2067 Clephame,
1073 2029 1242 2069 receptoris
1281 2033 1313 2061 et
1351 2031 1431 2062 mari

167 2076 264 2116 creyf.
381 2075 516 2106 dominii
543 2075 582 2106 de
610 2075 824 2116 Ballynoreiff,
843 2076 1002 2107 redditum
1026 2078 1111 2118 apud
1135 2078 1323 2120 Edinburgh
1347 2080 1430 2111 vice-

380 2125 559 2156 simotercio
575 2125 626 2156 die
643 2126 761 2156 mensis
771 2126 886 2157 Marcii
902 2136 986 2157 anno
1003 2126 1132 2158 Domini
1150 2132 1206 2159 etc.
1224 2129 1429 2171 sexagesimo,

379 2174 418 2205 de
435 2175 583 2205 omnibus
605 2175 739 2216 receptis
763 2176 828 2207 suis
852 2180 884 2207 et
907 2177 1054 2216 expensis
1078 2187 1096 2208 a
1112 2178 1163 2209 die
1179 2178 1294 2209 ultimo
1310 2179 1428 2210 mensis
