1551 2462
153 997 319 1027 Respondebit

154 1030 294 1057 computans
305 1034 349 1056 pro

153 1058 214 1088 lxxij
229 1057 256 1081 ii.

154 1194 320 1230 Respondebit

154 1231 342 1278 ffliztrgggrsmsis.

156 1543 322 1574 Respondebit

157 1575 280 1597 Johannes
292 1572 357 1595 Mur-

156 1611 199 1633 ray
210 1611 253 1632 pro
263 1602 297 1632 iiij

157 1634 232 1663 equis.

369 242 408 270 10
684 237 848 269 ROTULI
875 236 1110 268 SCACCARH
1326 235 1418 264 1460.

369 335 562 373 compotum,
585 332 660 373 quia
682 334 758 362 tunc
776 331 909 362 debetur
932 333 1067 361 tantum.
1113 330 1156 361 Et
1182 329 1222 360 de
1247 328 1278 359 ix
1302 326 1416 359 celdris

368 383 482 414 similis
519 382 635 413 farrine
668 381 796 422 grangie
835 381 873 412 de
904 380 1084 411 Ballendon
1115 379 1154 410 de
1190 387 1308 419 croppo
1339 376 1418 408 anni

368 432 558 474 sexagesimi
581 435 612 463 et
635 432 720 462 dicto
743 431 887 462 termino.
933 431 976 461 Et
999 431 1038 461 de
1054 430 1085 471 vj
1104 429 1217 461 celdris
1241 426 1417 459 consimilis

367 482 484 513 farrine
500 481 629 523 grangie
645 481 684 512 de
708 480 883 512 Kittisdale
900 484 932 511 et
954 480 1080 521 Arborg
1096 479 1239 520 ejusdem
1259 477 1369 518 croppi
1384 479 1417 508 et

366 532 503 563 termini.
550 532 592 563 Et
616 532 654 564 de
674 532 729 573 viij
747 531 841 562 bollis
865 530 983 562 farrine
1006 529 1181 561 molendini
1198 529 1236 560 de
1252 528 1417 559 Keltoune

367 582 406 613 de
423 582 533 613 eodem
549 582 693 613 termino.
738 581 781 612 Et
803 581 842 611 de
862 580 875 621 j
893 580 999 611 celdra
1018 579 1162 620 iiijbouis
1179 577 1354 609 molendini
1378 577 1417 608 de

368 631 498 663 Sannak
515 631 552 662 de
577 631 661 662 dicto
685 630 829 662 termino.
878 630 919 661 En
943 629 981 661 de
1001 630 1014 670 j
1036 629 1140 660 coldra
1153 628 1273 660 sarrine
1296 626 1417 658 molen-

368 681 436 712 dini
463 681 502 712 de
526 681 659 712 Oulwen
683 680 722 711 de
747 680 857 711 eodem
881 680 1024 711 termino.
1071 679 1113 710 Et
1137 679 1176 709 de
1199 678 1210 719 j
1236 678 1342 709 celdra
1368 677 1414 718 iiij

367 731 462 762 bollis
481 730 658 762 molendini
681 731 719 762 de
744 730 908 761 Bladnoch
932 730 1077 771 ejusdem
1100 728 1237 760 termini.
1284 728 1417 759 Summa

367 781 475 812 totalis
500 781 696 812 oneracionis
727 783 833 821 preter
858 780 1022 821 arreragia,
1047 779 1138 820 xxiiij
1167 778 1271 810 celdre
1299 777 1417 808 farrine

368 831 540 862 avenatice.
588 831 721 861 Summa
743 830 852 861 totalis
876 829 1072 861 oneracionis
1090 839 1162 860 cum
1179 827 1353 869 arreragiis,
1368 826 1414 867 lxj

369 881 474 913 celdre
489 881 522 922 xj
539 880 624 912 boile
641 881 674 921 iij
693 880 806 911 ferlote
823 879 940 910 farrine
957 878 1128 910 avenatice.

411 931 561 972 Expense
588 930 739 970 ejusdem.
785 929 825 960 In
849 928 969 969 primis,
986 928 1118 959 allocate
1142 926 1338 967 compotanti
1361 935 1418 966 pro

369 990 484 1012 novem
500 980 614 1011 celdris
638 979 755 1010 fari-ine
771 978 911 1009 venditis
934 988 991 1019 per
1007 980 1252 1018 compotantem,
1275 975 1418 1016 precium

369 1030 473 1061 celdre
489 1033 559 1061 octo
575 1029 664 1066 libre,
679 1039 736 1069 pro
753 1028 869 1069 quibus
886 1027 1099 1068 respondebit,
1115 1026 1265 1057 videlicet
1290 1027 1417 1066 septua-

368 1080 458 1122 ginta
473 1079 596 1111 duabus
612 1079 712 1116 libris,
728 1079 761 1109 ix
779 1078 882 1109 celdre
895 1077 1012 1108 farrine
1028 1076 1202 1108 avenatice.
1247 1076 1289 1106 Et
1306 1075 1418 1112 eidem,

369 1140 426 1171 per
440 1129 665 1161 libcracionem
689 1128 807 1159 factam
828 1127 958 1158 Andree
975 1127 1014 1158 de
1030 1126 1188 1157 Murehed
1211 1126 1250 1157 de
1265 1125 1418 1156 mandato

369 1179 510 1221 episcopi
539 1177 787 1215 Aberdonensis,
824 1180 902 1208 tunc
941 1176 1155 1208 Candidecase
1193 1180 1225 1207 et
1255 1174 1419 1206 camerarii

370 1228 535 1264 Galwidie,
559 1228 580 1268 ij
606 1227 709 1259 celdre
732 1227 851 1258 fan-ine
875 1226 1047 1263 avenatice,
1070 1235 1127 1266 pro
1151 1225 1267 1266 quibus
1290 1234 1420 1265 respon-

370 1279 465 1310 debit.
520 1278 562 1308 Et
593 1288 649 1318 per
678 1277 873 1308 solucionem
912 1276 1030 1307 factam
1068 1275 1234 1306 Fratribus
1273 1274 1420 1306 Predica-

369 1328 491 1359 toribus
516 1327 554 1358 de
577 1327 762 1367 Wigtoune,
785 1325 1035 1367 percipientibus
1058 1324 1227 1355 annuatim
1250 1324 1418 1355 duodecim
1432 1354 1441 1356 r

369 1377 471 1409 bollas
488 1377 604 1407 fari-ine
621 1376 785 1407 avenatice
801 1375 839 1406 de
856 1375 986 1415 grangia
1002 1374 1040 1405 de
1054 1373 1265 1415 Ballyndone,
1282 1373 1320 1404 de
1336 1383 1420 1404 anno

370 1426 511 1467 compoti
541 1429 573 1456 et
597 1425 635 1456 de
670 1434 753 1455 anno
777 1424 966 1465 precedente
988 1426 1047 1454 hoc
1071 1426 1264 1464 compotum,
1277 1423 1289 1463 j
1315 1422 1420 1454 celdra

369 1476 426 1516 viij
445 1476 538 1509 boile.
583 1475 625 1506 Et
648 1485 704 1516 per
727 1474 949 1505 vendicionem
971 1473 1068 1504 unius
1092 1473 1198 1504 celdre
1221 1472 1339 1504 fa-rrine
1362 1482 1420 1513 pro

370 1530 508 1567 quatuor
538 1525 628 1566 equis
666 1524 782 1565 emptis
812 1534 868 1564 per
904 1526 1141 1563 compotantem
1174 1526 1206 1554 et
1236 1522 1420 1554 deliberatis

371 1576 392 1607 J
395 1575 512 1607 ohanni
532 1575 570 1606 de
593 1574 739 1605 Moravia
756 1573 794 1604 ad
810 1573 973 1614 grangiam
993 1573 1114 1603 domini
1129 1573 1210 1614 regis
1234 1573 1272 1604 de
1288 1572 1420 1613 Ballyn-

372 1626 461 1662 done,
497 1625 508 1666 j
546 1623 650 1655 celdra
684 1623 808 1660 farriue,
839 1633 896 1663 pro
934 1623 1051 1663 quibus
1090 1623 1180 1663 equis
1218 1622 1422 1663 respondebit

372 1677 476 1708 dictus
492 1675 513 1706 J
516 1675 656 1706 ohannes
674 1673 712 1704 de
728 1673 881 1704 Moravia.
928 1673 970 1703 Et
993 1673 1105 1709 eidem,
1120 1683 1177 1714 per
1200 1672 1422 1704 vendicionem

372 1726 508 1757 duarum
524 1724 701 1756 oeldrarum
725 1723 821 1754 unius
838 1722 921 1753 boile
937 1722 1033 1753 unius
1050 1722 1167 1754 furlote
1191 1733 1264 1753 cum
1289 1721 1421 1752 dimidio

373 1775 517 1816 ejusdem
541 1773 647 1814 precii,
671 1775 704 1804 et
724 1773 927 1804 venditarum
951 1782 1008 1813 per
1030 1772 1153 1803 dictum
1175 1772 1358 1803 Johannem
1384 1772 1423 1802 de

373 1825 519 1856 Moravia
538 1834 594 1865 pro
614 1823 666 1864 xvj
687 1822 712 1853 li
737 1822 792 1863 xiij
818 1826 840 1853 ἔ.
863 1822 909 1861 iiij
933 1821 971 1859 d„
989 1821 1133 1852 liberatis
1156 1821 1307 1862 magistro
1324 1821 1422 1853 Alex-

375 1875 473 1906 andro
497 1873 535 1905 de
563 1873 708 1904 Moravia
739 1875 771 1903 et
794 1882 850 1913 pro
873 1871 990 1912 quibus
1021 1871 1233 1911 respondebit,
1263 1871 1285 1911 ij
1319 1870 1423 1902 celdre

372 1925 384 1965 j
414 1924 500 1955 bolla
522 1923 534 1964 j
562 1924 578 1964 ᾖ
604 1922 721 1953 furlote
748 1921 873 1953 farrine.
920 1921 963 1951 Et
985 1921 1098 1958 eidem,
1120 1930 1177 1961 per
1200 1921 1423 1952 vendicionem

377 1975 494 2005 factam
529 1983 586 2014 per
616 1972 737 2003 dictum
765 1971 948 2002 Johannem
979 1970 1018 2001 de
1045 1969 1155 2000 decem
1181 1970 1273 2001 bouis
1306 1969 1422 2001 farriue

376 2023 542 2055 avenatice
586 2021 727 2053 venditis
764 2031 821 2062 per
858 2020 995 2052 eundem
1033 2030 1090 2060 pro
1128 2020 1271 2060 quinque
1307 2020 1422 2050 marcis

376 2073 519 2104 liberatis
541 2071 707 2103 Fratribus
729 2070 909 2102 Minoribus
933 2069 1025 2110 burgi
1052 2069 1090 2100 de
1114 2068 1367 2101 Kirkcudbrieht
1384 2080 1422 2100 ex

377 2123 544 2154 elimosina
565 2121 646 2163 regis
673 2124 724 2162 pie
745 2119 896 2151 memorie
920 2119 1035 2150 ultimo
1058 2119 1212 2156 defunct-i,
1239 2129 1318 2160 quas
1339 2129 1423 2150 rece-

378 2173 500 2214 pissent
517 2172 555 2203 de
571 2171 728 2203 custumis
744 2170 836 2211 burgi
864 2169 904 2201 de
927 2168 1189 2205 Kirkcudbricht,
1213 2172 1245 2200 et
1261 2168 1337 2209 qnia
1360 2179 1424 2200 non
