<?xml version="1.0" encoding="UTF-8"?>
<!DOCTYPE html PUBLIC "-//W3C//DTD XHTML 1.0 Transitional//EN"
    "http://www.w3.org/TR/xhtml1/DTD/xhtml1-transitional.dtd">
<html xmlns="http://www.w3.org/1999/xhtml" xml:lang="en" lang="en">
 <head>
  <title>
</title>
<meta http-equiv="Content-Type" content="text/html;charset=utf-8" />
  <meta name='ocr-system' content='tesseract 3.04.00' />
  <meta name='ocr-capabilities' content='ocr_page ocr_carea ocr_par ocr_line ocrx_word'/>
</head>
<body>
  <div class='ocr_page' id='page_1' title='image "./rotuliscaccariir07scot_0223.png"; bbox 0 0 1551 2462; ppageno 0'>
   <div class='ocr_carea' id='block_1_1' title="bbox 0 1455 26 1698">
    <p class='ocr_par' dir='ltr' id='par_1_1' title="bbox 0 1455 26 1698">
     <span class='ocr_line' id='line_1_1' title="bbox 0 1455 26 1698; textangle 90"><span class='ocrx_word' id='word_1_1' title='bbox 0 1682 13 1698; x_wconf 54' lang='grc' dir='ltr'>’τ</span> <span class='ocrx_word' id='word_1_2' title='bbox 12 1672 14 1674; x_wconf 97' lang='grc'>.</span> <span class='ocrx_word' id='word_1_3' title='bbox 0 1548 26 1663; x_wconf 46' lang='grc' dir='ltr'>νεα-,εμὴ</span> <span class='ocrx_word' id='word_1_4' title='bbox 0 1517 18 1541; x_wconf 52' lang='lat' dir='ltr'>*a</span> <span class='ocrx_word' id='word_1_5' title='bbox 0 1480 19 1506; x_wconf 61' lang='lat'><strong>&lt;.·=²</strong></span> <span class='ocrx_word' id='word_1_6' title='bbox 0 1455 11 1466; x_wconf 70' lang='lat'>0</span> 
     </span>
    </p>
   </div>
   <div class='ocr_carea' id='block_1_2' title="bbox 131 215 1177 248">
    <p class='ocr_par' dir='ltr' id='par_1_2' title="bbox 131 215 1177 248">
     <span class='ocr_line' id='line_1_2' title="bbox 131 215 1177 248; baseline 0.001 -1"><span class='ocrx_word' id='word_1_7' title='bbox 131 218 223 248; x_wconf 82' lang='lat'>1462.</span> <span class='ocrx_word' id='word_1_8' title='bbox 441 215 603 247; x_wconf 81' lang='lat' dir='ltr'><strong>REGUM</strong></span> <span class='ocrx_word' id='word_1_9' title='bbox 627 215 872 247; x_wconf 85' lang='lat' dir='ltr'>SCOTORUM.</span> <span class='ocrx_word' id='word_1_10' title='bbox 1119 219 1177 248; x_wconf 81' lang='lat'>145</span> 
     </span>
    </p>
   </div>
   <div class='ocr_carea' id='block_1_3' title="bbox 128 308 1398 2084">
    <p class='ocr_par' dir='ltr' id='par_1_3' title="bbox 129 308 1180 350">
     <span class='ocr_line' id='line_1_3' title="bbox 129 308 1180 350; baseline 0 -10"><span class='ocrx_word' id='word_1_11' title='bbox 129 308 189 341; x_wconf 90' lang='lat' dir='ltr'>sub</span> <span class='ocrx_word' id='word_1_12' title='bbox 205 309 336 350; x_wconf 76' lang='lat' dir='ltr'>signeto,</span> <span class='ocrx_word' id='word_1_13' title='bbox 353 319 410 349; x_wconf 85' lang='lat' dir='ltr'>pro</span> <span class='ocrx_word' id='word_1_14' title='bbox 433 308 529 340; x_wconf 83' lang='lat' dir='ltr'>certis</span> <span class='ocrx_word' id='word_1_15' title='bbox 553 308 763 339; x_wconf 83' lang='lat' dir='ltr'>merchansiis</span> <span class='ocrx_word' id='word_1_16' title='bbox 787 308 904 339; x_wconf 77' lang='lat' dir='ltr'>debitis</span> <span class='ocrx_word' id='word_1_17' title='bbox 920 308 1023 339; x_wconf 86' lang='lat' dir='ltr'>eidem</span> <span class='ocrx_word' id='word_1_18' title='bbox 1039 309 1180 340; x_wconf 82' lang='lat' dir='ltr'>Henrico</span> 
     </span>
    </p>

    <p class='ocr_par' dir='ltr' id='par_1_4' title="bbox 129 358 1180 399">
     <span class='ocr_line' id='line_1_4' title="bbox 129 358 1180 399; baseline 0.001 -10"><span class='ocrx_word' id='word_1_19' title='bbox 129 368 186 399; x_wconf 89' lang='lat' dir='ltr'>per</span> <span class='ocrx_word' id='word_1_20' title='bbox 215 358 382 389; x_wconf 83' lang='lat' dir='ltr'>dominum</span> <span class='ocrx_word' id='word_1_21' title='bbox 411 368 517 399; x_wconf 88' lang='lat' dir='ltr'>regem</span> <span class='ocrx_word' id='word_1_22' title='bbox 540 358 622 389; x_wconf 88' lang='lat' dir='ltr'>bone</span> <span class='ocrx_word' id='word_1_23' title='bbox 651 358 812 395; x_wconf 81' lang='lat' dir='ltr'>memorie,</span> <span class='ocrx_word' id='word_1_24' title='bbox 835 361 873 388; x_wconf 83' lang='lat' dir='ltr'>ut</span> <span class='ocrx_word' id='word_1_25' title='bbox 902 361 991 399; x_wconf 85' lang='lat' dir='ltr'>patet</span> <span class='ocrx_word' id='word_1_26' title='bbox 1021 359 1056 389; x_wconf 90' lang='lat' dir='ltr'>in</span> <span class='ocrx_word' id='word_1_27' title='bbox 1078 359 1180 390; x_wconf 84' lang='lat' dir='ltr'>literis</span> 
     </span>
    </p>

    <p class='ocr_par' dir='ltr' id='par_1_5' title="bbox 129 407 1178 449">
     <span class='ocr_line' id='line_1_5' title="bbox 129 407 1178 449; baseline 0.001 -11"><span class='ocrx_word' id='word_1_28' title='bbox 129 407 250 439; x_wconf 88' lang='lat' dir='ltr'>domini</span> <span class='ocrx_word' id='word_1_29' title='bbox 284 407 366 448; x_wconf 85' lang='lat' dir='ltr'>regis</span> <span class='ocrx_word' id='word_1_30' title='bbox 400 408 544 439; x_wconf 86' lang='lat' dir='ltr'>moderni</span> <span class='ocrx_word' id='word_1_31' title='bbox 581 418 676 448; x_wconf 86' lang='lat' dir='ltr'>super</span> <span class='ocrx_word' id='word_1_32' title='bbox 714 411 898 448; x_wconf 82' lang='lat' dir='ltr'>compotum</span> <span class='ocrx_word' id='word_1_33' title='bbox 937 408 1080 445; x_wconf 84' lang='lat' dir='ltr'>ostensis,</span> <span class='ocrx_word' id='word_1_34' title='bbox 1121 409 1178 449; x_wconf 85' lang='lat' dir='ltr'>viij</span> 
     </span>
    </p>

    <p class='ocr_par' dir='ltr' id='par_1_6' title="bbox 128 456 1179 499">
     <span class='ocr_line' id='line_1_6' title="bbox 128 456 1179 499; baseline 0.001 -11"><span class='ocrx_word' id='word_1_35' title='bbox 128 456 160 488; x_wconf 78' lang='grc'>11.</span> <span class='ocrx_word' id='word_1_36' title='bbox 205 457 248 488; x_wconf 85' lang='lat' dir='ltr'>Et</span> <span class='ocrx_word' id='word_1_37' title='bbox 277 457 406 495; x_wconf 87' lang='lat' dir='ltr'>eisdem,</span> <span class='ocrx_word' id='word_1_38' title='bbox 436 467 492 498; x_wconf 88' lang='lat' dir='ltr'>per</span> <span class='ocrx_word' id='word_1_39' title='bbox 517 457 743 488; x_wconf 82' lang='lat' dir='ltr'>liberacionem</span> <span class='ocrx_word' id='word_1_40' title='bbox 773 457 892 488; x_wconf 80' lang='lat' dir='ltr'>factam</span> <span class='ocrx_word' id='word_1_41' title='bbox 915 458 1028 499; x_wconf 82' lang='lat' dir='ltr'>Ligier,</span> <span class='ocrx_word' id='word_1_42' title='bbox 1051 458 1179 499; x_wconf 83' lang='lat' dir='ltr'>brigan-</span> 
     </span>
    </p>

    <p class='ocr_par' dir='ltr' id='par_1_7' title="bbox 129 506 1179 549">
     <span class='ocr_line' id='line_1_7' title="bbox 129 506 1179 549; baseline 0.002 -12"><span class='ocrx_word' id='word_1_43' title='bbox 129 506 254 545; x_wconf 66' lang='lat' dir='ltr'>tinafio,</span> <span class='ocrx_word' id='word_1_44' title='bbox 268 506 303 538; x_wconf 90' lang='lat' dir='ltr'>in</span> <span class='ocrx_word' id='word_1_45' title='bbox 318 506 442 538; x_wconf 84' lang='lat' dir='ltr'>duabus</span> <span class='ocrx_word' id='word_1_46' title='bbox 458 507 544 538; x_wconf 83' lang='lat' dir='ltr'>ulnis</span> <span class='ocrx_word' id='word_1_47' title='bbox 567 507 667 548; x_wconf 87' lang='lat' dir='ltr'>panni</span> <span class='ocrx_word' id='word_1_48' title='bbox 683 507 775 538; x_wconf 82' lang='lat' dir='ltr'>serici</span> <span class='ocrx_word' id='word_1_49' title='bbox 791 507 897 538; x_wconf 85' lang='lat' dir='ltr'>vocati</span> <span class='ocrx_word' id='word_1_50' title='bbox 912 507 1107 549; x_wconf 84' lang='lat' dir='ltr'>satynfigure</span> <span class='ocrx_word' id='word_1_51' title='bbox 1123 519 1179 549; x_wconf 81' lang='lat' dir='ltr'>pro</span> 
     </span>
    </p>

    <p class='ocr_par' dir='ltr' id='par_1_8' title="bbox 129 556 1181 599">
     <span class='ocr_line' id='line_1_8' title="bbox 129 556 1181 599; baseline 0.002 -12"><span class='ocrx_word' id='word_1_52' title='bbox 129 566 193 587; x_wconf 91' lang='lat' dir='ltr'>uno</span> <span class='ocrx_word' id='word_1_53' title='bbox 207 566 282 597; x_wconf 81' lang='lat' dir='ltr'>pare</span> <span class='ocrx_word' id='word_1_54' title='bbox 305 556 567 597; x_wconf 84' lang='lat' dir='ltr'>brigandinarum</span> <span class='ocrx_word' id='word_1_55' title='bbox 590 556 872 597; x_wconf 85' lang='lat' dir='ltr'>cooperiendarum</span> <span class='ocrx_word' id='word_1_56' title='bbox 895 557 1024 588; x_wconf 87' lang='lat' dir='ltr'>domino</span> <span class='ocrx_word' id='word_1_57' title='bbox 1047 558 1122 599; x_wconf 86' lang='lat' dir='ltr'>regi,</span> <span class='ocrx_word' id='word_1_58' title='bbox 1143 562 1181 589; x_wconf 88' lang='lat' dir='ltr'>ut</span> 
     </span>
    </p>

    <p class='ocr_par' dir='ltr' id='par_1_9' title="bbox 129 606 1181 697">
     <span class='ocr_line' id='line_1_9' title="bbox 129 606 1181 648; baseline 0.001 -11"><span class='ocrx_word' id='word_1_59' title='bbox 129 609 217 647; x_wconf 86' lang='lat' dir='ltr'>patet</span> <span class='ocrx_word' id='word_1_60' title='bbox 232 616 288 647; x_wconf 85' lang='lat' dir='ltr'>per</span> <span class='ocrx_word' id='word_1_61' title='bbox 303 606 412 637; x_wconf 76' lang='lat' dir='ltr'>literas</span> <span class='ocrx_word' id='word_1_62' title='bbox 435 617 508 637; x_wconf 82' lang='lat' dir='ltr'>suas</span> <span class='ocrx_word' id='word_1_63' title='bbox 527 606 587 637; x_wconf 87' lang='lat' dir='ltr'>sub</span> <span class='ocrx_word' id='word_1_64' title='bbox 610 606 733 647; x_wconf 87' lang='lat' dir='ltr'>signeto</span> <span class='ocrx_word' id='word_1_65' title='bbox 749 606 788 637; x_wconf 87' lang='lat' dir='ltr'>de</span> <span class='ocrx_word' id='word_1_66' title='bbox 804 606 909 647; x_wconf 83' lang='lat' dir='ltr'>precio</span> <span class='ocrx_word' id='word_1_67' title='bbox 925 610 1069 638; x_wconf 83' lang='lat' dir='ltr'>ostensas</span> <span class='ocrx_word' id='word_1_68' title='bbox 1085 617 1181 648; x_wconf 87' lang='lat' dir='ltr'>super</span> 
     </span>
     <span class='ocr_line' id='line_1_10' title="bbox 130 656 1180 697; baseline 0.001 -10"><span class='ocrx_word' id='word_1_69' title='bbox 130 659 320 697; x_wconf 85' lang='lat' dir='ltr'>compotum,</span> <span class='ocrx_word' id='word_1_70' title='bbox 344 656 488 697; x_wconf 83' lang='lat' dir='ltr'>precium</span> <span class='ocrx_word' id='word_1_71' title='bbox 511 656 587 687; x_wconf 88' lang='grc'>11100</span> <span class='ocrx_word' id='word_1_72' title='bbox 610 656 845 697; x_wconf 81' lang='lat' dir='ltr'>quinquaginta</span> <span class='ocrx_word' id='word_1_73' title='bbox 875 656 979 693; x_wconf 85' lang='lat' dir='ltr'>solidi,</span> <span class='ocrx_word' id='word_1_74' title='bbox 1008 667 1030 687; x_wconf 93' lang='lat' dir='ltr'><strong>v</strong></span> <span class='ocrx_word' id='word_1_75' title='bbox 1059 656 1092 688; x_wconf 71' lang='lat' dir='ltr'>fi.</span> <span class='ocrx_word' id='word_1_76' title='bbox 1137 657 1180 688; x_wconf 91' lang='lat' dir='ltr'>Et</span> 
     </span>
    </p>

    <p class='ocr_par' dir='ltr' id='par_1_10' title="bbox 129 705 1180 797">
     <span class='ocr_line' id='line_1_11' title="bbox 130 705 1180 747; baseline 0.001 -11"><span class='ocrx_word' id='word_1_77' title='bbox 130 705 256 744; x_wconf 86' lang='lat' dir='ltr'>eisdem,</span> <span class='ocrx_word' id='word_1_78' title='bbox 297 716 354 747; x_wconf 86' lang='lat' dir='ltr'>per</span> <span class='ocrx_word' id='word_1_79' title='bbox 392 705 588 736; x_wconf 76' lang='lat' dir='ltr'>solucionem</span> <span class='ocrx_word' id='word_1_80' title='bbox 623 705 742 736; x_wconf 81' lang='lat' dir='ltr'>factam</span> <span class='ocrx_word' id='word_1_81' title='bbox 783 705 922 737; x_wconf 83' lang='lat' dir='ltr'>Roberto</span> <span class='ocrx_word' id='word_1_82' title='bbox 949 706 1100 737; x_wconf 85' lang='lat' dir='ltr'>Lawedre</span> <span class='ocrx_word' id='word_1_83' title='bbox 1141 707 1180 738; x_wconf 85' lang='lat' dir='ltr'>de</span> 
     </span>
     <span class='ocr_line' id='line_1_12' title="bbox 129 755 1180 797; baseline 0 -11"><span class='ocrx_word' id='word_1_84' title='bbox 129 755 380 797; x_wconf 83' lang='lat' dir='ltr'>Eddryngtoune</span> <span class='ocrx_word' id='word_1_85' title='bbox 395 766 453 797; x_wconf 86' lang='lat' dir='ltr'>pro</span> <span class='ocrx_word' id='word_1_86' title='bbox 469 755 613 786; x_wconf 87' lang='lat' dir='ltr'>custodia</span> <span class='ocrx_word' id='word_1_87' title='bbox 625 755 721 786; x_wconf 83' lang='lat' dir='ltr'>castri</span> <span class='ocrx_word' id='word_1_88' title='bbox 734 755 772 786; x_wconf 89' lang='lat' dir='ltr'>de</span> <span class='ocrx_word' id='word_1_89' title='bbox 786 755 918 791; x_wconf 86' lang='lat' dir='ltr'>Berwic,</span> <span class='ocrx_word' id='word_1_90' title='bbox 934 755 968 786; x_wconf 90' lang='lat' dir='ltr'>in</span> <span class='ocrx_word' id='word_1_91' title='bbox 984 755 1180 787; x_wconf 82' lang='lat' dir='ltr'>solucionem</span> 
     </span>
    </p>

    <p class='ocr_par' dir='ltr' id='par_1_11' title="bbox 129 804 1180 846">
     <span class='ocr_line' id='line_1_13' title="bbox 129 804 1180 846; baseline 0 -10"><span class='ocrx_word' id='word_1_92' title='bbox 129 805 213 836; x_wconf 79' lang='lat' dir='ltr'>feodi</span> <span class='ocrx_word' id='word_1_93' title='bbox 235 816 292 846; x_wconf 84' lang='lat' dir='ltr'>pro</span> <span class='ocrx_word' id='word_1_94' title='bbox 310 805 429 843; x_wconf 86' lang='lat' dir='ltr'>eadem,</span> <span class='ocrx_word' id='word_1_95' title='bbox 455 809 493 836; x_wconf 79' lang='lat' dir='ltr'>ut</span> <span class='ocrx_word' id='word_1_96' title='bbox 515 808 604 846; x_wconf 82' lang='lat' dir='ltr'>patet</span> <span class='ocrx_word' id='word_1_97' title='bbox 626 815 683 846; x_wconf 84' lang='lat' dir='ltr'>per</span> <span class='ocrx_word' id='word_1_98' title='bbox 707 805 816 836; x_wconf 75' lang='lat' dir='ltr'>literas</span> <span class='ocrx_word' id='word_1_99' title='bbox 838 804 959 836; x_wconf 87' lang='lat' dir='ltr'>domini</span> <span class='ocrx_word' id='word_1_100' title='bbox 985 806 1067 846; x_wconf 88' lang='lat' dir='ltr'>regis</span> <span class='ocrx_word' id='word_1_101' title='bbox 1091 805 1180 836; x_wconf 84' lang='lat' dir='ltr'>liter-</span> 
     </span>
    </p>

    <p class='ocr_par' dir='ltr' id='par_1_12' title="bbox 128 854 1389 1045">
     <span class='ocr_line' id='line_1_14' title="bbox 129 854 1389 904; baseline 0 -18"><span class='ocrx_word' id='word_1_102' title='bbox 129 856 229 886; x_wconf 80' lang='lat' dir='ltr'>atorio</span> <span class='ocrx_word' id='word_1_103' title='bbox 245 855 304 886; x_wconf 90' lang='lat' dir='ltr'>sub</span> <span class='ocrx_word' id='word_1_104' title='bbox 314 856 436 896; x_wconf 84' lang='lat' dir='ltr'>signeto</span> <span class='ocrx_word' id='word_1_105' title='bbox 448 855 486 886; x_wconf 88' lang='lat' dir='ltr'>de</span> <span class='ocrx_word' id='word_1_106' title='bbox 501 858 636 896; x_wconf 84' lang='lat' dir='ltr'>recepto,</span> <span class='ocrx_word' id='word_1_107' title='bbox 652 865 748 896; x_wconf 87' lang='lat' dir='ltr'>super</span> <span class='ocrx_word' id='word_1_108' title='bbox 757 854 898 896; x_wconf 86' lang='lat' dir='ltr'>periculo</span> <span class='ocrx_word' id='word_1_109' title='bbox 915 855 1179 896; x_wconf 84' lang='lat' dir='ltr'>eompotancium,</span> <span class='ocrx_word' id='word_1_110' title='bbox 1194 874 1389 904; x_wconf 68' lang='lat' dir='ltr'>computandum</span> 
     </span>
     <span class='ocr_line' id='line_1_15' title="bbox 128 904 1385 956; baseline 0.002 -22"><span class='ocrx_word' id='word_1_111' title='bbox 128 904 195 945; x_wconf 82' lang='lat' dir='ltr'>lxvj</span> <span class='ocrx_word' id='word_1_112' title='bbox 212 904 244 936; x_wconf 79' lang='grc'>11.</span> <span class='ocrx_word' id='word_1_113' title='bbox 262 905 317 945; x_wconf 80' lang='lat' dir='ltr'>xiij</span> <span class='ocrx_word' id='word_1_114' title='bbox 335 909 357 936; x_wconf 66' lang='grc' dir='ltr'>Ξ.</span> <span class='ocrx_word' id='word_1_115' title='bbox 382 905 427 946; x_wconf 83' lang='lat' dir='ltr'>iiij</span> <span class='ocrx_word' id='word_1_116' title='bbox 445 905 483 942; x_wconf 74' lang='grc'>(1.,</span> <span class='ocrx_word' id='word_1_117' title='bbox 507 915 603 945; x_wconf 78' lang='lat' dir='ltr'>super</span> <span class='ocrx_word' id='word_1_118' title='bbox 619 905 736 945; x_wconf 86' lang='lat' dir='ltr'>quibus</span> <span class='ocrx_word' id='word_1_119' title='bbox 760 904 1011 945; x_wconf 84' lang='lat' dir='ltr'>computandum</span> <span class='ocrx_word' id='word_1_120' title='bbox 1035 908 1084 936; x_wconf 89' lang='lat' dir='ltr'>est</span> <span class='ocrx_word' id='word_1_121' title='bbox 1107 915 1179 936; x_wconf 87' lang='grc'>011111</span> <span class='ocrx_word' id='word_1_122' title='bbox 1193 905 1385 956; x_wconf 44' lang='grc' dir='ltr'>ἱεξξῑωέἃῗὲἆΐθ</span> 
     </span>
     <span class='ocr_line' id='line_1_16' title="bbox 129 941 1384 994; baseline -0.001 -9"><span class='ocrx_word' id='word_1_123' title='bbox 129 954 213 985; x_wconf 89' lang='lat' dir='ltr'>dicto</span> <span class='ocrx_word' id='word_1_124' title='bbox 229 954 374 985; x_wconf 83' lang='lat' dir='ltr'>Roberto.</span> <span class='ocrx_word' id='word_1_125' title='bbox 420 954 463 984; x_wconf 88' lang='lat' dir='ltr'>Et</span> <span class='ocrx_word' id='word_1_126' title='bbox 473 954 600 991; x_wconf 83' lang='lat' dir='ltr'>eisdem,</span> <span class='ocrx_word' id='word_1_127' title='bbox 616 964 673 994; x_wconf 85' lang='lat' dir='ltr'>pro</span> <span class='ocrx_word' id='word_1_128' title='bbox 697 957 835 994; x_wconf 82' lang='lat' dir='ltr'>quatuor</span> <span class='ocrx_word' id='word_1_129' title='bbox 850 954 962 985; x_wconf 75' lang='lat' dir='ltr'>martis</span> <span class='ocrx_word' id='word_1_130' title='bbox 979 965 1052 985; x_wconf 88' lang='lat' dir='ltr'>cum</span> <span class='ocrx_word' id='word_1_131' title='bbox 1069 955 1179 986; x_wconf 86' lang='lat' dir='ltr'>corriis</span> <span class='ocrx_word' id='word_1_132' title='bbox 1194 941 1223 986; x_wconf 69' lang='grc' dir='ltr'>ᾱὲ</span> <span class='ocrx_word' id='word_1_133' title='bbox 1236 942 1384 992; x_wconf 55' lang='grc' dir='ltr'>Εἷῖῑὼγιηοῃ.</span> 
     </span>
     <span class='ocr_line' id='line_1_17' title="bbox 129 1003 1181 1045; baseline 0.001 -11"><span class='ocrx_word' id='word_1_134' title='bbox 129 1007 162 1035; x_wconf 90' lang='lat' dir='ltr'>et</span> <span class='ocrx_word' id='word_1_135' title='bbox 178 1004 293 1045; x_wconf 88' lang='lat' dir='ltr'>viginti</span> <span class='ocrx_word' id='word_1_136' title='bbox 302 1014 366 1034; x_wconf 84' lang='lat' dir='ltr'>una</span> <span class='ocrx_word' id='word_1_137' title='bbox 382 1004 531 1044; x_wconf 84' lang='lat' dir='ltr'>carcagiis</span> <span class='ocrx_word' id='word_1_138' title='bbox 546 1006 722 1034; x_wconf 81' lang='lat' dir='ltr'>martarum</span> <span class='ocrx_word' id='word_1_139' title='bbox 735 1003 969 1044; x_wconf 83' lang='lat' dir='ltr'>quinquaginta</span> <span class='ocrx_word' id='word_1_140' title='bbox 984 1004 1181 1042; x_wconf 75' lang='lat' dir='ltr'>mutonibus,</span> 
     </span>
    </p>

    <p class='ocr_par' dir='ltr' id='par_1_13' title="bbox 129 1052 1181 1095">
     <span class='ocr_line' id='line_1_18' title="bbox 129 1052 1181 1095; baseline 0.002 -12"><span class='ocrx_word' id='word_1_141' title='bbox 129 1052 272 1083; x_wconf 85' lang='lat' dir='ltr'>liberatis</span> <span class='ocrx_word' id='word_1_142' title='bbox 299 1052 339 1083; x_wconf 86' lang='lat' dir='ltr'>ad</span> <span class='ocrx_word' id='word_1_143' title='bbox 366 1063 520 1093; x_wconf 84' lang='lat' dir='ltr'>expensas</span> <span class='ocrx_word' id='word_1_144' title='bbox 547 1052 701 1083; x_wconf 86' lang='lat' dir='ltr'>domicilii</span> <span class='ocrx_word' id='word_1_145' title='bbox 732 1053 854 1083; x_wconf 86' lang='lat' dir='ltr'>domini</span> <span class='ocrx_word' id='word_1_146' title='bbox 883 1053 965 1093; x_wconf 82' lang='lat' dir='ltr'>regis</span> <span class='ocrx_word' id='word_1_147' title='bbox 992 1053 1119 1095; x_wconf 88' lang='lat' dir='ltr'>Anglie,</span> <span class='ocrx_word' id='word_1_148' title='bbox 1142 1054 1181 1085; x_wconf 84' lang='lat' dir='ltr'>de</span> 
     </span>
    </p>

    <p class='ocr_par' dir='ltr' id='par_1_14' title="bbox 130 1101 1182 1193">
     <span class='ocr_line' id='line_1_19' title="bbox 130 1101 1181 1144; baseline 0.002 -12"><span class='ocrx_word' id='word_1_149' title='bbox 130 1102 282 1133; x_wconf 80' lang='lat' dir='ltr'>mandato</span> <span class='ocrx_word' id='word_1_150' title='bbox 298 1101 419 1132; x_wconf 75' lang='lat' dir='ltr'>domini</span> <span class='ocrx_word' id='word_1_151' title='bbox 433 1102 516 1142; x_wconf 87' lang='lat' dir='ltr'>regis</span> <span class='ocrx_word' id='word_1_152' title='bbox 531 1101 707 1132; x_wconf 83' lang='lat' dir='ltr'>literatorio</span> <span class='ocrx_word' id='word_1_153' title='bbox 721 1102 781 1133; x_wconf 87' lang='lat' dir='ltr'>sub</span> <span class='ocrx_word' id='word_1_154' title='bbox 797 1102 920 1143; x_wconf 83' lang='lat' dir='ltr'>signeto</span> <span class='ocrx_word' id='word_1_155' title='bbox 936 1106 1062 1134; x_wconf 87' lang='lat' dir='ltr'>ostenso</span> <span class='ocrx_word' id='word_1_156' title='bbox 1085 1113 1181 1144; x_wconf 85' lang='lat' dir='ltr'>super</span> 
     </span>
     <span class='ocr_line' id='line_1_20' title="bbox 131 1150 1182 1193; baseline 0.001 -11"><span class='ocrx_word' id='word_1_157' title='bbox 131 1155 327 1193; x_wconf 86' lang='lat' dir='ltr'>computum,</span> <span class='ocrx_word' id='word_1_158' title='bbox 342 1151 423 1182; x_wconf 85' lang='lat' dir='ltr'>varii</span> <span class='ocrx_word' id='word_1_159' title='bbox 438 1151 545 1192; x_wconf 85' lang='lat' dir='ltr'>precii,</span> <span class='ocrx_word' id='word_1_160' title='bbox 568 1162 635 1181; x_wconf 80' lang='lat' dir='ltr'>xxx</span> <span class='ocrx_word' id='word_1_161' title='bbox 650 1150 681 1182; x_wconf 78' lang='grc'>11.</span> <span class='ocrx_word' id='word_1_162' title='bbox 699 1151 765 1191; x_wconf 76' lang='lat' dir='ltr'>xvij</span> <span class='ocrx_word' id='word_1_163' title='bbox 791 1155 813 1182; x_wconf 70' lang='grc'>5.</span> <span class='ocrx_word' id='word_1_164' title='bbox 838 1162 859 1181; x_wconf 84' lang='lat' dir='ltr'><strong>x</strong></span> <span class='ocrx_word' id='word_1_165' title='bbox 875 1151 903 1182; x_wconf 77' lang='lat' dir='ltr'>d.</span> <span class='ocrx_word' id='word_1_166' title='bbox 950 1152 992 1182; x_wconf 87' lang='lat' dir='ltr'>Et</span> <span class='ocrx_word' id='word_1_167' title='bbox 1018 1162 1075 1192; x_wconf 84' lang='lat' dir='ltr'>per</span> <span class='ocrx_word' id='word_1_168' title='bbox 1097 1152 1182 1183; x_wconf 78' lang='lat' dir='ltr'>solu-</span> 
     </span>
    </p>

    <p class='ocr_par' dir='ltr' id='par_1_15' title="bbox 133 1200 1183 1242">
     <span class='ocr_line' id='line_1_21' title="bbox 133 1200 1183 1242; baseline 0 -10"><span class='ocrx_word' id='word_1_169' title='bbox 133 1202 257 1233; x_wconf 83' lang='lat' dir='ltr'>cionem</span> <span class='ocrx_word' id='word_1_170' title='bbox 288 1202 407 1232; x_wconf 77' lang='lat' dir='ltr'>factam</span> <span class='ocrx_word' id='word_1_171' title='bbox 430 1201 594 1232; x_wconf 89' lang='lat' dir='ltr'>Willelmo</span> <span class='ocrx_word' id='word_1_172' title='bbox 620 1200 785 1242; x_wconf 86' lang='lat' dir='ltr'>Flemyng,</span> <span class='ocrx_word' id='word_1_173' title='bbox 816 1201 1001 1232; x_wconf 83' lang='lat' dir='ltr'>marescallo</span> <span class='ocrx_word' id='word_1_174' title='bbox 1029 1201 1183 1233; x_wconf 84' lang='lat' dir='ltr'>domicilii</span> 
     </span>
    </p>

    <p class='ocr_par' dir='ltr' id='par_1_16' title="bbox 131 1251 1182 1292">
     <span class='ocr_line' id='line_1_22' title="bbox 131 1251 1182 1292; baseline 0.002 -11"><span class='ocrx_word' id='word_1_175' title='bbox 131 1251 253 1282; x_wconf 85' lang='lat' dir='ltr'>domini</span> <span class='ocrx_word' id='word_1_176' title='bbox 278 1251 369 1292; x_wconf 86' lang='lat' dir='ltr'>regis,</span> <span class='ocrx_word' id='word_1_177' title='bbox 395 1261 452 1291; x_wconf 84' lang='lat' dir='ltr'>pro</span> <span class='ocrx_word' id='word_1_178' title='bbox 478 1251 570 1282; x_wconf 87' lang='lat' dir='ltr'>feodo</span> <span class='ocrx_word' id='word_1_179' title='bbox 597 1261 654 1281; x_wconf 88' lang='lat' dir='ltr'>suo</span> <span class='ocrx_word' id='word_1_180' title='bbox 681 1251 719 1282; x_wconf 89' lang='lat' dir='ltr'>de</span> <span class='ocrx_word' id='word_1_181' title='bbox 746 1251 885 1282; x_wconf 82' lang='lat' dir='ltr'>termino</span> <span class='ocrx_word' id='word_1_182' title='bbox 904 1251 1022 1282; x_wconf 75' lang='lat' dir='ltr'>&#39;Sancti</span> <span class='ocrx_word' id='word_1_183' title='bbox 1045 1252 1182 1283; x_wconf 80' lang='lat' dir='ltr'>Martini</span> 
     </span>
    </p>

    <p class='ocr_par' dir='ltr' id='par_1_17' title="bbox 133 1299 1182 1341">
     <span class='ocr_line' id='line_1_23' title="bbox 133 1299 1182 1341; baseline 0.002 -11"><span class='ocrx_word' id='word_1_184' title='bbox 133 1300 217 1331; x_wconf 83' lang='lat' dir='ltr'>infra</span> <span class='ocrx_word' id='word_1_185' title='bbox 227 1300 287 1331; x_wconf 89' lang='lat' dir='ltr'>hoc</span> <span class='ocrx_word' id='word_1_186' title='bbox 299 1302 490 1340; x_wconf 88' lang='lat' dir='ltr'>compotum,</span> <span class='ocrx_word' id='word_1_187' title='bbox 501 1299 539 1330; x_wconf 90' lang='lat' dir='ltr'>de</span> <span class='ocrx_word' id='word_1_188' title='bbox 549 1299 700 1330; x_wconf 85' lang='lat' dir='ltr'>mandato</span> <span class='ocrx_word' id='word_1_189' title='bbox 711 1299 832 1330; x_wconf 90' lang='lat' dir='ltr'>domini</span> <span class='ocrx_word' id='word_1_190' title='bbox 842 1300 925 1341; x_wconf 85' lang='lat' dir='ltr'>regis</span> <span class='ocrx_word' id='word_1_191' title='bbox 937 1300 1112 1331; x_wconf 81' lang='lat' dir='ltr'>literatorio</span> <span class='ocrx_word' id='word_1_192' title='bbox 1122 1302 1182 1332; x_wconf 84' lang='lat' dir='ltr'>sub</span> 
     </span>
    </p>

    <p class='ocr_par' dir='ltr' id='par_1_18' title="bbox 132 1348 1181 1390">
     <span class='ocr_line' id='line_1_24' title="bbox 132 1348 1181 1390; baseline 0 -9"><span class='ocrx_word' id='word_1_193' title='bbox 132 1350 264 1390; x_wconf 83' lang='lat' dir='ltr'>signeto,</span> <span class='ocrx_word' id='word_1_194' title='bbox 274 1350 305 1389; x_wconf 83' lang='lat' dir='ltr'>vj</span> <span class='ocrx_word' id='word_1_195' title='bbox 318 1349 349 1380; x_wconf 79' lang='grc'>11.</span> <span class='ocrx_word' id='word_1_196' title='bbox 364 1349 420 1389; x_wconf 81' lang='lat' dir='ltr'>xiij</span> <span class='ocrx_word' id='word_1_197' title='bbox 432 1352 454 1380; x_wconf 69' lang='grc' dir='ltr'>ἔ.</span> <span class='ocrx_word' id='word_1_198' title='bbox 465 1349 511 1389; x_wconf 83' lang='lat' dir='ltr'>iiij</span> <span class='ocrx_word' id='word_1_199' title='bbox 525 1348 553 1380; x_wconf 73' lang='grc'>(1,</span> <span class='ocrx_word' id='word_1_200' title='bbox 593 1349 636 1380; x_wconf 87' lang='lat' dir='ltr'>Et</span> <span class='ocrx_word' id='word_1_201' title='bbox 648 1359 705 1390; x_wconf 81' lang='lat' dir='ltr'>per</span> <span class='ocrx_word' id='word_1_202' title='bbox 717 1348 913 1380; x_wconf 83' lang='lat' dir='ltr'>solucionem</span> <span class='ocrx_word' id='word_1_203' title='bbox 923 1349 1042 1380; x_wconf 83' lang='lat' dir='ltr'>factam</span> <span class='ocrx_word' id='word_1_204' title='bbox 1052 1350 1181 1381; x_wconf 81' lang='lat' dir='ltr'>domino</span> 
     </span>
    </p>

    <p class='ocr_par' dir='ltr' id='par_1_19' title="bbox 131 1398 1182 1441">
     <span class='ocr_line' id='line_1_25' title="bbox 131 1398 1182 1441; baseline 0 -11"><span class='ocrx_word' id='word_1_205' title='bbox 131 1398 316 1430; x_wconf 83' lang='lat' dir='ltr'>Alexandro</span> <span class='ocrx_word' id='word_1_206' title='bbox 342 1399 473 1439; x_wconf 81' lang='lat' dir='ltr'>Napare</span> <span class='ocrx_word' id='word_1_207' title='bbox 496 1409 552 1439; x_wconf 81' lang='lat' dir='ltr'>pro</span> <span class='ocrx_word' id='word_1_208' title='bbox 579 1409 644 1429; x_wconf 91' lang='lat' dir='ltr'>uno</span> <span class='ocrx_word' id='word_1_209' title='bbox 673 1408 754 1439; x_wconf 87' lang='lat' dir='ltr'>equo</span> <span class='ocrx_word' id='word_1_210' title='bbox 786 1401 893 1439; x_wconf 83' lang='lat' dir='ltr'>empto</span> <span class='ocrx_word' id='word_1_211' title='bbox 921 1399 960 1430; x_wconf 84' lang='lat' dir='ltr'>ab</span> <span class='ocrx_word' id='word_1_212' title='bbox 988 1399 1099 1430; x_wconf 88' lang='lat' dir='ltr'>eodem</span> <span class='ocrx_word' id='word_1_213' title='bbox 1126 1410 1182 1441; x_wconf 88' lang='lat' dir='ltr'>per</span> 
     </span>
    </p>

    <p class='ocr_par' dir='ltr' id='par_1_20' title="bbox 134 1448 1184 1490">
     <span class='ocr_line' id='line_1_26' title="bbox 134 1448 1184 1490; baseline 0.002 -11"><span class='ocrx_word' id='word_1_214' title='bbox 134 1448 278 1479; x_wconf 85' lang='lat' dir='ltr'>dominos</span> <span class='ocrx_word' id='word_1_215' title='bbox 301 1448 340 1479; x_wconf 89' lang='lat' dir='ltr'>de</span> <span class='ocrx_word' id='word_1_216' title='bbox 363 1448 494 1479; x_wconf 90' lang='lat' dir='ltr'>consilio</span> <span class='ocrx_word' id='word_1_217' title='bbox 518 1451 550 1479; x_wconf 86' lang='lat' dir='ltr'>et</span> <span class='ocrx_word' id='word_1_218' title='bbox 572 1448 706 1479; x_wconf 85' lang='lat' dir='ltr'>liberato</span> <span class='ocrx_word' id='word_1_219' title='bbox 730 1448 857 1479; x_wconf 82' lang='lat' dir='ltr'>cuidam</span> <span class='ocrx_word' id='word_1_220' title='bbox 880 1448 1017 1490; x_wconf 81' lang='lat' dir='ltr'>Anglico</span> <span class='ocrx_word' id='word_1_221' title='bbox 1039 1450 1184 1481; x_wconf 78' lang='lat' dir='ltr'>venienti</span> 
     </span>
    </p>

    <p class='ocr_par' dir='ltr' id='par_1_21' title="bbox 132 1497 1183 1539">
     <span class='ocr_line' id='line_1_27' title="bbox 132 1497 1183 1539; baseline 0.002 -11"><span class='ocrx_word' id='word_1_222' title='bbox 132 1498 167 1528; x_wconf 91' lang='lat' dir='ltr'>in</span> <span class='ocrx_word' id='word_1_223' title='bbox 193 1498 393 1535; x_wconf 80' lang='lat' dir='ltr'>ambassiata,</span> <span class='ocrx_word' id='word_1_224' title='bbox 420 1497 459 1529; x_wconf 89' lang='lat' dir='ltr'>de</span> <span class='ocrx_word' id='word_1_225' title='bbox 485 1497 636 1529; x_wconf 85' lang='lat' dir='ltr'>mandato</span> <span class='ocrx_word' id='word_1_226' title='bbox 663 1498 786 1529; x_wconf 87' lang='lat' dir='ltr'>domini</span> <span class='ocrx_word' id='word_1_227' title='bbox 812 1498 894 1539; x_wconf 84' lang='lat' dir='ltr'>regis</span> <span class='ocrx_word' id='word_1_228' title='bbox 921 1498 1096 1530; x_wconf 81' lang='lat' dir='ltr'>literatorio</span> <span class='ocrx_word' id='word_1_229' title='bbox 1123 1499 1183 1530; x_wconf 89' lang='lat' dir='ltr'>sub</span> 
     </span>
    </p>

    <p class='ocr_par' dir='ltr' id='par_1_22' title="bbox 132 1547 1183 1589">
     <span class='ocr_line' id='line_1_28' title="bbox 132 1547 1183 1589; baseline 0 -10"><span class='ocrx_word' id='word_1_230' title='bbox 132 1547 254 1589; x_wconf 83' lang='lat' dir='ltr'>signeto</span> <span class='ocrx_word' id='word_1_231' title='bbox 270 1552 397 1578; x_wconf 87' lang='lat' dir='ltr'>ostenso</span> <span class='ocrx_word' id='word_1_232' title='bbox 413 1557 508 1588; x_wconf 82' lang='lat' dir='ltr'>super</span> <span class='ocrx_word' id='word_1_233' title='bbox 524 1550 720 1588; x_wconf 84' lang='lat' dir='ltr'>computum,</span> <span class='ocrx_word' id='word_1_234' title='bbox 735 1558 757 1578; x_wconf 82' lang='lat' dir='ltr'><strong>x</strong></span> <span class='ocrx_word' id='word_1_235' title='bbox 773 1547 805 1578; x_wconf 83' lang='lat' dir='ltr'>li.</span> <span class='ocrx_word' id='word_1_236' title='bbox 851 1548 894 1578; x_wconf 89' lang='lat' dir='ltr'>Et</span> <span class='ocrx_word' id='word_1_237' title='bbox 914 1558 971 1588; x_wconf 86' lang='lat' dir='ltr'>per</span> <span class='ocrx_word' id='word_1_238' title='bbox 987 1548 1183 1579; x_wconf 84' lang='lat' dir='ltr'>solucionem</span> 
     </span>
    </p>

    <p class='ocr_par' dir='ltr' id='par_1_23' title="bbox 132 1595 1182 1639">
     <span class='ocr_line' id='line_1_29' title="bbox 132 1595 1182 1639; baseline 0 -11"><span class='ocrx_word' id='word_1_239' title='bbox 132 1597 250 1639; x_wconf 78' lang='lat' dir='ltr'>factam</span> <span class='ocrx_word' id='word_1_240' title='bbox 272 1597 392 1628; x_wconf 85' lang='lat' dir='ltr'>Thome</span> <span class='ocrx_word' id='word_1_241' title='bbox 415 1596 580 1634; x_wconf 82' lang='lat' dir='ltr'>Vallance,</span> <span class='ocrx_word' id='word_1_242' title='bbox 596 1597 734 1633; x_wconf 81' lang='lat' dir='ltr'>ostiario,</span> <span class='ocrx_word' id='word_1_243' title='bbox 757 1607 815 1638; x_wconf 83' lang='lat' dir='ltr'>pro</span> <span class='ocrx_word' id='word_1_244' title='bbox 839 1595 932 1628; x_wconf 72' lang='lat' dir='ltr'>feodo</span> <span class='ocrx_word' id='word_1_245' title='bbox 956 1598 1077 1635; x_wconf 87' lang='grc' dir='ltr'>5110,ᾶο</span> <span class='ocrx_word' id='word_1_246' title='bbox 1092 1608 1182 1629; x_wconf 87' lang='lat' dir='ltr'>man-</span> 
     </span>
    </p>

    <p class='ocr_par' dir='ltr' id='par_1_24' title="bbox 133 1646 1184 1689">
     <span class='ocr_line' id='line_1_30' title="bbox 133 1646 1184 1689; baseline 0.002 -12"><span class='ocrx_word' id='word_1_247' title='bbox 133 1646 206 1678; x_wconf 88' lang='lat' dir='ltr'>dato</span> <span class='ocrx_word' id='word_1_248' title='bbox 232 1646 354 1677; x_wconf 89' lang='lat' dir='ltr'>domini</span> <span class='ocrx_word' id='word_1_249' title='bbox 380 1646 462 1687; x_wconf 88' lang='lat' dir='ltr'>regis</span> <span class='ocrx_word' id='word_1_250' title='bbox 488 1646 663 1677; x_wconf 82' lang='lat' dir='ltr'>literatorio</span> <span class='ocrx_word' id='word_1_251' title='bbox 690 1647 750 1678; x_wconf 87' lang='lat' dir='ltr'>sub</span> <span class='ocrx_word' id='word_1_252' title='bbox 781 1647 905 1688; x_wconf 89' lang='lat' dir='ltr'>signeto</span> <span class='ocrx_word' id='word_1_253' title='bbox 932 1650 1058 1678; x_wconf 83' lang='lat' dir='ltr'>ostenso</span> <span class='ocrx_word' id='word_1_254' title='bbox 1089 1658 1184 1689; x_wconf 88' lang='lat' dir='ltr'>super</span> 
     </span>
    </p>

    <p class='ocr_par' dir='ltr' id='par_1_25' title="bbox 131 1745 1183 1788">
     <span class='ocr_line' id='line_1_31' title="bbox 131 1745 1183 1788; baseline 0.002 -12"><span class='ocrx_word' id='word_1_255' title='bbox 131 1745 251 1777; x_wconf 83' lang='lat' dir='ltr'>Jacobo</span> <span class='ocrx_word' id='word_1_256' title='bbox 278 1745 394 1776; x_wconf 82' lang='lat' dir='ltr'>Ledale</span> <span class='ocrx_word' id='word_1_257' title='bbox 420 1756 478 1786; x_wconf 87' lang='lat' dir='ltr'>pro</span> <span class='ocrx_word' id='word_1_258' title='bbox 508 1745 698 1777; x_wconf 84' lang='lat' dir='ltr'>induccione</span> <span class='ocrx_word' id='word_1_259' title='bbox 729 1750 761 1777; x_wconf 86' lang='lat' dir='ltr'>et</span> <span class='ocrx_word' id='word_1_260' title='bbox 790 1746 973 1778; x_wconf 81' lang='lat' dir='ltr'>lucracione</span> <span class='ocrx_word' id='word_1_261' title='bbox 1005 1747 1071 1778; x_wconf 80' lang='lat' dir='ltr'>feni</span> <span class='ocrx_word' id='word_1_262' title='bbox 1097 1748 1183 1788; x_wconf 84' lang='lat' dir='ltr'>prati</span> 
     </span>
    </p>

    <p class='ocr_par' dir='ltr' id='par_1_26' title="bbox 132 1794 1182 1838">
     <span class='ocr_line' id='line_1_32' title="bbox 132 1794 1182 1838; baseline 0.003 -13"><span class='ocrx_word' id='word_1_263' title='bbox 132 1794 253 1826; x_wconf 88' lang='lat' dir='ltr'>domini</span> <span class='ocrx_word' id='word_1_264' title='bbox 267 1795 349 1836; x_wconf 83' lang='lat' dir='ltr'>regis</span> <span class='ocrx_word' id='word_1_265' title='bbox 372 1805 470 1836; x_wconf 87' lang='lat' dir='ltr'>prope</span> <span class='ocrx_word' id='word_1_266' title='bbox 485 1795 694 1836; x_wconf 83' lang='lat' dir='ltr'>Edynburgh,</span> <span class='ocrx_word' id='word_1_267' title='bbox 717 1795 756 1827; x_wconf 89' lang='lat' dir='ltr'>de</span> <span class='ocrx_word' id='word_1_268' title='bbox 779 1796 930 1827; x_wconf 84' lang='lat' dir='ltr'>mandato</span> <span class='ocrx_word' id='word_1_269' title='bbox 953 1796 1076 1827; x_wconf 86' lang='lat' dir='ltr'>domini</span> <span class='ocrx_word' id='word_1_270' title='bbox 1099 1797 1182 1838; x_wconf 84' lang='lat' dir='ltr'>regis</span> 
     </span>
    </p>

    <p class='ocr_par' dir='ltr' id='par_1_27' title="bbox 132 1843 1181 1886">
     <span class='ocr_line' id='line_1_33' title="bbox 132 1843 1181 1886; baseline 0.002 -11"><span class='ocrx_word' id='word_1_271' title='bbox 132 1843 306 1876; x_wconf 83' lang='lat' dir='ltr'>literatorio</span> <span class='ocrx_word' id='word_1_272' title='bbox 337 1845 397 1875; x_wconf 82' lang='lat' dir='ltr'>sub</span> <span class='ocrx_word' id='word_1_273' title='bbox 428 1845 551 1886; x_wconf 82' lang='lat' dir='ltr'>signeto</span> <span class='ocrx_word' id='word_1_274' title='bbox 581 1848 708 1876; x_wconf 83' lang='lat' dir='ltr'>ostenso</span> <span class='ocrx_word' id='word_1_275' title='bbox 739 1855 834 1886; x_wconf 82' lang='lat' dir='ltr'>super</span> <span class='ocrx_word' id='word_1_276' title='bbox 864 1848 1057 1886; x_wconf 85' lang='lat' dir='ltr'>compotum,</span> <span class='ocrx_word' id='word_1_277' title='bbox 1087 1846 1121 1876; x_wconf 83' lang='lat' dir='ltr'>xl</span> <span class='ocrx_word' id='word_1_278' title='bbox 1158 1850 1181 1877; x_wconf 73' lang='grc' dir='ltr'>ἓ.</span> 
     </span>
    </p>

    <p class='ocr_par' dir='ltr' id='par_1_28' title="bbox 132 1894 1398 2084">
     <span class='ocr_line' id='line_1_34' title="bbox 132 1894 1351 1937; baseline 0 -12"><span class='ocrx_word' id='word_1_279' title='bbox 132 1894 175 1925; x_wconf 89' lang='lat' dir='ltr'>Et</span> <span class='ocrx_word' id='word_1_280' title='bbox 219 1894 346 1932; x_wconf 86' lang='lat' dir='ltr'>eisdem,</span> <span class='ocrx_word' id='word_1_281' title='bbox 383 1904 440 1935; x_wconf 87' lang='lat' dir='ltr'>per</span> <span class='ocrx_word' id='word_1_282' title='bbox 484 1894 680 1926; x_wconf 86' lang='lat' dir='ltr'>solucionem</span> <span class='ocrx_word' id='word_1_283' title='bbox 725 1894 844 1926; x_wconf 81' lang='lat' dir='ltr'>factam</span> <span class='ocrx_word' id='word_1_284' title='bbox 887 1895 1009 1926; x_wconf 80' lang='lat' dir='ltr'>Jacobo</span> <span class='ocrx_word' id='word_1_285' title='bbox 1054 1895 1182 1926; x_wconf 88' lang='lat' dir='ltr'>domino</span> <span class='ocrx_word' id='word_1_286' title='bbox 1196 1913 1247 1936; x_wconf 82' lang='lat' dir='ltr'>Hec</span> <span class='ocrx_word' id='word_1_287' title='bbox 1258 1921 1351 1937; x_wconf 76' lang='lat' dir='ltr'>summa</span> 
     </span>
     <span class='ocr_line' id='line_1_35' title="bbox 132 1939 1364 1996; baseline 0.002 -22"><span class='ocrx_word' id='word_1_288' title='bbox 132 1939 367 1985; x_wconf 89' lang='lat' dir='ltr'>Levingstoune</span> <span class='ocrx_word' id='word_1_289' title='bbox 383 1943 422 1974; x_wconf 88' lang='lat' dir='ltr'>de</span> <span class='ocrx_word' id='word_1_290' title='bbox 437 1944 587 1975; x_wconf 78' lang='lat' dir='ltr'>mandato</span> <span class='ocrx_word' id='word_1_291' title='bbox 604 1943 726 1975; x_wconf 87' lang='lat' dir='ltr'>domini</span> <span class='ocrx_word' id='word_1_292' title='bbox 741 1944 831 1985; x_wconf 87' lang='lat' dir='ltr'>regis,</span> <span class='ocrx_word' id='word_1_293' title='bbox 847 1946 884 1974; x_wconf 86' lang='lat' dir='ltr'>nt</span> <span class='ocrx_word' id='word_1_294' title='bbox 899 1947 988 1985; x_wconf 86' lang='lat' dir='ltr'>patet</span> <span class='ocrx_word' id='word_1_295' title='bbox 1004 1954 1059 1984; x_wconf 88' lang='lat' dir='ltr'>per</span> <span class='ocrx_word' id='word_1_296' title='bbox 1074 1944 1182 1976; x_wconf 84' lang='lat' dir='ltr'>literas</span> <span class='ocrx_word' id='word_1_297' title='bbox 1196 1943 1276 1995; x_wconf 44' lang='lat'>{⁰¹¹¹}</span> <span class='ocrx_word' id='word_1_298' title='bbox 1286 1946 1322 1996; x_wconf 55' lang='lat' dir='ltr'>eff</span> <span class='ocrx_word' id='word_1_299' title='bbox 1360 1974 1364 1978; x_wconf 90' lang='lat'>.</span> 
     </span>
     <span class='ocr_line' id='line_1_36' title="bbox 133 1980 1398 2035; baseline 0.001 -11"><span class='ocrx_word' id='word_1_300' title='bbox 133 1985 205 2033; x_wconf 73' lang='lat' dir='ltr'>suas</span> <span class='ocrx_word' id='word_1_301' title='bbox 226 1993 286 2024; x_wconf 84' lang='lat' dir='ltr'>sub</span> <span class='ocrx_word' id='word_1_302' title='bbox 309 1993 431 2034; x_wconf 85' lang='lat' dir='ltr'>signeto</span> <span class='ocrx_word' id='word_1_303' title='bbox 454 1993 493 2024; x_wconf 86' lang='lat' dir='ltr'>de</span> <span class='ocrx_word' id='word_1_304' title='bbox 516 1997 674 2035; x_wconf 83' lang='lat' dir='ltr'>precepto,</span> <span class='ocrx_word' id='word_1_305' title='bbox 690 1997 722 2025; x_wconf 83' lang='lat' dir='ltr'>et</span> <span class='ocrx_word' id='word_1_306' title='bbox 745 1994 895 2034; x_wconf 82' lang='lat' dir='ltr'>magistro</span> <span class='ocrx_word' id='word_1_307' title='bbox 918 1993 1025 2024; x_wconf 81' lang='lat' dir='ltr'>David</span> <span class='ocrx_word' id='word_1_308' title='bbox 1050 1993 1182 2031; x_wconf 81' lang='lat' dir='ltr'>Guthre,</span> <span class='ocrx_word' id='word_1_309' title='bbox 1197 1980 1398 2031; x_wconf 45' lang='lat' dir='ltr'>Lissingstffiilffi</span> 
     </span>
     <span class='ocr_line' id='line_1_37' title="bbox 133 2033 1398 2084; baseline 0.001 -11"><span class='ocrx_word' id='word_1_310' title='bbox 133 2042 337 2080; x_wconf 85' lang='lat' dir='ltr'>thesaurario,</span> <span class='ocrx_word' id='word_1_311' title='bbox 359 2046 498 2074; x_wconf 84' lang='lat' dir='ltr'>testante</span> <span class='ocrx_word' id='word_1_312' title='bbox 521 2043 718 2074; x_wconf 87' lang='lat' dir='ltr'>solucionem</span> <span class='ocrx_word' id='word_1_313' title='bbox 741 2054 836 2084; x_wconf 79' lang='lat' dir='ltr'>super</span> <span class='ocrx_word' id='word_1_314' title='bbox 857 2046 1049 2084; x_wconf 74' lang='lat' dir='ltr'>compotum,</span> <span class='ocrx_word' id='word_1_315' title='bbox 1065 2037 1133 2084; x_wconf 64' lang='lat' dir='ltr'>lxirj</span> <span class='ocrx_word' id='word_1_316' title='bbox 1150 2043 1181 2074; x_wconf 76' lang='lat' dir='ltr'>h&#39;.</span> <span class='ocrx_word' id='word_1_317' title='bbox 1196 2033 1289 2061; x_wconf 76' lang='lat' dir='ltr'>partem</span> <span class='ocrx_word' id='word_1_318' title='bbox 1298 2033 1398 2055; x_wconf 73' lang='lat'><strong>⁵⁰¹¹¹⁰¹⁰&#39;</strong></span> 
     </span>
    </p>
   </div>
   <div class='ocr_carea' id='block_1_4' title="bbox 1196 2062 1397 2084">
    <p class='ocr_par' dir='ltr' id='par_1_29' title="bbox 1196 2062 1397 2084">
     <span class='ocr_line' id='line_1_38' title="bbox 1196 2062 1397 2084; baseline 0.005 -1"><span class='ocrx_word' id='word_1_319' title='bbox 1196 2062 1233 2084; x_wconf 88' lang='lat' dir='ltr'>nis</span> <span class='ocrx_word' id='word_1_320' title='bbox 1246 2063 1342 2084; x_wconf 81' lang='lat' dir='ltr'>centum</span> <span class='ocrx_word' id='word_1_321' title='bbox 1353 2062 1397 2084; x_wconf 90' lang='lat' dir='ltr'>lib-</span> 
     </span>
    </p>
   </div>
   <div class='ocr_carea' id='block_1_5' title="bbox 133 2092 1384 2144">
    <p class='ocr_par' dir='ltr' id='par_1_30' title="bbox 133 2092 1384 2144">
     <span class='ocr_line' id='line_1_39' title="bbox 133 2092 1384 2144; baseline 0.002 -22"><span class='ocrx_word' id='word_1_322' title='bbox 133 2092 175 2123; x_wconf 87' lang='lat' dir='ltr'>Et</span> <span class='ocrx_word' id='word_1_323' title='bbox 197 2102 254 2133; x_wconf 86' lang='lat' dir='ltr'>per</span> <span class='ocrx_word' id='word_1_324' title='bbox 283 2092 477 2124; x_wconf 88' lang='lat' dir='ltr'>solucionem</span> <span class='ocrx_word' id='word_1_325' title='bbox 502 2093 617 2124; x_wconf 83' lang='lat' dir='ltr'>factam</span> <span class='ocrx_word' id='word_1_326' title='bbox 642 2093 726 2124; x_wconf 84' lang='lat' dir='ltr'>dicto</span> <span class='ocrx_word' id='word_1_327' title='bbox 750 2093 878 2124; x_wconf 87' lang='lat' dir='ltr'>domino</span> <span class='ocrx_word' id='word_1_328' title='bbox 906 2092 1132 2133; x_wconf 85' lang='lat' dir='ltr'>Levingstoun,</span> <span class='ocrx_word' id='word_1_329' title='bbox 1149 2093 1182 2123; x_wconf 90' lang='lat' dir='ltr'>in</span> <span class='ocrx_word' id='word_1_330' title='bbox 1196 2097 1276 2143; x_wconf 48' lang='grc' dir='ltr'>ἓξὲξ</span> <span class='ocrx_word' id='word_1_331' title='bbox 1287 2098 1384 2144; x_wconf 52' lang='lat' dir='ltr'>{gffixio</span> 
     </span>
    </p>
   </div>
   <div class='ocr_carea' id='block_1_6' title="bbox 134 2141 1252 2223">
    <p class='ocr_par' dir='ltr' id='par_1_31' title="bbox 134 2141 1252 2223">
     <span class='ocr_line' id='line_1_40' title="bbox 134 2141 1252 2182; baseline 0 -10"><span class='ocrx_word' id='word_1_332' title='bbox 134 2145 258 2182; x_wconf 84' lang='lat' dir='ltr'>partem</span> <span class='ocrx_word' id='word_1_333' title='bbox 274 2141 444 2173; x_wconf 77' lang='lat' dir='ltr'>solucionis</span> <span class='ocrx_word' id='word_1_334' title='bbox 460 2142 670 2174; x_wconf 85' lang='lat' dir='ltr'>ducentarum</span> <span class='ocrx_word' id='word_1_335' title='bbox 685 2143 840 2174; x_wconf 87' lang='lat' dir='ltr'>librarum</span> <span class='ocrx_word' id='word_1_336' title='bbox 855 2141 917 2173; x_wconf 87' lang='lat' dir='ltr'>sibi</span> <span class='ocrx_word' id='word_1_337' title='bbox 940 2141 1128 2180; x_wconf 87' lang='lat' dir='ltr'>debitarum,</span> <span class='ocrx_word' id='word_1_338' title='bbox 1144 2142 1183 2174; x_wconf 86' lang='lat' dir='ltr'>de</span> <span class='ocrx_word' id='word_1_339' title='bbox 1196 2150 1252 2179; x_wconf 79' lang='lat' dir='ltr'>regi.</span> 
     </span>
     <span class='ocr_line' id='line_1_41' title="bbox 178 2197 1054 2223; baseline -0.008 -1"><span class='ocrx_word' id='word_1_340' title='bbox 178 2199 249 2222; x_wconf 72' lang='lat' dir='ltr'>von</span> <span class='ocrx_word' id='word_1_341' title='bbox 265 2197 320 2223; x_wconf 84' lang='lat' dir='ltr'>vn.</span> <span class='ocrx_word' id='word_1_342' title='bbox 1030 2199 1054 2221; x_wconf 76' lang='lat' dir='ltr'><strong>K</strong></span> 
     </span>
    </p>
   </div>
  </div>
 </body>
</html>
