1551 2462
1 268 5 271 -
39 222 175 282 [1469.
394 247 555 279 REGUM
579 247 825 280 sco-TORUM.
1069 251 1129 279 655

42 341 353 379 ,¹architenencium
369 340 488 372 stabuli
512 343 545 371 et
567 340 664 371 unius
687 339 810 377 verleti,
834 340 1078 380 expectancium
1094 340 1129 370 in

8 388 13 407 ³
53 420 61 427 ,
83 390 250 422 Faukland
274 400 293 421 a
318 389 417 420 tercio
436 389 519 420 Maii
539 388 696 419 inclusive
718 398 821 429 usque
844 388 1017 428 septimum
1039 388 1060 419 J
1063 388 1131 426 ulii,

4 448 6 450 ’
39 462 52 481 s
83 439 224 482 quisunt
238 439 404 480 sexaginta
419 439 561 479 quinque
578 438 653 474 dies,
666 448 728 478 que
744 448 808 468 non
823 437 985 468 intrantur
994 438 1027 468 in
1040 437 1131 468 libris

46 491 60 515 ἐ
76 484 244 526 Homicilij,
260 492 297 520 ut
311 492 402 529 patet
416 489 450 519 in
473 488 602 525 eisdem,
623 498 644 518 x
667 487 698 518 fi.
723 497 766 518 xv
789 491 812 518 s.
828 487 862 517 ix
885 486 916 518 d.
960 487 1003 517 Et
1019 486 1131 524 eidem,

43 534 121 571 =de
144 538 243 570 firmis
269 541 428 569 terrarum
458 537 498 568 de
524 537 612 568 Estir
643 537 745 577 Rossy
775 539 808 567 et
837 536 923 567 Aule
954 536 993 567 de
1016 536 1129 577 Rossy,

38 587 39 591 ’
58 587 299 630 {fiissedatarum
316 587 355 618 ad
380 586 591 618 feodifirmam
612 586 779 617 Willelmo
801 586 925 617 Bonare
947 596 1003 626 pro
1020 586 1129 617 decem

42 631 173 670 libris
198 637 234 667 in
259 646 352 673 anno,
376 635 453 667 licet
476 638 666 676 computans
693 638 842 666 oneretur
866 645 940 666 cum
964 635 1132 666 duodecim

55 681 75 716 Ῑ
85 685 182 724 libris,
198 688 236 717 ut
250 689 340 726 patet
354 695 410 726 per
426 689 547 716 cartam
564 684 687 715 domini
709 684 790 726 regis
814 685 874 715 sub
897 695 1012 725 magno
1028 684 1132 725 sigillo

84 737 243 768 ostensam
273 745 369 776 super
399 737 594 775 computum,
629 734 668 765 de
699 744 784 765 anno
814 734 957 775 computi
987 737 1020 765 eb
1049 744 1133 765 anno

59 867 62 871 ,
83 837 238 866 terrarum
291 833 330 864 de
375 833 406 864 le
459 833 565 874 Myris
603 832 643 864 de
689 832 938 874 Uchtermukty,
977 835 1135 865 concessis

51 887 74 918 ””,
84 883 226 916 Johanni
244 882 445 924 Scrimgeour
460 882 496 913 in
512 882 604 914 feodo
621 892 686 919 suo,
703 882 950 913 extendencium
966 883 1134 914 annuatim

48 936 51 937 ’
80 932 127 965 ad
148 932 257 964 decem
284 932 381 963 libras
405 931 483 963 licet
505 932 591 963 dicto
615 931 759 963 Johanni
781 932 816 962 in
842 931 935 963 feodo
958 931 1135 963 allocentur

42 987 63 998 ”
83 981 192 1014 decem
207 991 313 1012 marce
329 981 507 1018 annuatim,
522 981 583 1012 hoc
601 991 685 1012 anno
708 984 740 1012 et
764 980 888 1012 duobus
911 981 1005 1012 annis
1027 991 1135 1022 prece-

57 1030 244 1070 ‚·.dentibus,
270 1034 308 1062 ut
334 1033 424 1071 patet
450 1031 484 1061 in
512 1029 626 1061 rotulis
642 1029 815 1061 eorundem
840 1033 1071 1071 computorum,
1096 1031 1136 1062 de

39 1079 70 1126 '3
85 1082 236 1114 mandato
262 1082 384 1113 domini
406 1082 490 1123 regis
512 1081 690 1113 literatorio
713 1081 773 1113 sub
789 1081 912 1123 signeto
935 1082 1136 1115 auditoribus

59 1152 61 1154 ·
85 1131 236 1163 scaccarii
259 1131 379 1163 directo
407 1131 447 1162 ad
471 1131 676 1162 allocandum
706 1131 768 1162 sibi
795 1131 882 1162 omni
912 1141 996 1162 anno
1026 1132 1136 1164 decem

43 1176 71 1219 “,
86 1178 184 1213 libras
198 1184 294 1223 prout
310 1181 476 1212 consuevit
500 1181 631 1212 Coxwel
652 1180 777 1218 habere,
793 1184 919 1212 ostenso
943 1191 1038 1222 super
1052 1192 1136 1213 com-

87 1234 210 1273 putum,
225 1242 248 1262 x
263 1231 294 1262 11.
340 1232 383 1262 Et
406 1231 518 1268 eidem,
534 1241 590 1272 pro
606 1234 678 1261 octo
700 1230 814 1262 celdris
837 1230 948 1262 decem
963 1230 1057 1262 bollis
1072 1242 1138 1263 una

79 1280 201 1312 ›ferlota
228 1291 401 1312 avenarum
425 1280 542 1321 emptis
557 1283 590 1311 et
605 1279 787 1321 expenditis
810 1283 843 1311 et
866 1290 929 1311 non
951 1280 1080 1312 intratis
1102 1281 1138 1312 in

40 1323 70 1354 's
85 1329 176 1361 libris
199 1330 362 1367 domicilii,
385 1340 403 1360 a
429 1329 528 1361 tercio
554 1329 636 1360 Maii
662 1329 819 1360 inclusive
839 1340 941 1370 usque
964 1330 1137 1371 septimum

63 1380 65 1382 ’
87 1379 170 1412 Julii
197 1380 299 1411 eciam
322 1379 488 1417 inclusive,
505 1389 567 1420 que
594 1382 670 1410 sunt
695 1379 862 1420 sexaginta
892 1379 1035 1420 quinque
1061 1380 1137 1418 dies,

88 1428 173 1461 ultra
187 1429 329 1471 proprias
345 1439 462 1460 avenas
478 1428 600 1460 domini
623 1428 714 1469 regis,
735 1428 878 1469 precium
901 1429 985 1460 bolle
1001 1432 1138 1470 quatuor

54 1491 56 1495 ·
89 1478 191 1516 solidi,
207 1479 296 1520 xxvij
320 1478 353 1510 11.
377 1478 435 1519 xiij
459 1482 483 1510 s.
529 1478 572 1510 Et
594 1478 708 1516 eidem,
731 1488 787 1519 pro
810 1489 876 1510 una
898 1478 1005 1511 celdra
1028 1480 1138 1511 decem

89 1527 183 1559 bonis
200 1537 372 1561 avenarum
389 1528 531 1569 ejusdem
555 1528 654 1569 precii
676 1528 805 1559 intratis
828 1528 862 1559 in
877 1528 968 1560 libris
984 1529 1138 1562 domicilii

57 1610 61 1614 ,
76 1587 109 1619 ,a
123 1577 248 1609 decimo
263 1578 362 1609 tercio
385 1578 525 1619 Augusti
548 1588 649 1619 usque
671 1580 800 1609 sextum
823 1578 1019 1619 Septembris
1035 1579 1138 1610 inclu-
1152 1576 1316 1629 ξνῗιῐὲζηᾱθῦῑῑ

89 1625 166 1664 sive,
191 1637 214 1658 v
237 1627 269 1659 ri.
292 1627 339 1668 iiij
364 1631 397 1664 s„
419 1637 477 1668 pro
500 1627 618 1668 quibus
640 1626 726 1658 idem
747 1627 904 1658 rotulator
925 1628 1137 1669 respondebit.
1151 1624 1277 1659 rotulaior.

82 1675 132 1708 *Et
147 1675 259 1714 eidem,
274 1686 332 1717 pro
348 1676 421 1707 feno
437 1676 587 1708 decimali
609 1676 693 1717 prati
715 1676 754 1707 de
776 1677 804 1707 F
804 1676 946 1708 aukland
966 1678 1139 1719 expendito

83 1735 186 1767 ¹super
211 1736 309 1767 equos
334 1726 415 1767 regis
442 1728 475 1757 et
505 1726 624 1757 intrato
654 1725 689 1756 in
719 1725 809 1757 libris
835 1726 990 1757 domicilii
1020 1728 1139 1768 absque

43 1771 64 1790 *²
89 1775 204 1817 precio,
220 1776 266 1816 iiij
291 1776 325 1808 fi.
370 1776 503 1807 Summa
527 1785 748 1816 expensarum,
770 1774 875 1816 vj⁰xix
897 1775 929 1807 u.
954 1776 999 1816 xij
1024 1780 1047 1808 s.
1070 1777 1093 1818 ij
1111 1777 1139 1808 d.
