<?xml version="1.0" encoding="UTF-8"?>
<!DOCTYPE html PUBLIC "-//W3C//DTD XHTML 1.0 Transitional//EN"
    "http://www.w3.org/TR/xhtml1/DTD/xhtml1-transitional.dtd">
<html xmlns="http://www.w3.org/1999/xhtml" xml:lang="en" lang="en">
 <head>
  <title>
</title>
<meta http-equiv="Content-Type" content="text/html;charset=utf-8" />
  <meta name='ocr-system' content='tesseract 3.04.00' />
  <meta name='ocr-capabilities' content='ocr_page ocr_carea ocr_par ocr_line ocrx_word'/>
</head>
<body>
  <div class='ocr_page' id='page_1' title='image "./rotuliscaccariir07scot_0194.png"; bbox 0 0 1551 2462; ppageno 0'>
   <div class='ocr_carea' id='block_1_1' title="bbox 351 272 1397 305">
    <p class='ocr_par' dir='ltr' id='par_1_1' title="bbox 351 272 1397 305">
     <span class='ocr_line' id='line_1_1' title="bbox 351 272 1397 305; baseline -0.003 0"><span class='ocrx_word' id='word_1_1' title='bbox 351 277 410 305; x_wconf 87' lang='lat'>116</span> <span class='ocrx_word' id='word_1_2' title='bbox 652 273 817 305; x_wconf 80' lang='lat' dir='ltr'>ROTULI</span> <span class='ocrx_word' id='word_1_3' title='bbox 841 272 1076 305; x_wconf 82' lang='lat' dir='ltr'>SCACCARII</span> <span class='ocrx_word' id='word_1_4' title='bbox 1307 274 1397 303; x_wconf 80' lang='lat'>1462.</span> 
     </span>
    </p>
   </div>
   <div class='ocr_carea' id='block_1_2' title="bbox 343 364 1401 2238">
    <p class='ocr_par' dir='ltr' id='par_1_2' title="bbox 347 364 1398 507">
     <span class='ocr_line' id='line_1_2' title="bbox 347 364 1398 407; baseline -0.003 -9"><span class='ocrx_word' id='word_1_5' title='bbox 347 367 390 398; x_wconf 69' lang='lat' dir='ltr'>Et</span> <span class='ocrx_word' id='word_1_6' title='bbox 417 366 455 398; x_wconf 89' lang='lat' dir='ltr'>de</span> <span class='ocrx_word' id='word_1_7' title='bbox 486 366 520 407; x_wconf 82' lang='lat' dir='ltr'>iij</span> <span class='ocrx_word' id='word_1_8' title='bbox 547 371 570 398; x_wconf 70' lang='grc' dir='ltr'>Ξ.</span> <span class='ocrx_word' id='word_1_9' title='bbox 598 366 637 398; x_wconf 97' lang='grc'>(18</span> <span class='ocrx_word' id='word_1_10' title='bbox 663 366 693 398; x_wconf 89' lang='grc'>18</span> <span class='ocrx_word' id='word_1_11' title='bbox 720 366 810 398; x_wconf 81' lang='lat' dir='ltr'>Mote</span> <span class='ocrx_word' id='word_1_12' title='bbox 841 365 879 397; x_wconf 92' lang='lat' dir='ltr'>de</span> <span class='ocrx_word' id='word_1_13' title='bbox 905 366 960 397; x_wconf 82' lang='lat' dir='ltr'>Ur.</span> <span class='ocrx_word' id='word_1_14' title='bbox 1005 365 1048 396; x_wconf 70' lang='lat' dir='ltr'>Et</span> <span class='ocrx_word' id='word_1_15' title='bbox 1073 365 1111 396; x_wconf 88' lang='lat' dir='ltr'>de</span> <span class='ocrx_word' id='word_1_16' title='bbox 1139 365 1174 396; x_wconf 90' lang='lat' dir='ltr'>xl</span> <span class='ocrx_word' id='word_1_17' title='bbox 1200 368 1224 396; x_wconf 71' lang='grc' dir='ltr'>ἓ.</span> <span class='ocrx_word' id='word_1_18' title='bbox 1248 367 1331 396; x_wconf 78' lang='lat' dir='ltr'>terre</span> <span class='ocrx_word' id='word_1_19' title='bbox 1358 364 1398 395; x_wconf 87' lang='lat' dir='ltr'>de</span> 
     </span>
     <span class='ocr_line' id='line_1_3' title="bbox 348 414 1396 455; baseline -0.003 -8"><span class='ocrx_word' id='word_1_20' title='bbox 348 416 507 447; x_wconf 79' lang='lat' dir='ltr'>Richarne</span> <span class='ocrx_word' id='word_1_21' title='bbox 534 416 573 447; x_wconf 84' lang='lat' dir='ltr'>de</span> <span class='ocrx_word' id='word_1_22' title='bbox 600 415 694 447; x_wconf 78' lang='lat' dir='ltr'>dictis</span> <span class='ocrx_word' id='word_1_23' title='bbox 718 416 822 447; x_wconf 83' lang='lat' dir='ltr'>tribus</span> <span class='ocrx_word' id='word_1_24' title='bbox 845 415 991 447; x_wconf 83' lang='lat' dir='ltr'>terminis</span> <span class='ocrx_word' id='word_1_25' title='bbox 1014 414 1097 445; x_wconf 83' lang='lat' dir='ltr'>infra</span> <span class='ocrx_word' id='word_1_26' title='bbox 1120 414 1180 445; x_wconf 82' lang='lat' dir='ltr'>hoe</span> <span class='ocrx_word' id='word_1_27' title='bbox 1206 417 1396 455; x_wconf 75' lang='lat' dir='ltr'>compotum.</span> 
     </span>
     <span class='ocr_line' id='line_1_4' title="bbox 349 463 1238 507; baseline -0.003 -10"><span class='ocrx_word' id='word_1_28' title='bbox 349 466 481 497; x_wconf 85' lang='lat' dir='ltr'>Summa</span> <span class='ocrx_word' id='word_1_29' title='bbox 498 465 596 507; x_wconf 83' lang='lat' dir='ltr'>hujus</span> <span class='ocrx_word' id='word_1_30' title='bbox 612 466 724 503; x_wconf 83' lang='lat' dir='ltr'>oneris,</span> <span class='ocrx_word' id='word_1_31' title='bbox 740 464 937 506; x_wconf 66' lang='lat' dir='ltr'>iiijclxxxviij</span> <span class='ocrx_word' id='word_1_32' title='bbox 955 465 988 497; x_wconf 77' lang='grc'>11.</span> <span class='ocrx_word' id='word_1_33' title='bbox 1005 465 1048 505; x_wconf 88' lang='lat' dir='ltr'>vij</span> <span class='ocrx_word' id='word_1_34' title='bbox 1067 469 1089 495; x_wconf 73' lang='lat' dir='ltr'>s.</span> <span class='ocrx_word' id='word_1_35' title='bbox 1106 464 1127 505; x_wconf 89' lang='lat' dir='ltr'>ij</span> <span class='ocrx_word' id='word_1_36' title='bbox 1145 463 1174 495; x_wconf 80' lang='lat' dir='ltr'>d.</span> <span class='ocrx_word' id='word_1_37' title='bbox 1191 464 1238 495; x_wconf 77' lang='lat' dir='ltr'>ob.</span> 
     </span>
    </p>

    <p class='ocr_par' dir='ltr' id='par_1_3' title="bbox 346 513 1400 1398">
     <span class='ocr_line' id='line_1_5' title="bbox 391 513 1398 555; baseline -0.002 -9"><span class='ocrx_word' id='word_1_38' title='bbox 391 516 485 552; x_wconf 77' lang='lat' dir='ltr'>Item,</span> <span class='ocrx_word' id='word_1_39' title='bbox 505 515 591 546; x_wconf 88' lang='lat' dir='ltr'>idem</span> <span class='ocrx_word' id='word_1_40' title='bbox 614 519 724 546; x_wconf 76' lang='lat' dir='ltr'>onerat</span> <span class='ocrx_word' id='word_1_41' title='bbox 747 525 780 547; x_wconf 87' lang='lat' dir='ltr'>se</span> <span class='ocrx_word' id='word_1_42' title='bbox 796 515 835 546; x_wconf 89' lang='lat' dir='ltr'>de</span> <span class='ocrx_word' id='word_1_43' title='bbox 859 515 913 555; x_wconf 83' lang='lat' dir='ltr'>xvj</span> <span class='ocrx_word' id='word_1_44' title='bbox 937 514 969 546; x_wconf 75' lang='grc'>11.</span> <span class='ocrx_word' id='word_1_45' title='bbox 994 513 1033 545; x_wconf 87' lang='lat' dir='ltr'>de</span> <span class='ocrx_word' id='word_1_46' title='bbox 1056 514 1156 544; x_wconf 88' lang='lat' dir='ltr'>firmis</span> <span class='ocrx_word' id='word_1_47' title='bbox 1178 517 1336 545; x_wconf 79' lang='lat' dir='ltr'>terrarum</span> <span class='ocrx_word' id='word_1_48' title='bbox 1359 513 1398 544; x_wconf 90' lang='lat' dir='ltr'>de</span> 
     </span>
     <span class='ocr_line' id='line_1_6' title="bbox 347 562 1399 606; baseline -0.002 -11"><span class='ocrx_word' id='word_1_49' title='bbox 347 565 565 606; x_wconf 76' lang='lat' dir='ltr'>Fyntillaueh,</span> <span class='ocrx_word' id='word_1_50' title='bbox 582 565 720 601; x_wconf 80' lang='lat' dir='ltr'>Beauoh,</span> <span class='ocrx_word' id='word_1_51' title='bbox 737 564 912 601; x_wconf 75' lang='lat' dir='ltr'>Cu1ruthir,</span> <span class='ocrx_word' id='word_1_52' title='bbox 929 563 1101 600; x_wconf 85' lang='lat' dir='ltr'>Garnkirk,</span> <span class='ocrx_word' id='word_1_53' title='bbox 1113 567 1146 594; x_wconf 79' lang='lat' dir='ltr'>et</span> <span class='ocrx_word' id='word_1_54' title='bbox 1159 562 1348 603; x_wconf 77' lang='lat' dir='ltr'>Olenlontag</span> <span class='ocrx_word' id='word_1_55' title='bbox 1360 563 1399 594; x_wconf 92' lang='lat' dir='ltr'>de</span> 
     </span>
     <span class='ocr_line' id='line_1_7' title="bbox 347 612 1397 654; baseline -0.002 -9"><span class='ocrx_word' id='word_1_56' title='bbox 347 614 441 645; x_wconf 77' lang='lat' dir='ltr'>dictis</span> <span class='ocrx_word' id='word_1_57' title='bbox 457 615 560 646; x_wconf 82' lang='lat' dir='ltr'>tribus</span> <span class='ocrx_word' id='word_1_58' title='bbox 576 614 729 646; x_wconf 75' lang='lat' dir='ltr'>terminis.</span> <span class='ocrx_word' id='word_1_59' title='bbox 776 614 819 644; x_wconf 69' lang='lat' dir='ltr'>Et</span> <span class='ocrx_word' id='word_1_60' title='bbox 835 613 873 644; x_wconf 88' lang='lat' dir='ltr'>de</span> <span class='ocrx_word' id='word_1_61' title='bbox 890 614 920 654; x_wconf 91' lang='lat' dir='ltr'>vj</span> <span class='ocrx_word' id='word_1_62' title='bbox 939 613 970 644; x_wconf 71' lang='lat' dir='ltr'>fi.</span> <span class='ocrx_word' id='word_1_63' title='bbox 987 624 1009 643; x_wconf 86' lang='grc' dir='ltr'>Χ</span> <span class='ocrx_word' id='word_1_64' title='bbox 1025 617 1048 644; x_wconf 70' lang='grc' dir='ltr'>ἔ.</span> <span class='ocrx_word' id='word_1_65' title='bbox 1064 616 1147 644; x_wconf 79' lang='lat' dir='ltr'>terre</span> <span class='ocrx_word' id='word_1_66' title='bbox 1162 612 1201 643; x_wconf 89' lang='lat' dir='ltr'>de</span> <span class='ocrx_word' id='word_1_67' title='bbox 1215 612 1397 643; x_wconf 82' lang='lat' dir='ltr'>Clauehree.</span> 
     </span>
     <span class='ocr_line' id='line_1_8' title="bbox 347 661 1399 704; baseline -0.003 -9"><span class='ocrx_word' id='word_1_68' title='bbox 347 664 390 695; x_wconf 68' lang='lat' dir='ltr'>Et</span> <span class='ocrx_word' id='word_1_69' title='bbox 417 664 456 695; x_wconf 89' lang='lat' dir='ltr'>de</span> <span class='ocrx_word' id='word_1_70' title='bbox 477 664 520 704; x_wconf 88' lang='lat' dir='ltr'>vij</span> <span class='ocrx_word' id='word_1_71' title='bbox 547 664 580 695; x_wconf 72' lang='lat' dir='ltr'>fi.</span> <span class='ocrx_word' id='word_1_72' title='bbox 602 674 623 694; x_wconf 97' lang='grc' dir='ltr'>Χ</span> <span class='ocrx_word' id='word_1_73' title='bbox 646 668 669 694; x_wconf 74' lang='grc' dir='ltr'>ἓ.</span> <span class='ocrx_word' id='word_1_74' title='bbox 685 667 768 694; x_wconf 80' lang='lat' dir='ltr'>terre</span> <span class='ocrx_word' id='word_1_75' title='bbox 791 663 830 694; x_wconf 90' lang='lat' dir='ltr'>de</span> <span class='ocrx_word' id='word_1_76' title='bbox 855 662 1048 694; x_wconf 83' lang='lat' dir='ltr'>Corwalcok.</span> <span class='ocrx_word' id='word_1_77' title='bbox 1093 662 1136 692; x_wconf 75' lang='lat' dir='ltr'>Et</span> <span class='ocrx_word' id='word_1_78' title='bbox 1156 662 1195 693; x_wconf 88' lang='lat' dir='ltr'>de</span> <span class='ocrx_word' id='word_1_79' title='bbox 1217 662 1249 702; x_wconf 89' lang='lat' dir='ltr'>vj</span> <span class='ocrx_word' id='word_1_80' title='bbox 1274 661 1306 693; x_wconf 69' lang='lat'>11¹.</span> <span class='ocrx_word' id='word_1_81' title='bbox 1331 672 1352 692; x_wconf 83' lang='lat' dir='ltr'>x</span> <span class='ocrx_word' id='word_1_82' title='bbox 1375 666 1399 693; x_wconf 73' lang='grc' dir='ltr'>ἓ.</span> 
     </span>
     <span class='ocr_line' id='line_1_9' title="bbox 347 711 1398 754; baseline -0.003 -9"><span class='ocrx_word' id='word_1_83' title='bbox 347 717 429 745; x_wconf 78' lang='lat' dir='ltr'>terre</span> <span class='ocrx_word' id='word_1_84' title='bbox 445 713 484 745; x_wconf 89' lang='lat' dir='ltr'>de</span> <span class='ocrx_word' id='word_1_85' title='bbox 503 713 753 754; x_wconf 83' lang='lat' dir='ltr'>Garroquhyrne.</span> <span class='ocrx_word' id='word_1_86' title='bbox 800 713 841 743; x_wconf 72' lang='lat' dir='ltr'>Et</span> <span class='ocrx_word' id='word_1_87' title='bbox 854 712 892 743; x_wconf 94' lang='lat' dir='ltr'>de</span> <span class='ocrx_word' id='word_1_88' title='bbox 908 713 939 753; x_wconf 92' lang='lat' dir='ltr'>vj</span> <span class='ocrx_word' id='word_1_89' title='bbox 953 712 985 742; x_wconf 69' lang='lat' dir='ltr'>fi.</span> <span class='ocrx_word' id='word_1_90' title='bbox 1003 715 1086 743; x_wconf 81' lang='lat' dir='ltr'>terre</span> <span class='ocrx_word' id='word_1_91' title='bbox 1101 711 1140 742; x_wconf 90' lang='lat' dir='ltr'>de</span> <span class='ocrx_word' id='word_1_92' title='bbox 1151 711 1398 752; x_wconf 86' lang='lat' dir='ltr'>Blaremaukyn.</span> 
     </span>
     <span class='ocr_line' id='line_1_10' title="bbox 348 760 1398 803; baseline -0.001 -10"><span class='ocrx_word' id='word_1_93' title='bbox 348 763 391 794; x_wconf 68' lang='lat' dir='ltr'>Et</span> <span class='ocrx_word' id='word_1_94' title='bbox 407 763 445 793; x_wconf 90' lang='lat' dir='ltr'>de</span> <span class='ocrx_word' id='word_1_95' title='bbox 462 763 493 803; x_wconf 86' lang='lat' dir='ltr'>vj</span> <span class='ocrx_word' id='word_1_96' title='bbox 511 762 542 793; x_wconf 80' lang='grc'>11.</span> <span class='ocrx_word' id='word_1_97' title='bbox 560 774 581 794; x_wconf 86' lang='lat' dir='ltr'><strong>x</strong></span> <span class='ocrx_word' id='word_1_98' title='bbox 597 767 621 794; x_wconf 74' lang='lat' dir='ltr'>s.</span> <span class='ocrx_word' id='word_1_99' title='bbox 638 766 721 794; x_wconf 70' lang='lat' dir='ltr'>berre</span> <span class='ocrx_word' id='word_1_100' title='bbox 738 762 776 793; x_wconf 90' lang='lat' dir='ltr'>de</span> <span class='ocrx_word' id='word_1_101' title='bbox 800 761 1015 793; x_wconf 82' lang='lat' dir='ltr'>Knokaffrice.</span> <span class='ocrx_word' id='word_1_102' title='bbox 1060 761 1103 792; x_wconf 76' lang='lat' dir='ltr'>Et</span> <span class='ocrx_word' id='word_1_103' title='bbox 1127 761 1165 792; x_wconf 89' lang='lat' dir='ltr'>de</span> <span class='ocrx_word' id='word_1_104' title='bbox 1181 771 1202 792; x_wconf 89' lang='lat' dir='ltr'>v</span> <span class='ocrx_word' id='word_1_105' title='bbox 1217 760 1248 792; x_wconf 68' lang='lat' dir='ltr'>fi.</span> <span class='ocrx_word' id='word_1_106' title='bbox 1261 764 1343 792; x_wconf 80' lang='lat' dir='ltr'>terre</span> <span class='ocrx_word' id='word_1_107' title='bbox 1359 761 1398 792; x_wconf 90' lang='lat' dir='ltr'>de</span> 
     </span>
     <span class='ocr_line' id='line_1_11' title="bbox 347 811 1399 854; baseline -0.001 -11"><span class='ocrx_word' id='word_1_108' title='bbox 347 813 556 854; x_wconf 83' lang='lat' dir='ltr'>Knokyncur.</span> <span class='ocrx_word' id='word_1_109' title='bbox 601 813 644 843; x_wconf 72' lang='lat' dir='ltr'>Et</span> <span class='ocrx_word' id='word_1_110' title='bbox 660 812 698 844; x_wconf 90' lang='lat' dir='ltr'>de</span> <span class='ocrx_word' id='word_1_111' title='bbox 721 813 756 853; x_wconf 85' lang='lat' dir='ltr'>iij</span> <span class='ocrx_word' id='word_1_112' title='bbox 780 812 813 844; x_wconf 79' lang='grc'>11.</span> <span class='ocrx_word' id='word_1_113' title='bbox 836 822 858 842; x_wconf 86' lang='grc' dir='ltr'>Χ</span> <span class='ocrx_word' id='word_1_114' title='bbox 880 816 904 843; x_wconf 69' lang='grc' dir='ltr'>ἓ.</span> <span class='ocrx_word' id='word_1_115' title='bbox 929 815 1010 843; x_wconf 80' lang='lat' dir='ltr'>terre</span> <span class='ocrx_word' id='word_1_116' title='bbox 1033 811 1072 842; x_wconf 86' lang='lat' dir='ltr'>de</span> <span class='ocrx_word' id='word_1_117' title='bbox 1095 811 1256 852; x_wconf 75' lang='lat' dir='ltr'>Cluttayg.</span> <span class='ocrx_word' id='word_1_118' title='bbox 1302 811 1344 842; x_wconf 72' lang='lat' dir='ltr'>Et</span> <span class='ocrx_word' id='word_1_119' title='bbox 1360 811 1399 842; x_wconf 92' lang='lat' dir='ltr'>de</span> 
     </span>
     <span class='ocr_line' id='line_1_12' title="bbox 346 860 1398 903; baseline -0.002 -10"><span class='ocrx_word' id='word_1_120' title='bbox 346 863 378 903; x_wconf 89' lang='lat' dir='ltr'>vj</span> <span class='ocrx_word' id='word_1_121' title='bbox 405 862 437 893; x_wconf 78' lang='grc'>11.</span> <span class='ocrx_word' id='word_1_122' title='bbox 463 873 484 893; x_wconf 86' lang='grc' dir='ltr'>Χ</span> <span class='ocrx_word' id='word_1_123' title='bbox 510 866 532 893; x_wconf 76' lang='lat' dir='ltr'>s.</span> <span class='ocrx_word' id='word_1_124' title='bbox 560 865 644 893; x_wconf 76' lang='lat' dir='ltr'>terre</span> <span class='ocrx_word' id='word_1_125' title='bbox 671 862 710 893; x_wconf 90' lang='lat' dir='ltr'>de</span> <span class='ocrx_word' id='word_1_126' title='bbox 738 861 962 893; x_wconf 81' lang='lat' dir='ltr'>Kildarraueh.</span> <span class='ocrx_word' id='word_1_127' title='bbox 1006 861 1049 892; x_wconf 79' lang='lat' dir='ltr'>Et</span> <span class='ocrx_word' id='word_1_128' title='bbox 1072 861 1111 892; x_wconf 89' lang='lat' dir='ltr'>de</span> <span class='ocrx_word' id='word_1_129' title='bbox 1137 861 1169 902; x_wconf 84' lang='lat' dir='ltr'>vj</span> <span class='ocrx_word' id='word_1_130' title='bbox 1194 860 1226 892; x_wconf 72' lang='lat' dir='ltr'>fi.</span> <span class='ocrx_word' id='word_1_131' title='bbox 1249 864 1332 892; x_wconf 81' lang='lat' dir='ltr'>terre</span> <span class='ocrx_word' id='word_1_132' title='bbox 1359 860 1398 892; x_wconf 89' lang='lat' dir='ltr'>de</span> 
     </span>
     <span class='ocr_line' id='line_1_13' title="bbox 347 910 1399 953; baseline -0.002 -10"><span class='ocrx_word' id='word_1_133' title='bbox 347 912 589 953; x_wconf 79' lang='lat' dir='ltr'>Kerobruchyn.</span> <span class='ocrx_word' id='word_1_134' title='bbox 635 912 678 943; x_wconf 58' lang='lat' dir='ltr'>En</span> <span class='ocrx_word' id='word_1_135' title='bbox 694 912 732 943; x_wconf 89' lang='lat' dir='ltr'>de</span> <span class='ocrx_word' id='word_1_136' title='bbox 748 912 779 952; x_wconf 85' lang='lat' dir='ltr'>vj</span> <span class='ocrx_word' id='word_1_137' title='bbox 802 911 834 942; x_wconf 65' lang='lat' dir='ltr'>hi</span> <span class='ocrx_word' id='word_1_138' title='bbox 859 921 880 941; x_wconf 88' lang='grc' dir='ltr'>Χ</span> <span class='ocrx_word' id='word_1_139' title='bbox 903 915 926 942; x_wconf 72' lang='grc' dir='ltr'>Ξ.</span> <span class='ocrx_word' id='word_1_140' title='bbox 949 914 1033 942; x_wconf 74' lang='lat' dir='ltr'>terre</span> <span class='ocrx_word' id='word_1_141' title='bbox 1056 910 1095 942; x_wconf 90' lang='lat' dir='ltr'>de</span> <span class='ocrx_word' id='word_1_142' title='bbox 1111 910 1255 942; x_wconf 82' lang='lat' dir='ltr'>Knoean.</span> <span class='ocrx_word' id='word_1_143' title='bbox 1301 911 1344 941; x_wconf 77' lang='lat' dir='ltr'>Et</span> <span class='ocrx_word' id='word_1_144' title='bbox 1360 910 1399 942; x_wconf 87' lang='lat' dir='ltr'>de</span> 
     </span>
     <span class='ocr_line' id='line_1_14' title="bbox 347 960 1398 992; baseline -0.003 1"><span class='ocrx_word' id='word_1_145' title='bbox 347 972 391 992; x_wconf 84' lang='lat' dir='ltr'>xv</span> <span class='ocrx_word' id='word_1_146' title='bbox 421 961 452 992; x_wconf 73' lang='lat' dir='ltr'>fi.</span> <span class='ocrx_word' id='word_1_147' title='bbox 484 965 566 992; x_wconf 82' lang='lat' dir='ltr'>terre</span> <span class='ocrx_word' id='word_1_148' title='bbox 597 961 635 992; x_wconf 90' lang='lat' dir='ltr'>de</span> <span class='ocrx_word' id='word_1_149' title='bbox 668 960 948 992; x_wconf 84' lang='lat' dir='ltr'>Sleundounaldel.</span> <span class='ocrx_word' id='word_1_150' title='bbox 993 960 1036 990; x_wconf 75' lang='lat' dir='ltr'>Et</span> <span class='ocrx_word' id='word_1_151' title='bbox 1066 962 1105 991; x_wconf 90' lang='lat' dir='ltr'>de</span> <span class='ocrx_word' id='word_1_152' title='bbox 1135 960 1170 990; x_wconf 86' lang='lat' dir='ltr'>xl</span> <span class='ocrx_word' id='word_1_153' title='bbox 1201 964 1224 991; x_wconf 70' lang='grc' dir='ltr'>ἓ.</span> <span class='ocrx_word' id='word_1_154' title='bbox 1251 963 1334 991; x_wconf 78' lang='lat' dir='ltr'>terre</span> <span class='ocrx_word' id='word_1_155' title='bbox 1360 960 1398 991; x_wconf 93' lang='lat' dir='ltr'>de</span> 
     </span>
     <span class='ocr_line' id='line_1_15' title="bbox 347 1009 1399 1051; baseline -0.002 -9"><span class='ocrx_word' id='word_1_156' title='bbox 347 1011 498 1042; x_wconf 79' lang='lat' dir='ltr'>Kfladan.</span> <span class='ocrx_word' id='word_1_157' title='bbox 545 1011 587 1041; x_wconf 74' lang='lat' dir='ltr'>Et</span> <span class='ocrx_word' id='word_1_158' title='bbox 603 1011 641 1042; x_wconf 90' lang='lat' dir='ltr'>de</span> <span class='ocrx_word' id='word_1_159' title='bbox 659 1011 690 1051; x_wconf 87' lang='lat' dir='ltr'>vj</span> <span class='ocrx_word' id='word_1_160' title='bbox 707 1010 739 1041; x_wconf 74' lang='lat' dir='ltr'>n.</span> <span class='ocrx_word' id='word_1_161' title='bbox 756 1013 839 1041; x_wconf 76' lang='lat' dir='ltr'>terre</span> <span class='ocrx_word' id='word_1_162' title='bbox 855 1010 894 1041; x_wconf 89' lang='lat' dir='ltr'>de</span> <span class='ocrx_word' id='word_1_163' title='bbox 911 1009 1111 1051; x_wconf 79' lang='lat' dir='ltr'>Callaggane.</span> <span class='ocrx_word' id='word_1_164' title='bbox 1155 1009 1198 1040; x_wconf 74' lang='lat' dir='ltr'>Et</span> <span class='ocrx_word' id='word_1_165' title='bbox 1221 1009 1260 1041; x_wconf 90' lang='grc'>(18</span> <span class='ocrx_word' id='word_1_166' title='bbox 1283 1020 1350 1040; x_wconf 86' lang='lat' dir='ltr'>xxx</span> <span class='ocrx_word' id='word_1_167' title='bbox 1366 1010 1399 1040; x_wconf 81' lang='grc'>11.</span> 
     </span>
     <span class='ocr_line' id='line_1_16' title="bbox 346 1059 1400 1101; baseline -0.001 -10"><span class='ocrx_word' id='word_1_168' title='bbox 346 1064 429 1092; x_wconf 75' lang='lat' dir='ltr'>terre</span> <span class='ocrx_word' id='word_1_169' title='bbox 451 1061 489 1091; x_wconf 89' lang='lat' dir='ltr'>de</span> <span class='ocrx_word' id='word_1_170' title='bbox 505 1060 667 1101; x_wconf 74' lang='lat' dir='ltr'>Egerness</span> <span class='ocrx_word' id='word_1_171' title='bbox 715 1060 758 1090; x_wconf 65' lang='lat' dir='ltr'>En</span> <span class='ocrx_word' id='word_1_172' title='bbox 779 1059 818 1090; x_wconf 93' lang='lat' dir='ltr'>de</span> <span class='ocrx_word' id='word_1_173' title='bbox 833 1069 854 1089; x_wconf 93' lang='lat' dir='ltr'>v</span> <span class='ocrx_word' id='word_1_174' title='bbox 877 1059 908 1090; x_wconf 73' lang='lat' dir='ltr'>h.</span> <span class='ocrx_word' id='word_1_175' title='bbox 932 1062 1014 1090; x_wconf 76' lang='lat' dir='ltr'>terre</span> <span class='ocrx_word' id='word_1_176' title='bbox 1037 1059 1076 1090; x_wconf 91' lang='lat' dir='ltr'>de</span> <span class='ocrx_word' id='word_1_177' title='bbox 1099 1059 1250 1090; x_wconf 83' lang='lat' dir='ltr'>Altoune.</span> <span class='ocrx_word' id='word_1_178' title='bbox 1295 1060 1338 1090; x_wconf 72' lang='lat' dir='ltr'>Et</span> <span class='ocrx_word' id='word_1_179' title='bbox 1361 1059 1400 1090; x_wconf 90' lang='lat' dir='ltr'>de</span> 
     </span>
     <span class='ocr_line' id='line_1_17' title="bbox 346 1158 1394 1201; baseline -0.001 -10"><span class='ocrx_word' id='word_1_180' title='bbox 346 1160 390 1191; x_wconf 63' lang='lat' dir='ltr'>Eu</span> <span class='ocrx_word' id='word_1_181' title='bbox 405 1160 444 1191; x_wconf 93' lang='lat' dir='ltr'>de</span> <span class='ocrx_word' id='word_1_182' title='bbox 460 1160 491 1201; x_wconf 90' lang='lat' dir='ltr'>vj</span> <span class='ocrx_word' id='word_1_183' title='bbox 509 1159 540 1190; x_wconf 83' lang='grc'>11.</span> <span class='ocrx_word' id='word_1_184' title='bbox 558 1163 641 1191; x_wconf 81' lang='lat' dir='ltr'>terre</span> <span class='ocrx_word' id='word_1_185' title='bbox 657 1159 696 1190; x_wconf 91' lang='lat' dir='ltr'>de</span> <span class='ocrx_word' id='word_1_186' title='bbox 712 1158 830 1199; x_wconf 78' lang='lat' dir='ltr'>Largis.</span> <span class='ocrx_word' id='word_1_187' title='bbox 875 1158 918 1189; x_wconf 77' lang='lat' dir='ltr'>Et</span> <span class='ocrx_word' id='word_1_188' title='bbox 934 1158 972 1189; x_wconf 90' lang='lat' dir='ltr'>de</span> <span class='ocrx_word' id='word_1_189' title='bbox 988 1159 1020 1199; x_wconf 87' lang='lat' dir='ltr'>vj</span> <span class='ocrx_word' id='word_1_190' title='bbox 1037 1158 1069 1190; x_wconf 79' lang='grc'>11.</span> <span class='ocrx_word' id='word_1_191' title='bbox 1086 1162 1169 1190; x_wconf 80' lang='lat' dir='ltr'>terre</span> <span class='ocrx_word' id='word_1_192' title='bbox 1185 1158 1224 1190; x_wconf 91' lang='lat' dir='ltr'>de</span> <span class='ocrx_word' id='word_1_193' title='bbox 1240 1158 1394 1190; x_wconf 83' lang='lat' dir='ltr'>Lefnollo.</span> 
     </span>
     <span class='ocr_line' id='line_1_18' title="bbox 347 1207 1399 1249; baseline 0 -9"><span class='ocrx_word' id='word_1_194' title='bbox 347 1210 390 1240; x_wconf 71' lang='lat' dir='ltr'>Et</span> <span class='ocrx_word' id='word_1_195' title='bbox 414 1210 452 1240; x_wconf 89' lang='lat' dir='ltr'>de</span> <span class='ocrx_word' id='word_1_196' title='bbox 476 1220 497 1240; x_wconf 92' lang='lat' dir='ltr'>v</span> <span class='ocrx_word' id='word_1_197' title='bbox 519 1209 552 1241; x_wconf 77' lang='grc'>11.</span> <span class='ocrx_word' id='word_1_198' title='bbox 575 1212 658 1240; x_wconf 77' lang='lat' dir='ltr'>terre</span> <span class='ocrx_word' id='word_1_199' title='bbox 681 1207 721 1239; x_wconf 89' lang='lat' dir='ltr'>de</span> <span class='ocrx_word' id='word_1_200' title='bbox 745 1207 961 1249; x_wconf 80' lang='lat' dir='ltr'>Oarnodibrog</span> <span class='ocrx_word' id='word_1_201' title='bbox 987 1211 1020 1239; x_wconf 70' lang='lat' dir='ltr'>et:</span> <span class='ocrx_word' id='word_1_202' title='bbox 1045 1208 1216 1249; x_wconf 85' lang='lat' dir='ltr'>Lauchbeg</span> <span class='ocrx_word' id='word_1_203' title='bbox 1240 1208 1279 1239; x_wconf 92' lang='lat' dir='ltr'>de</span> <span class='ocrx_word' id='word_1_204' title='bbox 1304 1208 1399 1240; x_wconf 75' lang='lat' dir='ltr'>dietis</span> 
     </span>
     <span class='ocr_line' id='line_1_19' title="bbox 346 1257 1398 1299; baseline 0 -9"><span class='ocrx_word' id='word_1_205' title='bbox 346 1259 499 1291; x_wconf 80' lang='lat' dir='ltr'>terminis.</span> <span class='ocrx_word' id='word_1_206' title='bbox 546 1258 588 1289; x_wconf 79' lang='lat' dir='ltr'>Et</span> <span class='ocrx_word' id='word_1_207' title='bbox 605 1258 643 1289; x_wconf 90' lang='lat' dir='ltr'>de</span> <span class='ocrx_word' id='word_1_208' title='bbox 660 1258 690 1298; x_wconf 88' lang='lat' dir='ltr'>vj</span> <span class='ocrx_word' id='word_1_209' title='bbox 708 1257 740 1289; x_wconf 81' lang='grc'>11.</span> <span class='ocrx_word' id='word_1_210' title='bbox 763 1260 846 1288; x_wconf 74' lang='lat' dir='ltr'>terre</span> <span class='ocrx_word' id='word_1_211' title='bbox 861 1257 900 1288; x_wconf 90' lang='lat' dir='ltr'>de</span> <span class='ocrx_word' id='word_1_212' title='bbox 924 1257 1158 1299; x_wconf 79' lang='lat' dir='ltr'>Ballegregane.</span> <span class='ocrx_word' id='word_1_213' title='bbox 1204 1258 1247 1288; x_wconf 77' lang='lat' dir='ltr'>Et</span> <span class='ocrx_word' id='word_1_214' title='bbox 1262 1257 1301 1289; x_wconf 90' lang='lat' dir='ltr'>de</span> <span class='ocrx_word' id='word_1_215' title='bbox 1318 1259 1349 1298; x_wconf 87' lang='lat' dir='ltr'>vj</span> <span class='ocrx_word' id='word_1_216' title='bbox 1365 1257 1398 1290; x_wconf 75' lang='lat' dir='ltr'>n.</span> 
     </span>
     <span class='ocr_line' id='line_1_20' title="bbox 346 1307 1400 1348; baseline -0.001 -9"><span class='ocrx_word' id='word_1_217' title='bbox 346 1311 430 1339; x_wconf 79' lang='lat' dir='ltr'>terre</span> <span class='ocrx_word' id='word_1_218' title='bbox 453 1308 492 1339; x_wconf 88' lang='lat' dir='ltr'>de</span> <span class='ocrx_word' id='word_1_219' title='bbox 515 1307 740 1348; x_wconf 77' lang='lat' dir='ltr'>Lauchtalpyn</span> <span class='ocrx_word' id='word_1_220' title='bbox 762 1307 802 1338; x_wconf 88' lang='lat' dir='ltr'>de</span> <span class='ocrx_word' id='word_1_221' title='bbox 825 1307 919 1338; x_wconf 74' lang='lat' dir='ltr'>dictis</span> <span class='ocrx_word' id='word_1_222' title='bbox 941 1307 1044 1338; x_wconf 80' lang='lat' dir='ltr'>tribus</span> <span class='ocrx_word' id='word_1_223' title='bbox 1066 1307 1221 1339; x_wconf 74' lang='lat' dir='ltr'>terminis.</span> <span class='ocrx_word' id='word_1_224' title='bbox 1266 1307 1400 1338; x_wconf 87' lang='lat' dir='ltr'>Summa</span> 
     </span>
     <span class='ocr_line' id='line_1_21' title="bbox 347 1355 797 1398; baseline -0.002 -10"><span class='ocrx_word' id='word_1_225' title='bbox 347 1357 445 1398; x_wconf 88' lang='lat' dir='ltr'>hujus</span> <span class='ocrx_word' id='word_1_226' title='bbox 461 1357 574 1394; x_wconf 84' lang='lat' dir='ltr'>oneris,</span> <span class='ocrx_word' id='word_1_227' title='bbox 587 1355 672 1397; x_wconf 56' lang='lat' dir='ltr'><strong>jsslxx</strong></span> <span class='ocrx_word' id='word_1_228' title='bbox 687 1356 719 1387; x_wconf 73' lang='lat' dir='ltr'>fi.</span> <span class='ocrx_word' id='word_1_229' title='bbox 737 1366 756 1387; x_wconf 88' lang='lat' dir='ltr'><strong>x</strong></span> <span class='ocrx_word' id='word_1_230' title='bbox 774 1360 797 1387; x_wconf 74' lang='grc' dir='ltr'>ἓ.</span> 
     </span>
    </p>

    <p class='ocr_par' dir='ltr' id='par_1_4' title="bbox 345 1404 1401 2041">
     <span class='ocr_line' id='line_1_22' title="bbox 391 1404 1399 1447; baseline 0 -10"><span class='ocrx_word' id='word_1_231' title='bbox 391 1407 485 1443; x_wconf 78' lang='lat' dir='ltr'>Item,</span> <span class='ocrx_word' id='word_1_232' title='bbox 500 1406 588 1437; x_wconf 89' lang='lat' dir='ltr'>idem</span> <span class='ocrx_word' id='word_1_233' title='bbox 603 1408 714 1436; x_wconf 64' lang='lat' dir='ltr'>onerat]</span> <span class='ocrx_word' id='word_1_234' title='bbox 729 1415 762 1436; x_wconf 87' lang='lat' dir='ltr'>se</span> <span class='ocrx_word' id='word_1_235' title='bbox 779 1405 817 1436; x_wconf 91' lang='lat' dir='ltr'>de</span> <span class='ocrx_word' id='word_1_236' title='bbox 829 1405 860 1445; x_wconf 88' lang='lat' dir='ltr'>vj</span> <span class='ocrx_word' id='word_1_237' title='bbox 878 1404 911 1436; x_wconf 68' lang='lat' dir='ltr'>fi.</span> <span class='ocrx_word' id='word_1_238' title='bbox 923 1415 979 1446; x_wconf 89' lang='lat' dir='ltr'>per</span> <span class='ocrx_word' id='word_1_239' title='bbox 994 1405 1217 1437; x_wconf 84' lang='lat' dir='ltr'>vendicionem</span> <span class='ocrx_word' id='word_1_240' title='bbox 1232 1406 1399 1447; x_wconf 73' lang='lat' dir='ltr'>sexaginta</span> 
     </span>
     <span class='ocr_line' id='line_1_23' title="bbox 345 1455 1397 1497; baseline 0.001 -11"><span class='ocrx_word' id='word_1_241' title='bbox 345 1459 508 1497; x_wconf 74' lang='lat' dir='ltr'>petrarum</span> <span class='ocrx_word' id='word_1_242' title='bbox 532 1455 608 1486; x_wconf 83' lang='lat' dir='ltr'>casii</span> <span class='ocrx_word' id='word_1_243' title='bbox 631 1465 687 1495; x_wconf 81' lang='lat' dir='ltr'>pei·</span> <span class='ocrx_word' id='word_1_244' title='bbox 709 1457 836 1495; x_wconf 76' lang='lat' dir='ltr'>tempus</span> <span class='ocrx_word' id='word_1_245' title='bbox 860 1455 999 1496; x_wconf 76' lang='lat' dir='ltr'>compoti</span> <span class='ocrx_word' id='word_1_246' title='bbox 1022 1455 1061 1486; x_wconf 91' lang='lat' dir='ltr'>de</span> <span class='ocrx_word' id='word_1_247' title='bbox 1085 1455 1221 1496; x_wconf 85' lang='lat' dir='ltr'>propriis</span> <span class='ocrx_word' id='word_1_248' title='bbox 1244 1457 1397 1488; x_wconf 77' lang='lat' dir='ltr'>armentis</span> 
     </span>
     <span class='ocr_line' id='line_1_24' title="bbox 347 1503 1398 1546; baseline 0 -10"><span class='ocrx_word' id='word_1_249' title='bbox 347 1505 469 1536; x_wconf 90' lang='lat' dir='ltr'>domini</span> <span class='ocrx_word' id='word_1_250' title='bbox 498 1504 587 1545; x_wconf 85' lang='lat' dir='ltr'>regis.</span> <span class='ocrx_word' id='word_1_251' title='bbox 634 1504 676 1534; x_wconf 72' lang='lat' dir='ltr'>Et</span> <span class='ocrx_word' id='word_1_252' title='bbox 707 1503 746 1534; x_wconf 88' lang='lat' dir='ltr'>de</span> <span class='ocrx_word' id='word_1_253' title='bbox 776 1514 798 1534; x_wconf 93' lang='grc' dir='ltr'>Χ</span> <span class='ocrx_word' id='word_1_254' title='bbox 822 1503 853 1534; x_wconf 73' lang='lat' dir='ltr'>fi.</span> <span class='ocrx_word' id='word_1_255' title='bbox 881 1514 938 1544; x_wconf 87' lang='lat' dir='ltr'>per</span> <span class='ocrx_word' id='word_1_256' title='bbox 964 1504 1186 1536; x_wconf 79' lang='lat' dir='ltr'>vendicionem</span> <span class='ocrx_word' id='word_1_257' title='bbox 1213 1505 1398 1546; x_wconf 86' lang='lat' dir='ltr'>quindecim</span> 
     </span>
     <span class='ocr_line' id='line_1_25' title="bbox 346 1553 1397 1596; baseline 0.001 -11"><span class='ocrx_word' id='word_1_258' title='bbox 346 1565 501 1595; x_wconf 90' lang='lat' dir='ltr'>equorum</span> <span class='ocrx_word' id='word_1_259' title='bbox 516 1553 754 1589; x_wconf 77' lang='lat' dir='ltr'>indomitorum,</span> <span class='ocrx_word' id='word_1_260' title='bbox 769 1553 944 1593; x_wconf 76' lang='lat' dir='ltr'>vulgariter</span> <span class='ocrx_word' id='word_1_261' title='bbox 955 1554 1081 1595; x_wconf 74' lang='lat' dir='ltr'>staggis,</span> <span class='ocrx_word' id='word_1_262' title='bbox 1095 1555 1196 1586; x_wconf 81' lang='lat' dir='ltr'>eciam</span> <span class='ocrx_word' id='word_1_263' title='bbox 1211 1554 1249 1586; x_wconf 90' lang='lat' dir='ltr'>de</span> <span class='ocrx_word' id='word_1_264' title='bbox 1261 1555 1397 1596; x_wconf 78' lang='lat' dir='ltr'>propriis</span> 
     </span>
     <span class='ocr_line' id='line_1_26' title="bbox 346 1603 1397 1645; baseline 0.001 -10"><span class='ocrx_word' id='word_1_265' title='bbox 346 1604 498 1635; x_wconf 77' lang='lat' dir='ltr'>armentis</span> <span class='ocrx_word' id='word_1_266' title='bbox 529 1603 651 1634; x_wconf 89' lang='lat' dir='ltr'>domini</span> <span class='ocrx_word' id='word_1_267' title='bbox 681 1603 770 1643; x_wconf 84' lang='lat' dir='ltr'>regis.</span> <span class='ocrx_word' id='word_1_268' title='bbox 817 1603 859 1633; x_wconf 73' lang='lat' dir='ltr'>Et</span> <span class='ocrx_word' id='word_1_269' title='bbox 889 1603 928 1634; x_wconf 87' lang='lat' dir='ltr'>de</span> <span class='ocrx_word' id='word_1_270' title='bbox 958 1603 992 1644; x_wconf 86' lang='lat' dir='ltr'>iij</span> <span class='ocrx_word' id='word_1_271' title='bbox 1025 1603 1057 1635; x_wconf 75' lang='lat' dir='ltr'>n.</span> <span class='ocrx_word' id='word_1_272' title='bbox 1088 1614 1145 1645; x_wconf 88' lang='lat' dir='ltr'>per</span> <span class='ocrx_word' id='word_1_273' title='bbox 1175 1604 1397 1636; x_wconf 84' lang='lat' dir='ltr'>vendicionem</span> 
     </span>
     <span class='ocr_line' id='line_1_27' title="bbox 346 1652 1401 1694; baseline 0.001 -10"><span class='ocrx_word' id='word_1_274' title='bbox 346 1657 483 1694; x_wconf 79' lang='lat' dir='ltr'>quatuor</span> <span class='ocrx_word' id='word_1_275' title='bbox 493 1653 588 1684; x_wconf 91' lang='lat' dir='ltr'>boum</span> <span class='ocrx_word' id='word_1_276' title='bbox 599 1652 757 1692; x_wconf 83' lang='lat' dir='ltr'>juvenum</span> <span class='ocrx_word' id='word_1_277' title='bbox 768 1652 868 1682; x_wconf 81' lang='lat' dir='ltr'>eciam</span> <span class='ocrx_word' id='word_1_278' title='bbox 881 1652 946 1693; x_wconf 88' lang='lat' dir='ltr'>[de]</span> <span class='ocrx_word' id='word_1_279' title='bbox 960 1654 1094 1694; x_wconf 82' lang='lat' dir='ltr'>propriis</span> <span class='ocrx_word' id='word_1_280' title='bbox 1105 1653 1226 1684; x_wconf 88' lang='lat' dir='ltr'>domini</span> <span class='ocrx_word' id='word_1_281' title='bbox 1236 1654 1326 1694; x_wconf 82' lang='lat' dir='ltr'>regis.</span> <span class='ocrx_word' id='word_1_282' title='bbox 1358 1654 1401 1685; x_wconf 72' lang='lat' dir='ltr'>Et</span> 
     </span>
     <span class='ocr_line' id='line_1_28' title="bbox 345 1701 1398 1743; baseline 0.002 -10"><span class='ocrx_word' id='word_1_283' title='bbox 345 1703 385 1734; x_wconf 91' lang='lat' dir='ltr'>de</span> <span class='ocrx_word' id='word_1_284' title='bbox 397 1701 459 1743; x_wconf 80' lang='lat' dir='ltr'>j⁰lij</span> <span class='ocrx_word' id='word_1_285' title='bbox 477 1702 507 1733; x_wconf 70' lang='lat' dir='ltr'>fi.</span> <span class='ocrx_word' id='word_1_286' title='bbox 526 1713 546 1733; x_wconf 86' lang='lat' dir='ltr'><strong>x</strong></span> <span class='ocrx_word' id='word_1_287' title='bbox 562 1706 584 1733; x_wconf 74' lang='grc' dir='ltr'>ἔ.</span> <span class='ocrx_word' id='word_1_288' title='bbox 601 1712 658 1742; x_wconf 84' lang='lat' dir='ltr'>per</span> <span class='ocrx_word' id='word_1_289' title='bbox 673 1701 894 1732; x_wconf 83' lang='lat' dir='ltr'>vendicionem</span> <span class='ocrx_word' id='word_1_290' title='bbox 910 1701 1019 1733; x_wconf 82' lang='lat' dir='ltr'>decem</span> <span class='ocrx_word' id='word_1_291' title='bbox 1035 1707 1068 1734; x_wconf 77' lang='lat' dir='ltr'>et</span> <span class='ocrx_word' id='word_1_292' title='bbox 1090 1713 1206 1734; x_wconf 87' lang='lat' dir='ltr'>novem</span> <span class='ocrx_word' id='word_1_293' title='bbox 1221 1703 1398 1735; x_wconf 82' lang='lat' dir='ltr'>celdrarum</span> 
     </span>
     <span class='ocr_line' id='line_1_29' title="bbox 346 1751 1400 1794; baseline 0.001 -10"><span class='ocrx_word' id='word_1_294' title='bbox 346 1756 378 1784; x_wconf 72' lang='lat' dir='ltr'>et&gt;</span> <span class='ocrx_word' id='word_1_295' title='bbox 404 1753 500 1783; x_wconf 87' lang='lat' dir='ltr'>unius</span> <span class='ocrx_word' id='word_1_296' title='bbox 527 1751 610 1782; x_wconf 83' lang='lat' dir='ltr'>bolle</span> <span class='ocrx_word' id='word_1_297' title='bbox 636 1751 754 1782; x_wconf 70' lang='lat' dir='ltr'>fan—ine</span> <span class='ocrx_word' id='word_1_298' title='bbox 781 1751 946 1782; x_wconf 72' lang='lat' dir='ltr'>avenatioe</span> <span class='ocrx_word' id='word_1_299' title='bbox 971 1752 1010 1783; x_wconf 87' lang='lat' dir='ltr'>de</span> <span class='ocrx_word' id='word_1_300' title='bbox 1037 1753 1172 1793; x_wconf 89' lang='lat' dir='ltr'>propriis</span> <span class='ocrx_word' id='word_1_301' title='bbox 1198 1753 1340 1794; x_wconf 85' lang='lat' dir='ltr'>grangiis</span> <span class='ocrx_word' id='word_1_302' title='bbox 1368 1758 1400 1785; x_wconf 74' lang='lat' dir='ltr'>et</span> 
     </span>
     <span class='ocr_line' id='line_1_30' title="bbox 345 1800 1398 1841; baseline 0.001 -8"><span class='ocrx_word' id='word_1_303' title='bbox 345 1801 536 1833; x_wconf 84' lang='lat' dir='ltr'>molendinis</span> <span class='ocrx_word' id='word_1_304' title='bbox 560 1800 682 1831; x_wconf 89' lang='lat' dir='ltr'>domini</span> <span class='ocrx_word' id='word_1_305' title='bbox 704 1800 797 1841; x_wconf 84' lang='lat' dir='ltr'>regis,</span> <span class='ocrx_word' id='word_1_306' title='bbox 820 1801 962 1841; x_wconf 85' lang='lat' dir='ltr'>precium</span> <span class='ocrx_word' id='word_1_307' title='bbox 986 1802 1091 1833; x_wconf 84' lang='lat' dir='ltr'>oeldre</span> <span class='ocrx_word' id='word_1_308' title='bbox 1115 1806 1186 1833; x_wconf 81' lang='lat' dir='ltr'>octo</span> <span class='ocrx_word' id='word_1_309' title='bbox 1209 1802 1298 1840; x_wconf 86' lang='lat' dir='ltr'>libre,</span> <span class='ocrx_word' id='word_1_310' title='bbox 1313 1803 1398 1835; x_wconf 81' lang='lat' dir='ltr'>infra</span> 
     </span>
     <span class='ocr_line' id='line_1_31' title="bbox 345 1850 1397 1893; baseline 0.001 -10"><span class='ocrx_word' id='word_1_311' title='bbox 345 1855 473 1893; x_wconf 77' lang='lat' dir='ltr'>tempus</span> <span class='ocrx_word' id='word_1_312' title='bbox 503 1850 650 1891; x_wconf 75' lang='lat' dir='ltr'>compoti.</span> <span class='ocrx_word' id='word_1_313' title='bbox 711 1850 844 1881; x_wconf 86' lang='lat' dir='ltr'>Summa</span> <span class='ocrx_word' id='word_1_314' title='bbox 869 1850 967 1890; x_wconf 88' lang='lat' dir='ltr'>hujus</span> <span class='ocrx_word' id='word_1_315' title='bbox 997 1852 1109 1890; x_wconf 86' lang='lat' dir='ltr'>oneris,</span> <span class='ocrx_word' id='word_1_316' title='bbox 1133 1851 1228 1893; x_wconf 63' lang='lat' dir='ltr'><strong>jclxxj</strong></span> <span class='ocrx_word' id='word_1_317' title='bbox 1259 1851 1292 1884; x_wconf 59' lang='lat' dir='ltr'>Ii„</span> <span class='ocrx_word' id='word_1_318' title='bbox 1325 1863 1347 1883; x_wconf 84' lang='lat' dir='ltr'><strong>x</strong></span> <span class='ocrx_word' id='word_1_319' title='bbox 1375 1857 1397 1885; x_wconf 71' lang='grc' dir='ltr'>ἕ.</span> 
     </span>
     <span class='ocr_line' id='line_1_32' title="bbox 346 1899 1397 1942; baseline 0 -9"><span class='ocrx_word' id='word_1_320' title='bbox 346 1902 478 1933; x_wconf 84' lang='lat' dir='ltr'>Summa</span> <span class='ocrx_word' id='word_1_321' title='bbox 489 1900 598 1932; x_wconf 78' lang='lat' dir='ltr'>totalis</span> <span class='ocrx_word' id='word_1_322' title='bbox 614 1899 810 1931; x_wconf 81' lang='lat' dir='ltr'>oneracionis</span> <span class='ocrx_word' id='word_1_323' title='bbox 826 1903 930 1940; x_wconf 75' lang='lat' dir='ltr'>preter</span> <span class='ocrx_word' id='word_1_324' title='bbox 942 1901 1108 1942; x_wconf 85' lang='lat' dir='ltr'>arreragia,</span> <span class='ocrx_word' id='word_1_325' title='bbox 1123 1900 1261 1942; x_wconf 77' lang='lat' dir='ltr'>viij⁶xxx</span> <span class='ocrx_word' id='word_1_326' title='bbox 1271 1900 1304 1933; x_wconf 75' lang='grc'>11.</span> <span class='ocrx_word' id='word_1_327' title='bbox 1317 1902 1361 1942; x_wconf 89' lang='lat' dir='ltr'>vij</span> <span class='ocrx_word' id='word_1_328' title='bbox 1373 1905 1397 1933; x_wconf 74' lang='grc' dir='ltr'>Ξ.</span> 
     </span>
     <span class='ocr_line' id='line_1_33' title="bbox 345 1949 1399 1993; baseline 0.001 -11"><span class='ocrx_word' id='word_1_329' title='bbox 345 1952 367 1992; x_wconf 89' lang='lat' dir='ltr'>ij</span> <span class='ocrx_word' id='word_1_330' title='bbox 400 1951 429 1982; x_wconf 83' lang='lat' dir='ltr'>d.</span> <span class='ocrx_word' id='word_1_331' title='bbox 468 1951 515 1982; x_wconf 73' lang='lat' dir='ltr'>ob.</span> <span class='ocrx_word' id='word_1_332' title='bbox 563 1950 695 1981; x_wconf 88' lang='lat' dir='ltr'>Summa</span> <span class='ocrx_word' id='word_1_333' title='bbox 731 1949 840 1980; x_wconf 75' lang='lat' dir='ltr'>totalis</span> <span class='ocrx_word' id='word_1_334' title='bbox 879 1950 1075 1982; x_wconf 83' lang='lat' dir='ltr'>oneraeionis</span> <span class='ocrx_word' id='word_1_335' title='bbox 1114 1961 1188 1982; x_wconf 88' lang='lat' dir='ltr'>cum</span> <span class='ocrx_word' id='word_1_336' title='bbox 1224 1951 1399 1993; x_wconf 79' lang='lat' dir='ltr'>arreragiis,</span> 
     </span>
     <span class='ocr_line' id='line_1_34' title="bbox 345 1998 806 2041; baseline -0.007 -9"><span class='ocrx_word' id='word_1_337' title='bbox 345 2000 470 2041; x_wconf 75' lang='lat' dir='ltr'>ix⁰xxxj</span> <span class='ocrx_word' id='word_1_338' title='bbox 487 2000 519 2031; x_wconf 72' lang='lat' dir='ltr'>fi.</span> <span class='ocrx_word' id='word_1_339' title='bbox 537 2000 591 2040; x_wconf 87' lang='lat' dir='ltr'>xvj</span> <span class='ocrx_word' id='word_1_340' title='bbox 609 2003 632 2030; x_wconf 75' lang='grc' dir='ltr'>ἓ.</span> <span class='ocrx_word' id='word_1_341' title='bbox 650 1998 692 2039; x_wconf 88' lang='lat' dir='ltr'>vij</span> <span class='ocrx_word' id='word_1_342' title='bbox 711 1998 740 2030; x_wconf 80' lang='lat' dir='ltr'>d.</span> <span class='ocrx_word' id='word_1_343' title='bbox 757 1998 806 2035; x_wconf 86' lang='lat' dir='ltr'>ob,</span> 
     </span>
    </p>

    <p class='ocr_par' dir='ltr' id='par_1_5' title="bbox 343 2047 1397 2238">
     <span class='ocr_line' id='line_1_35' title="bbox 388 2047 1394 2082; baseline 0 0"><span class='ocrx_word' id='word_1_344' title='bbox 388 2051 431 2082; x_wconf 76' lang='lat' dir='ltr'>Et</span> <span class='ocrx_word' id='word_1_345' title='bbox 455 2060 519 2081; x_wconf 90' lang='lat' dir='ltr'>non</span> <span class='ocrx_word' id='word_1_346' title='bbox 544 2052 655 2080; x_wconf 72' lang='lat' dir='ltr'>onerat</span> <span class='ocrx_word' id='word_1_347' title='bbox 681 2058 714 2079; x_wconf 87' lang='lat' dir='ltr'>se</span> <span class='ocrx_word' id='word_1_348' title='bbox 738 2047 777 2079; x_wconf 90' lang='lat' dir='ltr'>de</span> <span class='ocrx_word' id='word_1_349' title='bbox 801 2047 900 2078; x_wconf 81' lang='lat' dir='ltr'>firmis</span> <span class='ocrx_word' id='word_1_350' title='bbox 917 2052 1072 2080; x_wconf 78' lang='lat' dir='ltr'>terrarum</span> <span class='ocrx_word' id='word_1_351' title='bbox 1095 2049 1134 2081; x_wconf 84' lang='lat' dir='ltr'>de</span> <span class='ocrx_word' id='word_1_352' title='bbox 1158 2049 1335 2081; x_wconf 79' lang='lat' dir='ltr'>Kirkbride</span> <span class='ocrx_word' id='word_1_353' title='bbox 1361 2054 1394 2082; x_wconf 79' lang='lat' dir='ltr'>et</span> 
     </span>
     <span class='ocr_line' id='line_1_36' title="bbox 345 2097 1394 2140; baseline 0 -9"><span class='ocrx_word' id='word_1_354' title='bbox 345 2100 486 2135; x_wconf 81' lang='lat' dir='ltr'>Camera,</span> <span class='ocrx_word' id='word_1_355' title='bbox 499 2109 537 2130; x_wconf 87' lang='lat' dir='ltr'>ex</span> <span class='ocrx_word' id='word_1_356' title='bbox 548 2109 584 2130; x_wconf 87' lang='lat' dir='ltr'>eo</span> <span class='ocrx_word' id='word_1_357' title='bbox 600 2098 685 2139; x_wconf 89' lang='lat' dir='ltr'>quod</span> <span class='ocrx_word' id='word_1_358' title='bbox 698 2097 851 2138; x_wconf 81' lang='lat' dir='ltr'>Georgius</span> <span class='ocrx_word' id='word_1_359' title='bbox 868 2097 1010 2138; x_wconf 85' lang='lat' dir='ltr'>Douglas</span> <span class='ocrx_word' id='word_1_360' title='bbox 1023 2099 1222 2140; x_wconf 80' lang='lat' dir='ltr'>recuperavit</span> <span class='ocrx_word' id='word_1_361' title='bbox 1241 2099 1394 2131; x_wconf 79' lang='lat' dir='ltr'>saisinam</span> 
     </span>
     <span class='ocr_line' id='line_1_37' title="bbox 343 2146 1397 2189; baseline -0.001 -8"><span class='ocrx_word' id='word_1_362' title='bbox 343 2149 526 2186; x_wconf 83' lang='lat' dir='ltr'>earundem,</span> <span class='ocrx_word' id='word_1_363' title='bbox 552 2152 589 2179; x_wconf 72' lang='lat' dir='ltr'>ut,</span> <span class='ocrx_word' id='word_1_364' title='bbox 616 2151 704 2188; x_wconf 73' lang='lat' dir='ltr'>patet</span> <span class='ocrx_word' id='word_1_365' title='bbox 731 2147 765 2178; x_wconf 91' lang='lat' dir='ltr'>in</span> <span class='ocrx_word' id='word_1_366' title='bbox 791 2146 895 2177; x_wconf 78' lang='lat' dir='ltr'>rotulo</span> <span class='ocrx_word' id='word_1_367' title='bbox 919 2148 995 2178; x_wconf 88' lang='lat' dir='ltr'>anni</span> <span class='ocrx_word' id='word_1_368' title='bbox 1018 2149 1206 2189; x_wconf 84' lang='lat' dir='ltr'>sexagesimi</span> <span class='ocrx_word' id='word_1_369' title='bbox 1229 2149 1263 2180; x_wconf 90' lang='lat' dir='ltr'>in</span> <span class='ocrx_word' id='word_1_370' title='bbox 1286 2159 1397 2181; x_wconf 87' lang='lat' dir='ltr'>mense</span> 
     </span>
     <span class='ocr_line' id='line_1_38' title="bbox 343 2196 1396 2238; baseline 0.001 -8"><span class='ocrx_word' id='word_1_371' title='bbox 343 2199 366 2230; x_wconf 81' lang='lat' dir='ltr'><strong>J</strong></span> <span class='ocrx_word' id='word_1_372' title='bbox 368 2199 433 2230; x_wconf 86' lang='lat' dir='ltr'>ulii.</span> <span class='ocrx_word' id='word_1_373' title='bbox 472 2198 541 2230; x_wconf 82' lang='lat' dir='ltr'>Nec</span> <span class='ocrx_word' id='word_1_374' title='bbox 556 2197 595 2229; x_wconf 88' lang='lat' dir='ltr'>de</span> <span class='ocrx_word' id='word_1_375' title='bbox 611 2197 711 2228; x_wconf 87' lang='lat' dir='ltr'>firmis</span> <span class='ocrx_word' id='word_1_376' title='bbox 727 2200 808 2228; x_wconf 81' lang='lat' dir='ltr'>terre</span> <span class='ocrx_word' id='word_1_377' title='bbox 819 2196 857 2228; x_wconf 85' lang='grc'>(18</span> <span class='ocrx_word' id='word_1_378' title='bbox 873 2197 1040 2235; x_wconf 85' lang='lat' dir='ltr'>Polneske,</span> <span class='ocrx_word' id='word_1_379' title='bbox 1052 2198 1127 2238; x_wconf 82' lang='lat' dir='ltr'>quia</span> <span class='ocrx_word' id='word_1_380' title='bbox 1144 2198 1227 2230; x_wconf 79' lang='lat' dir='ltr'>dicte</span> <span class='ocrx_word' id='word_1_381' title='bbox 1237 2202 1319 2231; x_wconf 78' lang='lat' dir='ltr'>terre</span> <span class='ocrx_word' id='word_1_382' title='bbox 1332 2209 1396 2230; x_wconf 85' lang='lat' dir='ltr'>non</span> 
     </span>
    </p>
   </div>
   <div class='ocr_carea' id='block_1_3' title="bbox 1518 1073 1551 1819">
    <p class='ocr_par' dir='ltr' id='par_1_6' title="bbox 1518 1073 1551 1819">
     <span class='ocr_line' id='line_1_39' title="bbox 1518 1073 1551 1819; textangle 90"><span class='ocrx_word' id='word_1_383' title='bbox 1527 1694 1551 1819; x_wconf 48' lang='lat' dir='ltr'>&amp;²334OE-</span> <span class='ocrx_word' id='word_1_384' title='bbox 1518 1403 1551 1687; x_wconf 42' lang='lat' dir='ltr'>&#39;fffifflsthfflc-naess</span> <span class='ocrx_word' id='word_1_385' title='bbox 1536 1296 1551 1396; x_wconf 50' lang='lat' dir='ltr'>uhu-i*</span> <span class='ocrx_word' id='word_1_386' title='bbox 1543 1254 1551 1280; x_wconf 74' lang='lat'>.-</span> <span class='ocrx_word' id='word_1_387' title='bbox 1541 1210 1551 1243; x_wconf 57' lang='lat' dir='ltr'>a„</span> <span class='ocrx_word' id='word_1_388' title='bbox 1543 1181 1551 1202; x_wconf 81' lang='lat'>·..</span> <span class='ocrx_word' id='word_1_389' title='bbox 1542 1111 1551 1170; x_wconf 30' lang='lat' dir='ltr'>.·.—„..i</span> <span class='ocrx_word' id='word_1_390' title='bbox 1548 1073 1551 1080; x_wconf 48' lang='grc'>1</span> 
     </span>
    </p>
   </div>
   <div class='ocr_carea' id='block_1_4' title="bbox 1504 1819 1551 2462">
    <p class='ocr_par' dir='ltr' id='par_1_7' title="bbox 1504 1819 1551 2462">
     <span class='ocr_line' id='line_1_40' title="bbox 1504 1819 1551 2462; baseline 0 0"><span class='ocrx_word' id='word_1_391' title='bbox 1504 1819 1551 2462; x_wconf 95' lang='lat' dir='ltr'> </span> 
     </span>
    </p>
   </div>
  </div>
 </body>
</html>
