1551 2462
300 185 362 213 252
605 184 770 216 ROTULI
793 184 1029 217 SCACOARII
1259 187 1352 216 1464.

297 275 441 308 Offerens
454 276 492 308 de
509 277 751 319 Schiregartane
774 289 848 310 cum
864 279 981 320 quibus
997 281 1186 320 computans
1202 278 1348 319 superius

295 329 453 364 oneratur,
477 327 512 358 in
536 328 685 359 manibus
715 328 786 360 Ade
814 329 969 360 Cossoure
999 339 1056 370 per
1082 332 1203 360 cartam
1227 328 1350 359 domini

293 375 376 415 regis
405 386 480 407 cum
503 377 692 415 reversione,
714 378 754 409 de
777 379 914 409 termino
939 378 1035 419 hujus
1059 377 1211 419 computi,
1234 377 1292 417 xiij
1321 381 1348 408 ἓ.

293 424 340 465 iiij
358 425 386 457 d.
432 426 475 457 Et
490 426 602 464 eidem,
618 427 657 458 de
673 427 772 459 firmis
785 431 943 459 terrarum
953 427 992 459 de
1007 428 1099 459 Frew
1108 427 1204 464 Estir,
1216 426 1349 464 Westir,

294 478 327 504 et
345 474 463 506 Bankis
479 476 517 507 de
533 476 620 514 Row,
636 487 711 508 cum
733 478 850 518 quibus
872 480 1060 518 computans
1077 477 1222 519 superius
1237 486 1346 508 onera-

293 527 356 561 tur,
382 534 423 555 ex
449 535 485 556 eo
510 525 596 567 quod
623 526 707 558 dicte
731 530 813 558 terre
840 527 1029 558 assedantur
1051 537 1108 568 pro
1137 526 1284 568 pecuniis
1313 526 1348 557 in

295 573 505 606 Penthecoste
521 579 553 607 et
569 577 679 607 avenis
694 576 729 607 in
746 576 869 608 Sancto.
881 577 1033 615 Martino,
1049 576 1189 618 demptis
1205 576 1349 617 quinque

294 623 384 655 libris
401 624 544 656 allocatis
561 626 728 657 Fratribus
745 626 783 658 de
808 626 970 664 Strivelin,
986 627 1026 658 de
1049 627 1186 658 termino
1202 625 1348 666 computi
1404 630 1409 640 ¹

294 683 316 703 x
328 673 360 704 E.
376 674 409 715 vj
426 678 449 705 s.
465 675 521 716 viij
539 675 568 706 d.
607 676 650 707 Et
665 676 777 713 eidem,
789 676 828 707 de
841 676 941 707 firmis
957 680 1115 707 terrarum
1131 676 1170 707 de
1187 675 1346 717 Glenfyn-

294 722 386 763 glask
410 724 636 765 deputatarum
659 725 700 756 ad
722 726 875 757 forestam
897 736 954 766 per
984 726 1151 757 dominum
1173 735 1279 767 regem
1295 725 1347 766 pie

295 773 456 810 memorie,
472 777 505 805 et
519 778 592 815 post
608 775 675 815 ejus
699 775 824 806 obitum
846 785 903 816 per
925 775 1088 806 dominam
1103 775 1246 816 reginam
1261 775 1346 806 dicte

295 823 455 860 memorie,
468 823 544 864 quia
553 827 643 855 vaste
653 828 743 855 erant
753 835 811 856 nec
822 824 945 866 aliquid
956 824 1030 856 inde
1040 828 1166 865 poterat
1176 824 1346 865 percipere,

294 874 332 902 ut
356 872 467 903 asserit
484 877 671 914 computans
695 874 729 904 in
753 884 810 905 suo
830 874 1021 914 juramento,
1037 874 1076 905 de
1099 874 1184 905 dicto
1200 873 1346 911 termino,

294 921 329 961 iij
346 921 378 952 li.
396 932 441 952 xv
464 926 497 960 s„
513 923 569 953 sed
584 933 671 954 nunc
694 923 778 954 dicte
801 927 884 955 terre
908 923 1097 954 assedantur
1118 933 1176 964 per
1198 923 1347 954 abbatem

296 971 411 1002 Sancte
435 971 554 1003 Crucis.
610 972 654 1003 Et
681 972 793 1010 eidem,
816 983 872 1013 per
895 972 1091 1004 solucionem
1115 972 1233 1004 factam
1261 972 1355 1003 dictor

79 1014 243 1073 ffiffissgdffig
294 1020 491 1052 thesaurario
515 1022 556 1052 ad
578 1021 718 1053 diversas
745 1032 905 1063 personas,
929 1022 999 1063 ipso
1030 1022 1152 1054 fatente
1182 1026 1346 1063 receptum

78 1074 205 1097 saurarius·
295 1080 389 1111 super
405 1074 602 1111 computum,
618 1071 652 1102 xl
667 1076 700 1109 s„
715 1082 773 1113 pro
789 1072 906 1113 quibus
918 1071 1130 1113 respondebit.
1176 1072 1218 1103 Et
1235 1071 1347 1108 eidem,

294 1130 350 1161 per
365 1120 560 1152 solucionem
583 1121 702 1152 factam
724 1122 868 1153 Waltero
891 1121 930 1153 de
954 1121 1111 1153 Galbrath
1133 1121 1173 1153 de
1195 1121 1346 1153 mandato

137 1178 180 1202 Do.
295 1170 374 1201 dicti
397 1170 596 1208 thesaurarii,
618 1171 688 1212 ipso
703 1171 827 1203 fatente
850 1175 1015 1213 receptum
1038 1181 1134 1213 super
1149 1174 1346 1212 computum,

293 1220 327 1260 iij
344 1219 376 1251 fi.
394 1230 438 1250 xv
453 1224 486 1256 s„
501 1231 558 1261 pro
574 1221 691 1261 quibus
707 1221 793 1252 idem
808 1221 1024 1253 thesaurarius
1045 1220 1258 1262 respondebit.
1303 1221 1346 1252 Et

293 1280 349 1310 per
378 1269 574 1301 solucionem
604 1270 723 1302 factam
754 1271 883 1302 domino
920 1271 1061 1303 Henrico
1098 1271 1139 1302 de
1168 1270 1345 1312 Kingorne‚

293 1319 466 1350 senescallo
506 1320 634 1351 domine
675 1320 782 1361 regine
819 1321 872 1361 pie
916 1321 1077 1358 memorie,
1112 1320 1152 1352 ad
1190 1330 1346 1361 expensas

293 1368 448 1400 domicilii
463 1369 615 1409 ejusdem,
630 1370 699 1410 ipso
715 1370 838 1401 fatente
853 1373 1018 1411 receptum
1039 1381 1135 1412 super
1149 1374 1345 1412 computum,

293 1419 359 1459 xvij
376 1418 402 1449 li
418 1419 505 1459 ‚xviij
529 1422 552 1450 ἕ.
607 1419 649 1450 Et
672 1419 784 1456 eidem,
807 1429 864 1460 per
887 1419 1082 1451 solucionem
1105 1420 1191 1451 dicto
1215 1420 1345 1451 domino

292 1468 434 1499 Henrico
466 1468 506 1499 ad
537 1468 727 1499 solvendum
757 1468 866 1500 debita
893 1469 977 1500 dicte
1004 1469 1134 1502 domine
1156 1468 1265 1509 regine
1287 1479 1344 1510 pro

291 1517 439 1557 expensis
470 1517 624 1548 domicilii
654 1520 687 1548 et
724 1517 795 1549 aliis
827 1518 938 1555 modis,
969 1517 1007 1549 de
1038 1518 1189 1549 mandato
1222 1517 1345 1549 domini

293 1567 392 1597 nostri
408 1567 489 1607 regis
505 1567 680 1598 literatorio
693 1567 753 1598 sub
765 1567 888 1608 signeto
901 1570 1028 1598 ostenso
1040 1577 1136 1608 super
1147 1571 1344 1608 computum,

77 1607 267 1662 ξῗέξξξξῗξη,
292 1616 415 1656 prefato
432 1616 560 1647 domino
576 1616 716 1647 Henrieo
729 1616 851 1647 fatente
866 1620 1031 1657 receptum
1040 1626 1135 1657 super
1147 1621 1344 1657 computum,

77 1675 155 1697 gome.
292 1665 359 1706 lxvj
377 1665 410 1697 fi.
426 1664 482 1706 xiij
511 1669 535 1697 s.
558 1665 605 1706 iiij
632 1665 670 1703 d„
693 1676 750 1706 pro
773 1665 891 1706 quibus
913 1666 1125 1707 respondebit.
1171 1666 1215 1697 Et
1230 1666 1343 1704 eidem,

291 1725 348 1755 pro
364 1714 506 1756 quinque
522 1715 632 1745 martis
656 1725 729 1745 cum
753 1715 860 1746 corriis
883 1716 1000 1756 emptis
1023 1725 1080 1756 per
1102 1718 1340 1756 computantem

293 1764 331 1795 ad
348 1764 495 1805 expensis
512 1763 665 1795 domicilii
687 1764 815 1795 domine
837 1764 954 1806 regine,
970 1765 1075 1796 adhuc
1097 1764 1292 1796 restantibus
1307 1765 1343 1796 in

78 1813 242 1842 Respondebit
293 1814 446 1845 Strivelin
473 1816 505 1845 et
531 1814 674 1846 nondum
705 1813 895 1854 expenditis,
921 1824 977 1855 pro
1009 1814 1126 1856 quibus
1153 1817 1342 1855 computans

76 1845 219 1896 ffiffigtans
228 1850 271 1873 pro
291 1863 504 1904 respondebit,
528 1863 572 1904 iiij
591 1863 622 1895 ti.
639 1874 659 1894 x
684 1867 706 1895 s.
752 1863 795 1894 Et
818 1863 930 1901 eidem,
953 1874 1010 1904 pro
1033 1864 1126 1895 feodo
1148 1864 1245 1895 unius
1258 1865 1342 1905 jani—

291 1914 369 1944 toris
390 1917 422 1944 et
445 1913 582 1944 duorum
606 1912 740 1954 vigilum
763 1912 859 1944 castri
882 1913 920 1944 de
943 1913 1068 1950 Doune,
1091 1917 1224 1955 excepto
1248 1913 1341 1945 feodo

291 1963 431 1994 custodis
462 1963 615 2003 ejusdem,
645 1962 705 1994 sub
735 1962 876 2003 periculo
915 1963 1141 2004 computantis,
1178 1963 1218 1995 de
1256 1963 1342 1994 dicto

290 2013 436 2050 termino,
459 2023 526 2043 xxx
556 2017 579 2044 s.
639 2012 682 2043 Et
711 2012 822 2049 eidem,
849 2011 888 2043 de
915 2012 1014 2044 firmis
1040 2011 1145 2044 warde
1174 2012 1214 2045 de
1244 2012 1342 2054 Gudy

290 2065 442 2102 occupate
458 2072 531 2093 cum
548 2062 683 2103 propriis
699 2062 791 2093 bonis
814 2062 941 2093 domine
957 2062 1074 2103 regine,
1090 2065 1184 2103 prout
1199 2065 1289 2103 patet
1304 2062 1340 2092 in

289 2111 413 2149 rentali,
429 2111 616 2143 determino
633 2111 730 2152 hujus
746 2111 888 2153 computi
911 2114 944 2143 et
967 2111 1091 2143 duobus
1107 2111 1254 2143 terminis
1269 2121 1340 2153 pre-
