1551 2462
196 1979 354 2022 Menteth

375 1321 378 1324 ⁴
410 1289 606 1326 computum,
626 1287 640 1327 j
664 1286 769 1317 celdra
793 1287 816 1327 ij
848 1286 961 1318 ferlote
977 1297 1159 1318 avenarum.
1205 1287 1337 1318 Summa
1359 1282 1482 1327 >hujus

410 205 471 234 572
721 202 884 235 norum
909 202 1144 234 SCAGCARH
1366 206 1457 235 1468.
1469 183 1484 191 ”
1539 195 1543 260 'y

407 295 530 336 Aprilis
546 295 688 336 ejusde-m
706 296 791 333 anni,
808 299 845 327 ut
866 298 956 336 patet
971 295 1006 326 in
1022 295 1140 327 eisdem
1153 295 1244 327 libris
1268 295 1459 327 examinatis
1488 331 1490 334 v
1541 311 1544 322 ι

408 345 642 385 particulariter
676 355 771 386 super
808 349 1005 386 computum,
1042 345 1155 386 xxxvij
1192 344 1295 376 celdre
1326 344 1348 386 ij
1375 344 1459 377 bolle

406 394 429 434 ij
448 394 567 426 ferlote.
613 395 655 426 Et
671 395 817 426 ortulano
834 395 873 426 de
885 394 1078 431 Fauclande,
1089 394 1279 435 percipienti
1291 389 1491 437 annuatim}

408 444 486 475 duas
503 444 624 476 eeldras
641 454 815 476 avenarum
830 448 936 485 preter
952 447 1089 485 quatuor
1102 454 1223 475 marcas
1235 454 1314 485 quas
1324 444 1460 485 percipit

408 493 576 524 annuatim
601 504 657 534 pro
683 494 886 534 reparacione
911 493 990 524 dicti
1013 493 1084 530 orti,
1099 493 1139 524 de
1162 503 1245 524 anuo
1268 493 1420 534 computi,
1434 492 1478 534 ije

408 543 512 574 celdre
556 543 599 573 Et
626 542 768 584 Georgeo
795 543 834 574 de
861 543 1084 584 Bannachtyn,
1099 542 1288 583 percipienti
1312 542 1460 574 similiter
1543 576 1546 587 γ

408 592 486 623 duas
513 592 635 624 celdras
667 603 842 624 avenarum
872 595 980 633 preter
1002 593 1154 634 pecunias
1177 603 1234 633 pro
1257 592 1486 639 reparacionefl.
1544 630 1546 633 ι

408 651 500 682 parce
517 642 555 673 de
578 641 760 673 Fauclande
776 642 816 673 de
842 652 926 673 anno
951 642 1094 683 computi
1120 642 1180 673 sub
1206 642 1348 683 periculo
1374 652 1475 673 com-.

407 691 561 731 putantis,
592 691 614 732 ij
647 691 761 723 celdre.
806 692 847 722 Et
878 692 1030 732 Marjorie
1054 692 1146 732 Baty,
1170 701 1226 732 pro
1252 691 1475 732 ›reparaciona

408 741 573 772 fovearum
589 744 753 782 pratorum
769 741 807 772 de
823 741 996 778 Faucland,
1009 750 1048 772 ex
1061 740 1165 782 gracia
1181 740 1302 771 domini
1318 740 1408 782 regis,
1419 740 1461 773 de
1472 739 1478 766 ἶ

409 800 492 821 anno
509 790 660 831 computi,
676 790 720 831 xij
738 790 831 822 bolle.
875 791 918 821 Et
941 801 997 831 pro
1021 791 1172 822 undecim
1198 791 1292 822 bollis
1304 791 1317 832 j
1346 788 1488 823 ferlotai‘-

411 839 510 870 farine
526 849 632 880 grosse
648 839 776 870 intratis
806 840 840 870 in
855 840 946 871 libris
961 840 1116 871 domicilii
1143 851 1199 881 per
1224 844 1350 882 tempus
1375 851 1459 872 com·
1471 839 1482 845 ⁹

412 889 489 929 puti,
505 899 562 929 pro
579 899 714 929 quarum
738 889 882 930 qualibet
905 890 991 921 bulla
1014 890 1192 922 allocantur
1215 894 1352 931 quatuor
1374 884 1490 922 holle}

409 949 591 975 avenarum,
607 938 629 979 ij
653 938 758 970 celdre
783 939 838 980 xiij
855 939 948 971 bolle.
994 940 1037 971 Et
1053 940 1165 977 eidem,
1181 950 1238 981 pro
1254 943 1377 981 septem
1395 938 1476 971 bol-L

408 988 448 1019 lis
465 988 566 1019 farine
579 989 743 1020 avenatice
758 989 886 1020 intratis
902 990 936 1020 in
953 989 1044 1021 libris
1060 989 1226 1027 dietarum,
1242 1000 1299 1031 pro
1315 989 1466 1032 qualibet·
1481 991 1484 993 ’

412 1037 494 1068 bolla
510 1037 687 1069 allocantur
702 1038 764 1069 due
780 1038 864 1070 bolle
880 1049 1062 1077 avenarum,
1073 1039 1142 1080 xiiij
1154 1039 1246 1070 bolle.
1290 1040 1333 1070 Et
1347 1039 1460 1082 eidem,
1473 1042 1481 1078 ᾗ

410 1097 467 1128 pro
477 1090 610 1128 pastura
622 1087 784 1128 signorum
794 1091 827 1119 et
839 1098 998 1129 caponum
1010 1088 1102 1129 regis,
1108 1089 1120 1129 j
1133 1088 1247 1120 celdra.
1291 1088 1334 1119 Et
1346 1083 1458 1126 eidem,
1469 1115 1476 1119 .
1545 1091 1547 1097 “

410 1147 466 1178 pro
483 1137 576 1168 certis
592 1137 740 1178 expensis
758 1137 849 1168 factis
865 1148 960 1179 super
975 1137 1065 1179 equis
1088 1137 1210 1169 domini
1225 1138 1306 1179 regis
1329 1147 1476 1169 manen-*-v

410 1186 496 1217 tibus
518 1186 553 1217 in
578 1186 741 1218 Faucland
756 1197 775 1218 a
797 1187 900 1228 primo
917 1187 968 1218 die
983 1187 1005 1218 J
1008 1187 1066 1218 ulii
1090 1187 1167 1218 anni
1190 1190 1247 1218 etc.
1271 1180 1481 1229 sexagesimi¹

409 1236 538 1277 septimi
554 1246 655 1277 usque
671 1236 706 1267 in
722 1240 849 1268 sextum
865 1236 950 1268 diem
967 1237 1086 1268 mensis
1099 1237 1294 1278 Septembris
1304 1237 1388 1268 infra
1399 1236 1459 1268 hoc
1470 1242 1478 1255 -³

411 1345 558 1376 expense,
573 1335 585 1366 1
601 1335 706 1367 celdre
723 1335 757 1376 iij
774 1335 859 1367 belle
875 1336 909 1376 iij
928 1336 1041 1367 ferlote
1053 1336 1067 1376 j
1084 1346 1186 1376 pecca.
1232 1336 1275 1367 Et
1289 1336 1335 1367 sic
1350 1345 1458 1376 super-
1475 1372 1477 1375 ⁸

411 1385 559 1425 exposuit
575 1387 763 1425 computans
784 1385 841 1426 viij
866 1385 988 1416 celdras
1005 1385 1051 1426 iiij
1080 1385 1182 1427 bollas
1194 1385 1207 1425 j
1235 1395 1374 1426 peccam,
1395 1391 1480 1435 quest

411 1433 589 1464 allocantur
633 1434 834 1475 computanti
870 1434 905 1465 in
950 1437 1101 1475 computo
1138 1435 1273 1476 pecunie
1311 1434 1481 1475 superius<⁴

411 1483 575 1523 descripto.

454 1532 701 1563 Memorandum
724 1532 808 1573 quod
831 1535 1019 1573 computans
1040 1532 1148 1564 omisit
1170 1543 1203 1564 se
1226 1543 1397 1565 exonerare
1419 1518 1473 1573 des

412 1581 579 1613 duodecim
595 1581 689 1612 bollis
705 1591 879 1613 avenarum
894 1582 934 1613 de
949 1582 1041 1613 terris
1060 1582 1099 1614 de
1123 1582 1270 1624 Cullessy
1291 1582 1478 1614 existenti-r*
1546 1612 1547 1616 ,

413 1631 494 1662 bus
486 1641 520 1661 in
535 1632 684 1662 manibus
699 1631 813 1673 Lyoun
828 1631 910 1672 regis
926 1642 1094 1669 armorum,
1106 1636 1139 1663 et
1150 1632 1189 1664 de
1205 1632 1329 1663 duabus
1345 1632 1462 1677 celdrisj
1479 1626 1484 1645 ἶ
1546 1629 1548 1667 ᾗ

411 1684 548 1722 quatuor
563 1681 658 1712 bollis
673 1691 848 1712 avenarum
863 1681 903 1712 de
914 1683 1008 1713 terris
1020 1682 1059 1714 de
1070 1682 1232 1713 Bernturk
1247 1675 1478 1723 existentibus<

412 1731 446 1761 in
468 1730 616 1762 manibus
638 1731 752 1762 Jacobi
775 1731 1021 1772 Lummysdene,
1037 1742 1110 1763 cum
1131 1732 1248 1773 quibus
1271 1734 1457 1773 computans
1480 1736 1484 1738 ⁷

411 1780 557 1821 superius
594 1783 752 1818 oneratur,
783 1791 845 1821 que
883 1781 1046 1813 allocande
1084 1785 1161 1813 sunt
1191 1781 1390 1822 computanti
1423 1779 1464 1812 im

411 1830 556 1871 proximo
572 1840 629 1861 suo
645 1833 795 1871 computo
817 1830 977 1862 reddendo
993 1831 1032 1862 de
1048 1830 1172 1862 duobus
1194 1831 1296 1868 annis,
1310 1830 1476 1863 videlic

411 1880 451 1911 de
466 1890 551 1911 anno
565 1879 755 1920 precedente
770 1880 830 1911 hoc
846 1883 1033 1922 computum
1049 1883 1082 1912 et
1096 1880 1135 1912 de
1151 1891 1235 1912 anno
1251 1880 1400 1922 computi.

455 1977 650 2019 Computum
666 1977 804 2009 walteri
824 1978 905 2020 Dog,
927 1978 1091 2010 camerarii
1113 1979 1235 2010 domini
1258 1978 1356 2010 nostri
1377 1977 1479 2026 regia-
1539 1972 1549 2006 ’κ

411 2028 450 2059 de
473 2027 621 2059 Menteth
646 2031 680 2059 et
703 2028 942 2069 Strongartnay,
965 2028 1224 2069 Buchquhidder,
1250 2026 1461 2066 Drummond.)
1472 2036 1477 2055 .’
1536 2024 1545 2045 ”

410 2081 442 2108 et
458 2077 621 2118 Duchray,
637 2077 846 2118 [Edinburyh‚
862 2078 882 2110 7
897 2078 977 2119 July
991 2079 1087 2117 1468,
1099 2079 1190 2120 from
1210 2081 1299 2120 entry
1320 2088 1360 2110 on
1381 2077 1482 2119 office*

411 2138 450 2158 on
465 2127 508 2158 19
523 2127 608 2158 June
623 2127 733 2168 1462]
1450 2136 1478 2166 ,²
