1551 2462
354 217 367 244 1
375 216 413 245 94
667 215 831 247 ROTULI
854 215 1091 248 SGAOOARH
1314 218 1328 246 1
1335 218 1406 247 463.

351 307 393 338 Ε(
409 307 448 339 de
463 307 520 348 xiij
539 312 562 339 ἔ.
579 308 624 349 iiij
643 308 672 340 d.
689 309 727 340 de
747 309 846 340 firmis
870 309 908 341 de
933 309 1134 341 Murisfeilde
1157 309 1197 341 de
1220 309 1314 340 dictis
1337 311 1401 340 (61·-

351 357 456 389 minis.
502 358 545 389 Ε(
561 359 600 389 (16
616 359 670 400 &vj
688 359 720 389 Ε.
737 361 819 390 terre
844 359 882 390 (16
906 359 1090 400 Rfflnorgny
1113 362 1145 390 et
1168 358 1342 390 Lawfeilde
1364 359 1405 391 de

352 407 472 438 eisdem
488 409 643 439 terminis.
690 409 732 439 Ε(
748 409 787 439 (16
802 409 843 449 vij
858 408 889 439 11.
903 409 934 449 vj
949 413 971 440 ἔ.
985 409 1042 449 viij
1056 408 1085 440 d.
1097 409 1110 449 j
1120 408 1230 439 coldra
1242 408 1298 449 xiij
1312 408 1407 439 bouis

352 457 508 488 frumenti
523 457 545 498 ij
565 457 679 489 celclris
697 468 716 488 v
732 457 827 488 bouis
844 457 930 489 ordei
948 461 1032 489 terre
1055 458 1094 489 de
1118 458 1223 498 Ferny
1247 458 1287 489 de
1311 457 1405 489 dictis

356 507 511 538 terminis.
560 507 602 538 Ε(
630 507 669 538 (16
694 507 741 548 liij
767 507 799 538 11.
825 508 857 548 vj
886 511 908 538 S.
932 508 989 548 viij
1018 508 1046 538 d.
1069 508 1109 539 de
1134 507 1235 538 firmis
1259 510 1342 539 terre
1369 507 1409 538 de

351 556 477 597 Luthry
493 567 549 597 per
565 557 650 588 idem
667 560 803 598 tempus.
849 558 892 588 Ε(
907 557 946 588 (16
962 558 1011 598 hij
1027 562 1049 589 ἕ.
1067 558 1114 598 iiij
1128 558 1159 588 h'.
1172 558 1211 589 de
1223 557 1407 589 molendino

352 606 496 647 ejusdem
512 617 568 647 per
585 607 706 637 dietum
724 610 859 648 tempus.
905 608 948 638 Ε(
964 607 1002 638 (16
1026 608 1105 648 xviij
1123 607 1155 639 fi.
1173 608 1212 639 de
1228 608 1328 639 firmis
1345 611 1408 638 (61·-

351 666 459 687 rarum
489 657 529 687 de
555 657 798 698 Esbirbalgarvy
824 661 856 688 et
879 658 1156 699 Westirbalgarvy
1193 668 1250 698 per
1276 660 1405 698 tempus

352 707 500 747 compoti.
545 707 587 737 Ε(
598 707 636 738 (16
649 707 679 747 vj
694 707 726 738 11.
740 707 796 747 xiij
809 711 832 737 ἔ.
845 707 889 746 iiij
903 707 934 737 fi.
942 708 954 748 j
970 708 1075 738 eeldra
1085 708 1130 748 xij
1143 707 1238 738 bollis
1249 707 1404 738 frumenti

348 756 478 796 jceldra
489 767 534 787 xv
545 756 640 787 bollis
652 757 672 797 ij
687 756 808 787 ferlotis
822 766 893 787 cum
907 757 981 787 bina
993 760 1083 797 parte
1099 757 1212 788 ferlot'e
1225 757 1312 788 ordei
1322 760 1405 788 terre

353 806 391 837 de
407 805 437 837 le
454 806 526 837 Shar
541 816 596 846 per
616 806 702 837 idem
715 808 850 846 tempus.
895 806 938 837 Ε(
954 806 993 837 (16
1009 807 1086 847 xxvj
1103 806 1135 837 fi.
1152 806 1208 847 xiij
1227 811 1248 837 ἔ.
1260 806 1306 847 iiij
1324 806 1353 837 d.
1367 806 1406 837 de

352 855 444 885 terris
465 855 504 886 de
529 855 766 895 Murbhocarny
785 865 841 895 per
859 858 992 896 tempus
1011 855 1158 896 compoti.
1205 856 1247 886 Ε(
1271 856 1310 887 (16
1337 867 1359 886 x
1374 856 1406 886 fi.

352 914 396 935 xv
417 908 440 935 ἔ.
461 904 473 944 j
502 904 607 935 celclra
633 905 702 945 xiiij
730 905 824 935 1101116
852 905 1007 936 frumenti
1022 905 1043 946 ij
1075 905 1189 936 celdris
1218 915 1238 935 v
1259 905 1355 936 bollis
1381 905 1403 945 ij

352 953 475 984 ferlotis
491 954 578 984 osdei
594 957 677 985 terre
694 954 733 985 de
750 954 900 984 Rothulit
916 954 954 985 de
971 955 1082 985 eodem
1099 965 1190 986 anno.
1236 955 1279 985 Ε(
1289 955 1327 986 (16
1340 965 1361 986 v
1372 955 1404 986 li.

351 1004 384 1043 vj
402 1008 425 1035 ἕ.
447 1003 502 1044 viij
528 1003 557 1034 (1.
582 1003 620 1034 (16
639 1003 738 1034 firmis
759 1003 937 1034 molendini
960 1004 1000 1035 de
1023 1004 1173 1035 Rothulit
1196 1004 1235 1035 de
1258 1005 1404 1036 terminis

353 1053 501 1093 compoti.
547 1053 589 1083 Ε(
614 1053 653 1083 (16
679 1053 736 1093 viij
762 1052 794 1084 11
823 1053 854 1093 vj
880 1057 902 1084 ἕ.
928 1053 985 1093 viij
1010 1053 1039 1084 d.
1066 1054 1203 1093 pecunie
1230 1053 1264 1094 iij
1291 1053 1406 1085 eeldris

353 1152 477 1183 Ardate
515 1162 570 1193 per
601 1152 723 1182 (116(11111
762 1156 895 1193 bempus.
942 1153 984 1184 Ε(
1015 1153 1054 1184 (16
1085 1153 1141 1194 viij
1173 1153 1206 1185 fi.
1237 1153 1276 1184 de
1307 1153 1407 1184 firmis

353 1202 530 1233 molendini
541 1202 691 1243 ejusdem.
737 1203 780 1233 Ε(
793 1202 830 1233 de
841 1213 862 1233 x
874 1203 905 1234 n.
918 1203 940 1243 ij
953 1203 1066 1234 eeldris
1079 1203 1134 1243 viij
1147 1203 1240 1234 bollis
1253 1203 1408 1234 frumenti

353 1253 388 1292 iij
406 1252 521 1283 oeldris
536 1252 558 1292 ij
585 1251 678 1283 bonis
702 1252 787 1283 ordei
812 1262 868 1293 per
890 1252 1029 1293 integras
1046 1252 1152 1283 firmas
1175 1252 1214 1283 de
1237 1252 1404 1283 Estirdron

355 1312 413 1342 per
428 1304 556 1342 tempus
585 1303 732 1342 compoti.
778 1302 821 1333 Ε(
848 1302 885 1333 (16
912 1312 932 1333 v
958 1302 990 1333 n.
1015 1302 1047 1342 vj
1068 1306 1090 1333 ἔ.
1116 1302 1172 1342 viij
1192 1302 1221 1333 d.
1245 1302 1284 1333 de
1307 1302 1407 1333 firmis

355 1351 531 1382 molendini
552 1351 703 1392 ejusdem.
748 1352 791 1382 Ε(
815 1352 854 1382 (16
880 1362 923 1382 xx
949 1351 982 1383 fi.
1006 1352 1045 1382 de
1068 1352 1161 1382 terris
1187 1351 1225 1382 de
1253 1352 1389 1383 Thomas

353 1405 451 1432 (011116
468 1411 541 1432 611111
556 1401 739 1432 molendino
755 1401 897 1441 ejusdem
920 1401 958 1432 de
982 1401 1075 1432 dictis
1099 1401 1253 1432 terminis.
1299 1401 1341 1432 Ε(
1364 1401 1404 1432 (16

353 1451 410 1491 viij
442 1450 473 1482 11.
499 1454 655 1482 terrarum
682 1450 721 1481 de
752 1450 932 1491 Feryfeilde
963 1454 995 1481 6(
1023 1450 1212 1481 Bondfeilde
1243 1450 1282 1481 de
1309 1450 1404 1481 dictis

353 1500 507 1531 terminis.
553 1500 595 1530 Ε(
611 1499 650 1530 (16
667 1510 687 1529 x
703 1499 735 1532 11,
751 1499 927 1530 molendini
950 1499 1111 1530 fullonum
1132 1509 1272 1531 unacum
1294 1499 1404 1530 warda

353 1550 392 1580 de
409 1549 515 1590 Cupro
532 1549 570 1580 de
587 1549 708 1580 eisdem
723 1549 876 1580 terminis.
923 1549 965 1580 Ε(
982 1549 1020 1580 (16
1037 1550 1067 1590 vj
1085 1549 1118 1581 Ῑῖί.
1134 1549 1191 1590 xiij
1209 1553 1231 1580 S.
1249 1549 1295 1590 iiij
1313 1548 1341 1580 d.
1363 1549 1403 1580 de

353 1599 452 1629 firmis
469 1598 645 1629 molendini
661 1598 700 1629 de
716 1598 808 1629 Bello
824 1609 880 1639 per
896 1599 1018 1629 dietum
1033 1602 1169 1639 tempus.
1215 1598 1257 1629 Ε(
1269 1598 1308 1629 (16
1323 1598 1357 1639 iij
1370 1598 1403 1630 fi.

352 1649 384 1689 vj
402 1652 424 1679 ἔ,
443 1648 498 1689 viij
515 1648 545 1679 d.
562 1648 600 1679 de
616 1648 646 1679 16
668 1648 801 1679 Parkhil
823 1659 880 1689 per
898 1648 983 1680 idem
1006 1652 1143 1689 tempus.
1189 1648 1232 1679 Ε(
1254 1648 1293 1679 (16
1315 1648 1362 1688 liij
1380 1652 1403 1679 Ξ.

352 1698 399 1738 iiij
417 1698 445 1728 d.
463 1698 502 1728 de
517 1697 618 1727 firmis
634 1697 811 1728 molendini
828 1698 866 1728 de
882 1698 973 1729 Dene
989 1708 1046 1738 per
1068 1698 1154 1729 idem
1178 1701 1313 1738 tempus.
1358 1697 1402 1728 Ε(

352 1747 392 1778 (16
408 1748 506 1787 xxxvj
525 1746 555 1778 fi.
579 1747 609 1787 vj
628 1751 650 1778 ἓ.
674 1747 730 1787 viij
748 1746 776 1777 d.
801 1747 822 1787 ij
848 1747 962 1778 eeldris
986 1757 1161 1778 avenarum
1183 1757 1239 1788 per
1261 1747 1400 1788 integras

352 1798 459 1828 firmas
480 1800 561 1828 terre
584 1797 623 1828 de
646 1797 816 1827 Dunmure
839 1807 912 1827 eum
936 1800 1027 1837 prato
1050 1797 1195 1837 ejusdem
1218 1797 1256 1828 de
1280 1796 1400 1828 eisdem

351 1847 505 1878 terminis.
553 1847 595 1878 Ε(
612 1846 650 1877 (16
666 1846 758 1886 xxiiij
775 1846 806 1877 11.
824 1846 894 1886 xiiij
915 1850 938 1877 ἔ.
962 1847 983 1887 ij
1009 1846 1038 1878 d.
1059 1847 1071 1887 j
1096 1846 1203 1878 eeldra
1226 1846 1282 1886 viij
1306 1846 1401 1877 bollis

352 1907 527 1928 avenarum
557 1900 639 1928 terre
664 1896 702 1927 de
727 1895 961 1927 Anldlundoris
987 1906 1062 1927 611111
1092 1896 1232 1937 cotagiis,
1263 1899 1340 1933 orto,
1367 1899 1400 1926 et

351 1950 443 1987 prato
460 1946 603 1987 ejusdem
619 1945 658 1976 de
673 1945 793 1976 eisdem
808 1945 961 1976 terminis.
1007 1945 1050 1976 Ε(
1066 1945 1104 1976 (16
1119 1956 1141 1976 ν
1156 1945 1188 1976 n'.
1205 1945 1236 1985 vj
1254 1949 1278 1976 ἓ.
1297 1945 1351 1985 viij
1369 1944 1399 1976 d.

353 2000 435 2027 terre
451 1996 490 2027 (16
507 1996 627 2037 Inehry
643 2005 698 2036 per
713 1995 835 2026 dictum
851 1998 985 2035 tenipus.
1032 1996 1074 2026 Ε(
1089 1995 1128 2026 (16
1144 1995 1188 2035 xij
1206 1994 1238 2025 n.
1258 1998 1340 2025 terre
1361 1994 1400 2025 de

352 2045 519 2086 Wodmyll
536 2045 574 2076 de
591 2045 710 2076 eisdem
726 2044 879 2075 terminis.
924 2045 966 2075 Ε(
983 2045 1021 2076 (16
1037 2045 1114 2085 xxvj
1132 2044 1162 2075 H.
1180 2044 1236 2084 xiij
1254 2048 1275 2075 ἐ.
1298 2044 1345 2084 iiij
1369 2043 1399 2075 d.

353 2094 392 2125 de
408 2094 506 2125 firmis
525 2098 679 2125 terrarum
696 2094 734 2125 de
756 2093 907 2135 Kynloeh
931 2104 1004 2125 611111
1030 2094 1137 2125 fabrili
1161 2097 1193 2125 6(
1216 2093 1399 2124 molendino

353 2143 496 2184 ejusdem
527 2143 566 2174 de
590 2143 709 2175 eisdem
736 2143 888 2175 terminis.
935 2143 977 2174 Ε(
1002 2143 1040 2174 (16
1064 2143 1132 2183 xiiij
1163 2142 1193 2173 n.
1226 2143 1269 2183 xij
1303 2141 1398 2173 bonis
