<?xml version="1.0" encoding="UTF-8"?>
<!DOCTYPE html PUBLIC "-//W3C//DTD XHTML 1.0 Transitional//EN"
    "http://www.w3.org/TR/xhtml1/DTD/xhtml1-transitional.dtd">
<html xmlns="http://www.w3.org/1999/xhtml" xml:lang="en" lang="en">
 <head>
  <title>
</title>
<meta http-equiv="Content-Type" content="text/html;charset=utf-8" />
  <meta name='ocr-system' content='tesseract 3.04.00' />
  <meta name='ocr-capabilities' content='ocr_page ocr_carea ocr_par ocr_line ocrx_word'/>
</head>
<body>
  <div class='ocr_page' id='page_1' title='image "./rotuliscaccariir07scot_0162.png"; bbox 0 0 1551 2462; ppageno 0'>
   <div class='ocr_carea' id='block_1_1' title="bbox 107 606 305 631">
    <p class='ocr_par' dir='ltr' id='par_1_1' title="bbox 107 606 305 631">
     <span class='ocr_line' id='line_1_1' title="bbox 107 606 305 631; baseline 0.01 -2"><span class='ocrx_word' id='word_1_1' title='bbox 107 606 192 630; x_wconf 61' lang='lat' dir='ltr'>Restat</span> <span class='ocrx_word' id='word_1_2' title='bbox 200 607 305 631; x_wconf 85' lang='lat' dir='ltr'>ordeum.</span> 
     </span>
    </p>
   </div>
   <div class='ocr_carea' id='block_1_2' title="bbox 324 261 1375 293">
    <p class='ocr_par' dir='ltr' id='par_1_2' title="bbox 324 261 1375 293">
     <span class='ocr_line' id='line_1_2' title="bbox 324 261 1375 293; baseline 0.001 -2"><span class='ocrx_word' id='word_1_3' title='bbox 324 262 363 291; x_wconf 81' lang='lat'>84</span> <span class='ocrx_word' id='word_1_4' title='bbox 635 261 801 293; x_wconf 86' lang='lat' dir='ltr'><strong>ROTULI</strong></span> <span class='ocrx_word' id='word_1_5' title='bbox 825 261 1061 293; x_wconf 79' lang='lat' dir='ltr'>SCAOCARH</span> <span class='ocrx_word' id='word_1_6' title='bbox 1284 264 1375 292; x_wconf 84' lang='lat'>1461.</span> 
     </span>
    </p>
   </div>
   <div class='ocr_carea' id='block_1_3' title="bbox 315 354 1376 2234">
    <p class='ocr_par' dir='ltr' id='par_1_3' title="bbox 321 354 1376 743">
     <span class='ocr_line' id='line_1_3' title="bbox 322 354 1375 397; baseline 0.002 -13"><span class='ocrx_word' id='word_1_7' title='bbox 322 364 413 384; x_wconf 88' lang='lat' dir='ltr'>arum</span> <span class='ocrx_word' id='word_1_8' title='bbox 442 355 605 386; x_wconf 81' lang='lat' dir='ltr'>firmarum</span> <span class='ocrx_word' id='word_1_9' title='bbox 635 355 670 386; x_wconf 91' lang='lat' dir='ltr'>in</span> <span class='ocrx_word' id='word_1_10' title='bbox 700 355 822 396; x_wconf 84' lang='lat' dir='ltr'>granali</span> <span class='ocrx_word' id='word_1_11' title='bbox 846 355 1017 397; x_wconf 33' lang='lat' dir='ltr'>de-primo</span> <span class='ocrx_word' id='word_1_12' title='bbox 1049 365 1133 386; x_wconf 86' lang='lat' dir='ltr'>anno</span> <span class='ocrx_word' id='word_1_13' title='bbox 1164 354 1261 396; x_wconf 84' lang='lat' dir='ltr'>hujus</span> <span class='ocrx_word' id='word_1_14' title='bbox 1290 365 1375 386; x_wconf 91' lang='lat' dir='ltr'>com-</span> 
     </span>
     <span class='ocr_line' id='line_1_4' title="bbox 322 403 1374 446; baseline 0.002 -12"><span class='ocrx_word' id='word_1_15' title='bbox 322 403 399 444; x_wconf 86' lang='lat' dir='ltr'>poti,</span> <span class='ocrx_word' id='word_1_16' title='bbox 415 414 454 435; x_wconf 86' lang='lat' dir='ltr'>ex</span> <span class='ocrx_word' id='word_1_17' title='bbox 477 405 732 436; x_wconf 78' lang='lat' dir='ltr'>consideracione</span> <span class='ocrx_word' id='word_1_18' title='bbox 753 405 935 437; x_wconf 81' lang='lat' dir='ltr'>auditorum</span> <span class='ocrx_word' id='word_1_19' title='bbox 959 405 999 436; x_wconf 84' lang='lat' dir='ltr'>ad</span> <span class='ocrx_word' id='word_1_20' title='bbox 1022 415 1160 446; x_wconf 80' lang='lat' dir='ltr'><strong>presens,</strong></span> <span class='ocrx_word' id='word_1_21' title='bbox 1181 405 1203 446; x_wconf 82' lang='lat' dir='ltr'>ij</span> <span class='ocrx_word' id='word_1_22' title='bbox 1223 405 1327 437; x_wconf 85' lang='lat' dir='ltr'>celdre</span> <span class='ocrx_word' id='word_1_23' title='bbox 1342 406 1374 446; x_wconf 89' lang='lat' dir='ltr'>vj</span> 
     </span>
     <span class='ocr_line' id='line_1_5' title="bbox 323 453 1376 495; baseline 0.001 -11"><span class='ocrx_word' id='word_1_24' title='bbox 323 453 406 485; x_wconf 89' lang='lat' dir='ltr'>bolle</span> <span class='ocrx_word' id='word_1_25' title='bbox 422 454 456 495; x_wconf 88' lang='lat' dir='ltr'>iij</span> <span class='ocrx_word' id='word_1_26' title='bbox 475 454 594 486; x_wconf 84' lang='lat' dir='ltr'>ferlote.</span> <span class='ocrx_word' id='word_1_27' title='bbox 642 455 773 485; x_wconf 85' lang='lat' dir='ltr'>Summa</span> <span class='ocrx_word' id='word_1_28' title='bbox 787 455 884 495; x_wconf 84' lang='lat' dir='ltr'>hujus</span> <span class='ocrx_word' id='word_1_29' title='bbox 908 465 1055 495; x_wconf 80' lang='lat' dir='ltr'>expense,</span> <span class='ocrx_word' id='word_1_30' title='bbox 1071 454 1186 495; x_wconf 76' lang='lat' dir='ltr'>lxxxxj</span> <span class='ocrx_word' id='word_1_31' title='bbox 1211 454 1316 486; x_wconf 86' lang='lat' dir='ltr'>celdre</span> <span class='ocrx_word' id='word_1_32' title='bbox 1332 465 1376 485; x_wconf 84' lang='lat' dir='ltr'>xv</span> 
     </span>
     <span class='ocr_line' id='line_1_6' title="bbox 323 503 1375 541; baseline 0.001 -7"><span class='ocrx_word' id='word_1_33' title='bbox 323 503 414 535; x_wconf 88' lang='lat' dir='ltr'>bolle.</span> <span class='ocrx_word' id='word_1_34' title='bbox 460 504 502 535; x_wconf 80' lang='lat' dir='ltr'>Et</span> <span class='ocrx_word' id='word_1_35' title='bbox 517 504 562 535; x_wconf 85' lang='lat' dir='ltr'>sic</span> <span class='ocrx_word' id='word_1_36' title='bbox 578 507 708 541; x_wconf 85' lang='lat' dir='ltr'>restant,</span> <span class='ocrx_word' id='word_1_37' title='bbox 721 515 860 536; x_wconf 83' lang='lat' dir='ltr'>unacum</span> <span class='ocrx_word' id='word_1_38' title='bbox 877 505 1000 536; x_wconf 85' lang='lat' dir='ltr'>duabus</span> <span class='ocrx_word' id='word_1_39' title='bbox 1016 504 1131 537; x_wconf 86' lang='lat' dir='ltr'>celdris</span> <span class='ocrx_word' id='word_1_40' title='bbox 1149 508 1182 535; x_wconf 84' lang='lat' dir='ltr'>et</span> <span class='ocrx_word' id='word_1_41' title='bbox 1194 508 1265 535; x_wconf 89' lang='lat' dir='ltr'>octo</span> <span class='ocrx_word' id='word_1_42' title='bbox 1281 504 1375 535; x_wconf 86' lang='lat' dir='ltr'>bollis</span> 
     </span>
     <span class='ocr_line' id='line_1_7' title="bbox 322 553 1376 595; baseline 0.001 -11"><span class='ocrx_word' id='word_1_43' title='bbox 322 553 419 584; x_wconf 88' lang='lat' dir='ltr'>brasii</span> <span class='ocrx_word' id='word_1_44' title='bbox 439 553 478 585; x_wconf 89' lang='lat' dir='ltr'>de</span> <span class='ocrx_word' id='word_1_45' title='bbox 501 554 599 585; x_wconf 89' lang='lat' dir='ltr'>firmis</span> <span class='ocrx_word' id='word_1_46' title='bbox 623 555 797 586; x_wconf 83' lang='lat' dir='ltr'>molendini</span> <span class='ocrx_word' id='word_1_47' title='bbox 823 554 860 585; x_wconf 85' lang='lat' dir='ltr'>de</span> <span class='ocrx_word' id='word_1_48' title='bbox 887 554 1126 595; x_wconf 86' lang='lat' dir='ltr'>Uohtermukty</span> <span class='ocrx_word' id='word_1_49' title='bbox 1149 554 1187 585; x_wconf 87' lang='lat' dir='ltr'>de</span> <span class='ocrx_word' id='word_1_50' title='bbox 1212 564 1294 585; x_wconf 89' lang='lat' dir='ltr'>novo</span> <span class='ocrx_word' id='word_1_51' title='bbox 1317 564 1376 595; x_wconf 88' lang='lat' dir='ltr'>pro</span> 
     </span>
     <span class='ocr_line' id='line_1_8' title="bbox 323 603 1376 645; baseline 0 -11"><span class='ocrx_word' id='word_1_52' title='bbox 323 603 413 634; x_wconf 86' lang='lat' dir='ltr'>firma</span> <span class='ocrx_word' id='word_1_53' title='bbox 435 603 581 641; x_wconf 84' lang='lat' dir='ltr'>assedati,</span> <span class='ocrx_word' id='word_1_54' title='bbox 597 604 676 644; x_wconf 79' lang='lat' dir='ltr'>xxiij</span> <span class='ocrx_word' id='word_1_55' title='bbox 702 604 806 636; x_wconf 82' lang='lat' dir='ltr'>oeldre</span> <span class='ocrx_word' id='word_1_56' title='bbox 828 604 850 645; x_wconf 84' lang='lat' dir='ltr'>ij</span> <span class='ocrx_word' id='word_1_57' title='bbox 876 603 985 644; x_wconf 90' lang='lat' dir='ltr'>bollej</span> <span class='ocrx_word' id='word_1_58' title='bbox 1011 604 1134 641; x_wconf 83' lang='lat' dir='ltr'>ferlota,</span> <span class='ocrx_word' id='word_1_59' title='bbox 1150 607 1182 635; x_wconf 81' lang='lat' dir='ltr'>et</span> <span class='ocrx_word' id='word_1_60' title='bbox 1203 607 1326 635; x_wconf 86' lang='lat' dir='ltr'>restant</span> <span class='ocrx_word' id='word_1_61' title='bbox 1341 604 1376 634; x_wconf 94' lang='lat' dir='ltr'>in</span> 
     </span>
     <span class='ocr_line' id='line_1_9' title="bbox 321 653 1375 695; baseline 0 -11"><span class='ocrx_word' id='word_1_62' title='bbox 321 654 469 684; x_wconf 86' lang='lat' dir='ltr'>manibus</span> <span class='ocrx_word' id='word_1_63' title='bbox 494 653 615 685; x_wconf 86' lang='lat' dir='ltr'>Thome</span> <span class='ocrx_word' id='word_1_64' title='bbox 642 654 811 695; x_wconf 81' lang='lat' dir='ltr'>Symsoun‚</span> <span class='ocrx_word' id='word_1_65' title='bbox 831 653 1002 695; x_wconf 85' lang='lat' dir='ltr'>reoeptoris</span> <span class='ocrx_word' id='word_1_66' title='bbox 1026 653 1191 687; x_wconf 87' lang='lat' dir='ltr'>firmarum</span> <span class='ocrx_word' id='word_1_67' title='bbox 1215 653 1313 684; x_wconf 82' lang='lat' dir='ltr'>brasii</span> <span class='ocrx_word' id='word_1_68' title='bbox 1336 653 1375 684; x_wconf 93' lang='lat' dir='ltr'>de</span> 
     </span>
     <span class='ocr_line' id='line_1_10' title="bbox 322 702 420 743; baseline -0.01 -9"><span class='ocrx_word' id='word_1_69' title='bbox 322 702 420 743; x_wconf 82' lang='lat' dir='ltr'>Fyffe.</span> 
     </span>
    </p>

    <p class='ocr_par' dir='ltr' id='par_1_4' title="bbox 315 752 1376 2234">
     <span class='ocr_line' id='line_1_11' title="bbox 363 752 1376 794; baseline 0 -11"><span class='ocrx_word' id='word_1_70' title='bbox 363 752 512 793; x_wconf 85' lang='lat' dir='ltr'>Expense</span> <span class='ocrx_word' id='word_1_71' title='bbox 529 762 709 784; x_wconf 83' lang='lat' dir='ltr'>avenarum.</span> <span class='ocrx_word' id='word_1_72' title='bbox 756 753 796 783; x_wconf 88' lang='lat' dir='ltr'>In</span> <span class='ocrx_word' id='word_1_73' title='bbox 812 753 933 794; x_wconf 86' lang='lat' dir='ltr'>primis,</span> <span class='ocrx_word' id='word_1_74' title='bbox 956 752 1090 785; x_wconf 83' lang='lat' dir='ltr'>allocate</span> <span class='ocrx_word' id='word_1_75' title='bbox 1106 753 1304 794; x_wconf 86' lang='lat' dir='ltr'>compotanti</span> <span class='ocrx_word' id='word_1_76' title='bbox 1318 762 1376 793; x_wconf 87' lang='lat' dir='ltr'>per</span> 
     </span>
     <span class='ocr_line' id='line_1_12' title="bbox 320 800 1374 843; baseline 0 -11"><span class='ocrx_word' id='word_1_77' title='bbox 320 800 545 833; x_wconf 89' lang='lat' dir='ltr'>liberacionem</span> <span class='ocrx_word' id='word_1_78' title='bbox 568 802 687 833; x_wconf 81' lang='lat' dir='ltr'>factam</span> <span class='ocrx_word' id='word_1_79' title='bbox 703 802 735 833; x_wconf 90' lang='lat' dir='ltr'>in</span> <span class='ocrx_word' id='word_1_80' title='bbox 763 803 870 833; x_wconf 83' lang='lat' dir='ltr'>avaria</span> <span class='ocrx_word' id='word_1_81' title='bbox 887 802 1088 835; x_wconf 84' lang='lat' dir='ltr'>dominorum</span> <span class='ocrx_word' id='word_1_82' title='bbox 1103 802 1187 843; x_wconf 85' lang='lat' dir='ltr'>regis</span> <span class='ocrx_word' id='word_1_83' title='bbox 1210 806 1243 833; x_wconf 88' lang='lat' dir='ltr'>et</span> <span class='ocrx_word' id='word_1_84' title='bbox 1259 802 1374 843; x_wconf 82' lang='lat' dir='ltr'>regine,</span> 
     </span>
     <span class='ocr_line' id='line_1_13' title="bbox 320 851 1374 893; baseline 0.001 -11"><span class='ocrx_word' id='word_1_85' title='bbox 320 855 353 882; x_wconf 87' lang='lat' dir='ltr'>et</span> <span class='ocrx_word' id='word_1_86' title='bbox 389 851 506 882; x_wconf 86' lang='lat' dir='ltr'>intrate</span> <span class='ocrx_word' id='word_1_87' title='bbox 544 852 579 882; x_wconf 90' lang='lat' dir='ltr'>in</span> <span class='ocrx_word' id='word_1_88' title='bbox 623 852 713 883; x_wconf 87' lang='lat' dir='ltr'>libris</span> <span class='ocrx_word' id='word_1_89' title='bbox 758 852 925 890; x_wconf 75' lang='lat' dir='ltr'>dietamm,</span> <span class='ocrx_word' id='word_1_90' title='bbox 948 856 985 883; x_wconf 82' lang='lat' dir='ltr'>ut</span> <span class='ocrx_word' id='word_1_91' title='bbox 1015 856 1104 893; x_wconf 86' lang='lat' dir='ltr'>patet</span> <span class='ocrx_word' id='word_1_92' title='bbox 1127 852 1162 884; x_wconf 90' lang='lat' dir='ltr'>in</span> <span class='ocrx_word' id='word_1_93' title='bbox 1199 852 1329 888; x_wconf 89' lang='lat' dir='ltr'>eisdem,</span> <span class='ocrx_word' id='word_1_94' title='bbox 1356 862 1374 883; x_wconf 88' lang='lat' dir='ltr'>a</span> 
     </span>
     <span class='ocr_line' id='line_1_14' title="bbox 319 901 1374 943; baseline 0.001 -12"><span class='ocrx_word' id='word_1_95' title='bbox 319 901 422 942; x_wconf 89' lang='lat' dir='ltr'>primo</span> <span class='ocrx_word' id='word_1_96' title='bbox 447 901 642 942; x_wconf 85' lang='lat' dir='ltr'>Septembris</span> <span class='ocrx_word' id='word_1_97' title='bbox 666 902 742 932; x_wconf 89' lang='lat' dir='ltr'>anni</span> <span class='ocrx_word' id='word_1_98' title='bbox 765 905 822 933; x_wconf 88' lang='lat' dir='ltr'>etc.</span> <span class='ocrx_word' id='word_1_99' title='bbox 847 902 1036 943; x_wconf 81' lang='lat' dir='ltr'>sexagesimi</span> <span class='ocrx_word' id='word_1_100' title='bbox 1059 913 1160 943; x_wconf 88' lang='lat' dir='ltr'>usque</span> <span class='ocrx_word' id='word_1_101' title='bbox 1184 902 1374 934; x_wconf 88' lang='lat' dir='ltr'>vicesimum</span> 
     </span>
     <span class='ocr_line' id='line_1_15' title="bbox 320 951 1372 993; baseline 0 -11"><span class='ocrx_word' id='word_1_102' title='bbox 320 951 398 982; x_wconf 88' lang='lat' dir='ltr'>dieti</span> <span class='ocrx_word' id='word_1_103' title='bbox 420 952 539 983; x_wconf 82' lang='lat' dir='ltr'>mensis</span> <span class='ocrx_word' id='word_1_104' title='bbox 561 952 638 982; x_wconf 86' lang='lat' dir='ltr'>anni</span> <span class='ocrx_word' id='word_1_105' title='bbox 653 955 711 983; x_wconf 86' lang='lat' dir='ltr'>etc.</span> <span class='ocrx_word' id='word_1_106' title='bbox 729 952 1024 993; x_wconf 78' lang='lat' dir='ltr'>sexagesimiprimi,</span> <span class='ocrx_word' id='word_1_107' title='bbox 1041 952 1071 993; x_wconf 90' lang='lat' dir='ltr'>vj</span> <span class='ocrx_word' id='word_1_108' title='bbox 1098 952 1202 983; x_wconf 88' lang='lat' dir='ltr'>celdre</span> <span class='ocrx_word' id='word_1_109' title='bbox 1217 952 1263 993; x_wconf 84' lang='lat' dir='ltr'>iiij</span> <span class='ocrx_word' id='word_1_110' title='bbox 1282 952 1372 983; x_wconf 89' lang='lat' dir='ltr'>holle.</span> 
     </span>
     <span class='ocr_line' id='line_1_16' title="bbox 318 1001 1373 1043; baseline 0 -11"><span class='ocrx_word' id='word_1_111' title='bbox 318 1001 362 1034; x_wconf 81' lang='lat' dir='ltr'>Et</span> <span class='ocrx_word' id='word_1_112' title='bbox 377 1001 509 1032; x_wconf 86' lang='lat' dir='ltr'>liberate</span> <span class='ocrx_word' id='word_1_113' title='bbox 525 1001 565 1032; x_wconf 81' lang='lat' dir='ltr'>ad</span> <span class='ocrx_word' id='word_1_114' title='bbox 588 1002 729 1033; x_wconf 79' lang='lat' dir='ltr'>avariam</span> <span class='ocrx_word' id='word_1_115' title='bbox 752 1002 880 1033; x_wconf 87' lang='lat' dir='ltr'>domine</span> <span class='ocrx_word' id='word_1_116' title='bbox 903 1002 1012 1043; x_wconf 82' lang='lat' dir='ltr'>regine</span> <span class='ocrx_word' id='word_1_117' title='bbox 1036 1006 1068 1033; x_wconf 90' lang='lat' dir='ltr'>et</span> <span class='ocrx_word' id='word_1_118' title='bbox 1090 1002 1209 1035; x_wconf 83' lang='lat' dir='ltr'>intrate</span> <span class='ocrx_word' id='word_1_119' title='bbox 1232 1002 1267 1033; x_wconf 88' lang='lat' dir='ltr'>in</span> <span class='ocrx_word' id='word_1_120' title='bbox 1282 1002 1373 1033; x_wconf 88' lang='lat' dir='ltr'>libris</span> 
     </span>
     <span class='ocr_line' id='line_1_17' title="bbox 319 1051 1373 1092; baseline 0.001 -11"><span class='ocrx_word' id='word_1_121' title='bbox 319 1051 477 1082; x_wconf 86' lang='lat' dir='ltr'>dietarum</span> <span class='ocrx_word' id='word_1_122' title='bbox 493 1051 644 1092; x_wconf 84' lang='lat' dir='ltr'>ejusdem,</span> <span class='ocrx_word' id='word_1_123' title='bbox 660 1054 697 1082; x_wconf 90' lang='lat' dir='ltr'>ut</span> <span class='ocrx_word' id='word_1_124' title='bbox 712 1055 802 1092; x_wconf 82' lang='lat' dir='ltr'>patet</span> <span class='ocrx_word' id='word_1_125' title='bbox 817 1052 851 1082; x_wconf 93' lang='lat' dir='ltr'>in</span> <span class='ocrx_word' id='word_1_126' title='bbox 867 1052 995 1089; x_wconf 86' lang='lat' dir='ltr'>eisdem,</span> <span class='ocrx_word' id='word_1_127' title='bbox 1012 1062 1030 1082; x_wconf 88' lang='lat' dir='ltr'>a</span> <span class='ocrx_word' id='word_1_128' title='bbox 1053 1052 1138 1083; x_wconf 88' lang='lat' dir='ltr'>dieto</span> <span class='ocrx_word' id='word_1_129' title='bbox 1154 1052 1305 1083; x_wconf 84' lang='lat' dir='ltr'>vicesimo</span> <span class='ocrx_word' id='word_1_130' title='bbox 1322 1051 1373 1082; x_wconf 88' lang='lat' dir='ltr'>die</span> 
     </span>
     <span class='ocr_line' id='line_1_18' title="bbox 320 1101 1373 1142; baseline 0 -11"><span class='ocrx_word' id='word_1_131' title='bbox 320 1101 516 1141; x_wconf 72' lang='lat' dir='ltr'>Septembris</span> <span class='ocrx_word' id='word_1_132' title='bbox 540 1111 642 1142; x_wconf 86' lang='lat' dir='ltr'>usque</span> <span class='ocrx_word' id='word_1_133' title='bbox 668 1101 701 1133; x_wconf 86' lang='lat' dir='ltr'>in</span> <span class='ocrx_word' id='word_1_134' title='bbox 729 1101 814 1133; x_wconf 89' lang='lat' dir='ltr'>diem</span> <span class='ocrx_word' id='word_1_135' title='bbox 838 1101 935 1142; x_wconf 86' lang='lat' dir='ltr'>hujus</span> <span class='ocrx_word' id='word_1_136' title='bbox 961 1101 1109 1142; x_wconf 88' lang='lat' dir='ltr'>compoti,</span> <span class='ocrx_word' id='word_1_137' title='bbox 1132 1101 1198 1142; x_wconf 73' lang='lat' dir='ltr'>xxij</span> <span class='ocrx_word' id='word_1_138' title='bbox 1225 1101 1328 1133; x_wconf 86' lang='lat' dir='ltr'>celdre</span> <span class='ocrx_word' id='word_1_139' title='bbox 1351 1111 1373 1131; x_wconf 88' lang='lat' dir='ltr'><strong>x</strong></span> 
     </span>
     <span class='ocr_line' id='line_1_19' title="bbox 318 1150 1373 1193; baseline 0.001 -12"><span class='ocrx_word' id='word_1_140' title='bbox 318 1150 403 1181; x_wconf 87' lang='lat' dir='ltr'>bolle</span> <span class='ocrx_word' id='word_1_141' title='bbox 428 1150 448 1191; x_wconf 82' lang='lat' dir='ltr'>ij</span> <span class='ocrx_word' id='word_1_142' title='bbox 478 1150 596 1183; x_wconf 80' lang='lat' dir='ltr'>ferlote.</span> <span class='ocrx_word' id='word_1_143' title='bbox 641 1151 684 1181; x_wconf 88' lang='lat' dir='ltr'>Et</span> <span class='ocrx_word' id='word_1_144' title='bbox 710 1162 766 1193; x_wconf 88' lang='lat' dir='ltr'>per</span> <span class='ocrx_word' id='word_1_145' title='bbox 793 1151 986 1183; x_wconf 78' lang='lat' dir='ltr'>solucionem</span> <span class='ocrx_word' id='word_1_146' title='bbox 1014 1152 1133 1183; x_wconf 81' lang='lat' dir='ltr'>factam</span> <span class='ocrx_word' id='word_1_147' title='bbox 1160 1151 1303 1183; x_wconf 83' lang='lat' dir='ltr'>ortolano</span> <span class='ocrx_word' id='word_1_148' title='bbox 1333 1151 1373 1182; x_wconf 91' lang='lat' dir='ltr'>de</span> 
     </span>
     <span class='ocr_line' id='line_1_20' title="bbox 318 1200 1373 1242; baseline 0.002 -12"><span class='ocrx_word' id='word_1_149' title='bbox 318 1200 482 1231; x_wconf 86' lang='lat' dir='ltr'>Faucland</span> <span class='ocrx_word' id='word_1_150' title='bbox 499 1200 537 1231; x_wconf 87' lang='lat' dir='ltr'>de</span> <span class='ocrx_word' id='word_1_151' title='bbox 554 1201 645 1232; x_wconf 79' lang='lat' dir='ltr'>feodo</span> <span class='ocrx_word' id='word_1_152' title='bbox 661 1211 718 1232; x_wconf 83' lang='lat' dir='ltr'>suo</span> <span class='ocrx_word' id='word_1_153' title='bbox 734 1201 773 1232; x_wconf 87' lang='lat' dir='ltr'>de</span> <span class='ocrx_word' id='word_1_154' title='bbox 789 1202 913 1232; x_wconf 84' lang='lat' dir='ltr'>duobus</span> <span class='ocrx_word' id='word_1_155' title='bbox 930 1201 1022 1232; x_wconf 88' lang='lat' dir='ltr'>annis</span> <span class='ocrx_word' id='word_1_156' title='bbox 1045 1201 1142 1242; x_wconf 80' lang='lat' dir='ltr'>hujus</span> <span class='ocrx_word' id='word_1_157' title='bbox 1158 1201 1295 1242; x_wconf 88' lang='lat' dir='ltr'>compoti</span> <span class='ocrx_word' id='word_1_158' title='bbox 1313 1201 1373 1232; x_wconf 85' lang='lat' dir='ltr'>sub</span> 
     </span>
     <span class='ocr_line' id='line_1_21' title="bbox 319 1300 1371 1340; baseline 0.002 -10"><span class='ocrx_word' id='word_1_159' title='bbox 319 1300 444 1331; x_wconf 85' lang='lat' dir='ltr'>custodi</span> <span class='ocrx_word' id='word_1_160' title='bbox 480 1300 564 1340; x_wconf 85' lang='lat' dir='ltr'>prati</span> <span class='ocrx_word' id='word_1_161' title='bbox 601 1301 640 1332; x_wconf 84' lang='lat' dir='ltr'>de</span> <span class='ocrx_word' id='word_1_162' title='bbox 686 1301 859 1338; x_wconf 84' lang='lat' dir='ltr'>Faucland,</span> <span class='ocrx_word' id='word_1_163' title='bbox 897 1301 935 1332; x_wconf 88' lang='lat' dir='ltr'>de</span> <span class='ocrx_word' id='word_1_164' title='bbox 973 1301 1064 1332; x_wconf 80' lang='lat' dir='ltr'>feodo</span> <span class='ocrx_word' id='word_1_165' title='bbox 1103 1311 1167 1332; x_wconf 90' lang='lat' dir='ltr'>suo.</span> <span class='ocrx_word' id='word_1_166' title='bbox 1199 1301 1238 1332; x_wconf 92' lang='lat' dir='ltr'>de</span> <span class='ocrx_word' id='word_1_167' title='bbox 1275 1300 1371 1332; x_wconf 85' lang='lat' dir='ltr'>dictis</span> 
     </span>
     <span class='ocr_line' id='line_1_22' title="bbox 318 1349 1371 1392; baseline 0.002 -13"><span class='ocrx_word' id='word_1_168' title='bbox 318 1349 442 1382; x_wconf 87' lang='lat' dir='ltr'>duobus</span> <span class='ocrx_word' id='word_1_169' title='bbox 481 1350 582 1387; x_wconf 87' lang='lat' dir='ltr'>annis,</span> <span class='ocrx_word' id='word_1_170' title='bbox 619 1350 665 1391; x_wconf 83' lang='lat' dir='ltr'>iiij</span> <span class='ocrx_word' id='word_1_171' title='bbox 705 1350 816 1382; x_wconf 85' lang='lat' dir='ltr'>celdre.</span> <span class='ocrx_word' id='word_1_172' title='bbox 871 1351 914 1382; x_wconf 78' lang='lat' dir='ltr'>Et</span> <span class='ocrx_word' id='word_1_173' title='bbox 951 1351 1083 1382; x_wconf 87' lang='lat' dir='ltr'>liberate</span> <span class='ocrx_word' id='word_1_174' title='bbox 1122 1351 1229 1382; x_wconf 86' lang='lat' dir='ltr'>David</span> <span class='ocrx_word' id='word_1_175' title='bbox 1276 1351 1371 1392; x_wconf 86' lang='lat' dir='ltr'>Boys,</span> 
     </span>
     <span class='ocr_line' id='line_1_23' title="bbox 317 1399 1372 1441; baseline 0.001 -12"><span class='ocrx_word' id='word_1_176' title='bbox 317 1399 468 1440; x_wconf 80' lang='lat' dir='ltr'>magistro</span> <span class='ocrx_word' id='word_1_177' title='bbox 499 1399 617 1431; x_wconf 84' lang='lat' dir='ltr'>fabrice</span> <span class='ocrx_word' id='word_1_178' title='bbox 648 1400 686 1430; x_wconf 91' lang='lat' dir='ltr'>de</span> <span class='ocrx_word' id='word_1_179' title='bbox 717 1400 969 1441; x_wconf 87' lang='lat' dir='ltr'>Ravynniserag‚</span> <span class='ocrx_word' id='word_1_180' title='bbox 991 1400 1030 1431; x_wconf 90' lang='lat' dir='ltr'>de</span> <span class='ocrx_word' id='word_1_181' title='bbox 1061 1400 1211 1432; x_wconf 85' lang='lat' dir='ltr'>mandato</span> <span class='ocrx_word' id='word_1_182' title='bbox 1244 1400 1372 1431; x_wconf 83' lang='lat' dir='ltr'>domine</span> 
     </span>
     <span class='ocr_line' id='line_1_24' title="bbox 317 1448 1371 1490; baseline 0.002 -12"><span class='ocrx_word' id='word_1_183' title='bbox 317 1448 433 1488; x_wconf 82' lang='lat' dir='ltr'>regine,</span> <span class='ocrx_word' id='word_1_184' title='bbox 463 1458 520 1488; x_wconf 83' lang='lat' dir='ltr'>pro</span> <span class='ocrx_word' id='word_1_185' title='bbox 550 1451 680 1488; x_wconf 87' lang='lat' dir='ltr'>pastura</span> <span class='ocrx_word' id='word_1_186' title='bbox 703 1459 858 1489; x_wconf 86' lang='lat' dir='ltr'>equorum</span> <span class='ocrx_word' id='word_1_187' title='bbox 888 1449 923 1479; x_wconf 90' lang='lat' dir='ltr'>in</span> <span class='ocrx_word' id='word_1_188' title='bbox 946 1449 1090 1480; x_wconf 84' lang='lat' dir='ltr'>curribus</span> <span class='ocrx_word' id='word_1_189' title='bbox 1120 1459 1178 1490; x_wconf 89' lang='lat' dir='ltr'>pro</span> <span class='ocrx_word' id='word_1_190' title='bbox 1216 1449 1371 1480; x_wconf 87' lang='lat' dir='ltr'>ducendis</span> 
     </span>
     <span class='ocr_line' id='line_1_25' title="bbox 316 1497 1371 1539; baseline 0 -10"><span class='ocrx_word' id='word_1_191' title='bbox 316 1497 477 1537; x_wconf 85' lang='lat' dir='ltr'>lapidibus</span> <span class='ocrx_word' id='word_1_192' title='bbox 501 1497 540 1528; x_wconf 89' lang='lat' dir='ltr'>ad</span> <span class='ocrx_word' id='word_1_193' title='bbox 564 1497 683 1528; x_wconf 85' lang='lat' dir='ltr'>dictam</span> <span class='ocrx_word' id='word_1_194' title='bbox 706 1498 867 1535; x_wconf 75' lang='lat' dir='ltr'>fabricam,</span> <span class='ocrx_word' id='word_1_195' title='bbox 891 1498 951 1529; x_wconf 89' lang='lat' dir='ltr'>sub</span> <span class='ocrx_word' id='word_1_196' title='bbox 981 1498 1122 1539; x_wconf 88' lang='lat' dir='ltr'>periculo</span> <span class='ocrx_word' id='word_1_197' title='bbox 1149 1499 1371 1539; x_wconf 85' lang='lat' dir='ltr'>compotantis,</span> 
     </span>
     <span class='ocr_line' id='line_1_26' title="bbox 316 1547 1370 1588; baseline 0.002 -11"><span class='ocrx_word' id='word_1_198' title='bbox 316 1547 362 1587; x_wconf 88' lang='lat' dir='ltr'>iiij</span> <span class='ocrx_word' id='word_1_199' title='bbox 381 1547 485 1580; x_wconf 83' lang='lat' dir='ltr'>celdre</span> <span class='ocrx_word' id='word_1_200' title='bbox 506 1547 574 1588; x_wconf 77' lang='lat' dir='ltr'>xiiij</span> <span class='ocrx_word' id='word_1_201' title='bbox 600 1547 692 1579; x_wconf 89' lang='lat' dir='ltr'>bolle.</span> <span class='ocrx_word' id='word_1_202' title='bbox 738 1547 780 1578; x_wconf 86' lang='lat' dir='ltr'>Et</span> <span class='ocrx_word' id='word_1_203' title='bbox 803 1548 916 1585; x_wconf 86' lang='lat' dir='ltr'>eidem,</span> <span class='ocrx_word' id='word_1_204' title='bbox 931 1558 987 1588; x_wconf 89' lang='lat' dir='ltr'>per</span> <span class='ocrx_word' id='word_1_205' title='bbox 1010 1548 1236 1580; x_wconf 82' lang='lat' dir='ltr'>liberacionem</span> <span class='ocrx_word' id='word_1_206' title='bbox 1253 1548 1370 1579; x_wconf 78' lang='lat' dir='ltr'>factam</span> 
     </span>
     <span class='ocr_line' id='line_1_27' title="bbox 317 1596 1371 1639; baseline 0.001 -12"><span class='ocrx_word' id='word_1_207' title='bbox 317 1606 373 1637; x_wconf 88' lang='lat' dir='ltr'>per</span> <span class='ocrx_word' id='word_1_208' title='bbox 388 1600 623 1637; x_wconf 84' lang='lat' dir='ltr'>compotantem</span> <span class='ocrx_word' id='word_1_209' title='bbox 647 1596 687 1627; x_wconf 86' lang='lat' dir='ltr'>ad</span> <span class='ocrx_word' id='word_1_210' title='bbox 710 1607 865 1637; x_wconf 85' lang='lat' dir='ltr'>expensas</span> <span class='ocrx_word' id='word_1_211' title='bbox 889 1608 1041 1638; x_wconf 84' lang='lat' dir='ltr'>equorum</span> <span class='ocrx_word' id='word_1_212' title='bbox 1067 1598 1269 1629; x_wconf 86' lang='lat' dir='ltr'>dominorum</span> <span class='ocrx_word' id='word_1_213' title='bbox 1289 1598 1371 1639; x_wconf 81' lang='lat' dir='ltr'>regis</span> 
     </span>
     <span class='ocr_line' id='line_1_28' title="bbox 317 1647 1370 1688; baseline 0 -10"><span class='ocrx_word' id='word_1_214' title='bbox 317 1651 350 1680; x_wconf 87' lang='lat' dir='ltr'>et</span> <span class='ocrx_word' id='word_1_215' title='bbox 379 1647 486 1688; x_wconf 83' lang='lat' dir='ltr'>regine</span> <span class='ocrx_word' id='word_1_216' title='bbox 516 1647 550 1678; x_wconf 91' lang='lat' dir='ltr'>in</span> <span class='ocrx_word' id='word_1_217' title='bbox 581 1647 744 1678; x_wconf 84' lang='lat' dir='ltr'>Faueland</span> <span class='ocrx_word' id='word_1_218' title='bbox 775 1647 908 1679; x_wconf 86' lang='lat' dir='ltr'>diversis</span> <span class='ocrx_word' id='word_1_219' title='bbox 947 1648 1080 1685; x_wconf 82' lang='lat' dir='ltr'>vicibus,</span> <span class='ocrx_word' id='word_1_220' title='bbox 1110 1651 1143 1679; x_wconf 85' lang='lat' dir='ltr'>et</span> <span class='ocrx_word' id='word_1_221' title='bbox 1173 1648 1370 1682; x_wconf 83' lang='lat' dir='ltr'>diversorum</span> 
     </span>
     <span class='ocr_line' id='line_1_29' title="bbox 317 1697 1368 1735; baseline 0 -7"><span class='ocrx_word' id='word_1_222' title='bbox 317 1697 452 1728; x_wconf 85' lang='lat' dir='ltr'>aliorum</span> <span class='ocrx_word' id='word_1_223' title='bbox 468 1697 668 1728; x_wconf 83' lang='lat' dir='ltr'>dominorum</span> <span class='ocrx_word' id='word_1_224' title='bbox 685 1701 718 1727; x_wconf 88' lang='lat' dir='ltr'>et</span> <span class='ocrx_word' id='word_1_225' title='bbox 734 1697 938 1728; x_wconf 80' lang='lat' dir='ltr'>familiarium</span> <span class='ocrx_word' id='word_1_226' title='bbox 962 1697 1144 1735; x_wconf 85' lang='lat' dir='ltr'>eorundem,</span> <span class='ocrx_word' id='word_1_227' title='bbox 1160 1697 1199 1728; x_wconf 88' lang='lat' dir='ltr'>de</span> <span class='ocrx_word' id='word_1_228' title='bbox 1217 1697 1368 1728; x_wconf 85' lang='lat' dir='ltr'>mandato</span> 
     </span>
     <span class='ocr_line' id='line_1_30' title="bbox 317 1746 1367 1787; baseline 0 -10"><span class='ocrx_word' id='word_1_229' title='bbox 317 1747 457 1779; x_wconf 86' lang='lat' dir='ltr'>custodis</span> <span class='ocrx_word' id='word_1_230' title='bbox 473 1747 591 1787; x_wconf 85' lang='lat' dir='ltr'>privati</span> <span class='ocrx_word' id='word_1_231' title='bbox 607 1746 713 1787; x_wconf 84' lang='lat' dir='ltr'>sigilli,</span> <span class='ocrx_word' id='word_1_232' title='bbox 730 1757 747 1777; x_wconf 94' lang='lat' dir='ltr'>a</span> <span class='ocrx_word' id='word_1_233' title='bbox 769 1747 872 1787; x_wconf 87' lang='lat' dir='ltr'>primo</span> <span class='ocrx_word' id='word_1_234' title='bbox 896 1747 1092 1787; x_wconf 77' lang='lat' dir='ltr'>Septembris</span> <span class='ocrx_word' id='word_1_235' title='bbox 1109 1747 1185 1777; x_wconf 88' lang='lat' dir='ltr'>anni</span> <span class='ocrx_word' id='word_1_236' title='bbox 1202 1749 1260 1777; x_wconf 84' lang='lat' dir='ltr'>etc.</span> <span class='ocrx_word' id='word_1_237' title='bbox 1278 1757 1367 1777; x_wconf 86' lang='lat' dir='ltr'>sexa-</span> 
     </span>
     <span class='ocr_line' id='line_1_31' title="bbox 315 1795 1368 1837; baseline -0.001 -10"><span class='ocrx_word' id='word_1_238' title='bbox 315 1797 429 1837; x_wconf 82' lang='lat' dir='ltr'>gesimi</span> <span class='ocrx_word' id='word_1_239' title='bbox 445 1806 546 1837; x_wconf 86' lang='lat' dir='ltr'>usque</span> <span class='ocrx_word' id='word_1_240' title='bbox 561 1796 596 1826; x_wconf 87' lang='lat' dir='ltr'>in</span> <span class='ocrx_word' id='word_1_241' title='bbox 612 1796 696 1827; x_wconf 88' lang='lat' dir='ltr'>diem</span> <span class='ocrx_word' id='word_1_242' title='bbox 713 1796 808 1836; x_wconf 82' lang='lat' dir='ltr'>hujus</span> <span class='ocrx_word' id='word_1_243' title='bbox 825 1796 972 1836; x_wconf 87' lang='lat' dir='ltr'>compoti,</span> <span class='ocrx_word' id='word_1_244' title='bbox 984 1800 1021 1827; x_wconf 89' lang='lat' dir='ltr'>ut</span> <span class='ocrx_word' id='word_1_245' title='bbox 1036 1799 1126 1836; x_wconf 86' lang='lat' dir='ltr'>patet</span> <span class='ocrx_word' id='word_1_246' title='bbox 1135 1796 1170 1826; x_wconf 91' lang='lat' dir='ltr'>in</span> <span class='ocrx_word' id='word_1_247' title='bbox 1185 1795 1266 1827; x_wconf 89' lang='lat' dir='ltr'>libro</span> <span class='ocrx_word' id='word_1_248' title='bbox 1284 1806 1368 1827; x_wconf 86' lang='lat' dir='ltr'>oom-</span> 
     </span>
     <span class='ocr_line' id='line_1_32' title="bbox 315 1845 1370 1887; baseline -0.001 -10"><span class='ocrx_word' id='word_1_249' title='bbox 315 1846 457 1887; x_wconf 84' lang='lat' dir='ltr'>potantis</span> <span class='ocrx_word' id='word_1_250' title='bbox 481 1845 714 1887; x_wconf 73' lang='lat' dir='ltr'>particulariter</span> <span class='ocrx_word' id='word_1_251' title='bbox 736 1846 917 1876; x_wconf 78' lang='lat' dir='ltr'>examinato</span> <span class='ocrx_word' id='word_1_252' title='bbox 942 1855 1037 1885; x_wconf 87' lang='lat' dir='ltr'>super</span> <span class='ocrx_word' id='word_1_253' title='bbox 1060 1848 1252 1886; x_wconf 84' lang='lat' dir='ltr'>compotum,</span> <span class='ocrx_word' id='word_1_254' title='bbox 1269 1848 1301 1876; x_wconf 88' lang='lat' dir='ltr'>et</span> <span class='ocrx_word' id='word_1_255' title='bbox 1317 1845 1370 1876; x_wconf 87' lang='lat' dir='ltr'>de-</span> 
     </span>
     <span class='ocr_line' id='line_1_33' title="bbox 316 1894 1368 1936; baseline -0.001 -10"><span class='ocrx_word' id='word_1_256' title='bbox 316 1896 450 1927; x_wconf 82' lang='lat' dir='ltr'>liberate</span> <span class='ocrx_word' id='word_1_257' title='bbox 466 1895 590 1927; x_wconf 82' lang='lat' dir='ltr'>custodi</span> <span class='ocrx_word' id='word_1_258' title='bbox 606 1895 722 1936; x_wconf 80' lang='lat' dir='ltr'>privati</span> <span class='ocrx_word' id='word_1_259' title='bbox 740 1895 845 1935; x_wconf 80' lang='lat' dir='ltr'>sigilli,</span> <span class='ocrx_word' id='word_1_260' title='bbox 863 1895 918 1935; x_wconf 81' lang='lat' dir='ltr'>xiij</span> <span class='ocrx_word' id='word_1_261' title='bbox 937 1894 1040 1925; x_wconf 82' lang='lat' dir='ltr'>celdre</span> <span class='ocrx_word' id='word_1_262' title='bbox 1064 1895 1119 1935; x_wconf 86' lang='lat' dir='ltr'>xiij</span> <span class='ocrx_word' id='word_1_263' title='bbox 1140 1894 1223 1925; x_wconf 89' lang='lat' dir='ltr'>bolle</span> <span class='ocrx_word' id='word_1_264' title='bbox 1236 1895 1248 1935; x_wconf 88' lang='lat' dir='ltr'><strong>j</strong></span> <span class='ocrx_word' id='word_1_265' title='bbox 1265 1904 1368 1935; x_wconf 85' lang='lat' dir='ltr'>pecca.</span> 
     </span>
     <span class='ocr_line' id='line_1_34' title="bbox 317 1944 1370 1985; baseline -0.001 -9"><span class='ocrx_word' id='word_1_266' title='bbox 317 1946 359 1977; x_wconf 89' lang='lat' dir='ltr'>Et</span> <span class='ocrx_word' id='word_1_267' title='bbox 375 1946 507 1976; x_wconf 81' lang='lat' dir='ltr'>liberate</span> <span class='ocrx_word' id='word_1_268' title='bbox 524 1945 710 1985; x_wconf 78' lang='lat' dir='ltr'>Hakynnet,</span> <span class='ocrx_word' id='word_1_269' title='bbox 726 1944 871 1975; x_wconf 81' lang='lat' dir='ltr'>servitori</span> <span class='ocrx_word' id='word_1_270' title='bbox 887 1944 1015 1976; x_wconf 84' lang='lat' dir='ltr'>domine</span> <span class='ocrx_word' id='word_1_271' title='bbox 1031 1944 1146 1985; x_wconf 79' lang='lat' dir='ltr'>regine,</span> <span class='ocrx_word' id='word_1_272' title='bbox 1163 1949 1195 1975; x_wconf 89' lang='lat' dir='ltr'>et</span> <span class='ocrx_word' id='word_1_273' title='bbox 1217 1944 1314 1975; x_wconf 85' lang='lat' dir='ltr'>misse</span> <span class='ocrx_word' id='word_1_274' title='bbox 1328 1944 1370 1975; x_wconf 88' lang='lat' dir='ltr'>ad</span> 
     </span>
     <span class='ocr_line' id='line_1_35' title="bbox 317 1993 1368 2036; baseline -0.002 -10"><span class='ocrx_word' id='word_1_275' title='bbox 317 1995 513 2036; x_wconf 82' lang='lat' dir='ltr'>Edinbnrgh,</span> <span class='ocrx_word' id='word_1_276' title='bbox 537 1994 576 2025; x_wconf 87' lang='lat' dir='ltr'>de</span> <span class='ocrx_word' id='word_1_277' title='bbox 603 1994 753 2024; x_wconf 85' lang='lat' dir='ltr'>mandato</span> <span class='ocrx_word' id='word_1_278' title='bbox 784 1993 926 2034; x_wconf 77' lang='lat' dir='ltr'>ejusdem</span> <span class='ocrx_word' id='word_1_279' title='bbox 957 1997 989 2024; x_wconf 85' lang='lat' dir='ltr'>et</span> <span class='ocrx_word' id='word_1_280' title='bbox 1020 1994 1079 2024; x_wconf 84' lang='lat' dir='ltr'>sub</span> <span class='ocrx_word' id='word_1_281' title='bbox 1111 1993 1253 2034; x_wconf 86' lang='lat' dir='ltr'>periculo</span> <span class='ocrx_word' id='word_1_282' title='bbox 1284 2003 1368 2024; x_wconf 90' lang='lat' dir='ltr'>com-</span> 
     </span>
     <span class='ocr_line' id='line_1_36' title="bbox 318 2043 1369 2085; baseline -0.001 -10"><span class='ocrx_word' id='word_1_283' title='bbox 318 2045 467 2085; x_wconf 86' lang='lat' dir='ltr'>potantis,</span> <span class='ocrx_word' id='word_1_284' title='bbox 490 2045 521 2084; x_wconf 85' lang='lat' dir='ltr'>vj</span> <span class='ocrx_word' id='word_1_285' title='bbox 547 2044 651 2075; x_wconf 88' lang='lat' dir='ltr'>celdre</span> <span class='ocrx_word' id='word_1_286' title='bbox 674 2043 704 2084; x_wconf 85' lang='lat' dir='ltr'>vj</span> <span class='ocrx_word' id='word_1_287' title='bbox 730 2043 821 2074; x_wconf 87' lang='lat' dir='ltr'>bolle.</span> <span class='ocrx_word' id='word_1_288' title='bbox 867 2043 909 2073; x_wconf 90' lang='lat' dir='ltr'>Et</span> <span class='ocrx_word' id='word_1_289' title='bbox 932 2043 1028 2073; x_wconf 85' lang='lat' dir='ltr'>misse</span> <span class='ocrx_word' id='word_1_290' title='bbox 1058 2043 1098 2073; x_wconf 86' lang='lat' dir='ltr'>ad</span> <span class='ocrx_word' id='word_1_291' title='bbox 1122 2043 1320 2084; x_wconf 85' lang='lat' dir='ltr'>Edinburgh,</span> <span class='ocrx_word' id='word_1_292' title='bbox 1336 2047 1369 2074; x_wconf 81' lang='lat' dir='ltr'>et</span> 
     </span>
     <span class='ocr_line' id='line_1_37' title="bbox 317 2092 1367 2133; baseline -0.002 -8"><span class='ocrx_word' id='word_1_293' title='bbox 317 2095 449 2125; x_wconf 85' lang='lat' dir='ltr'>liberate</span> <span class='ocrx_word' id='word_1_294' title='bbox 480 2093 625 2124; x_wconf 85' lang='lat' dir='ltr'>servitori</span> <span class='ocrx_word' id='word_1_295' title='bbox 654 2093 767 2124; x_wconf 79' lang='lat' dir='ltr'>Jacobi</span> <span class='ocrx_word' id='word_1_296' title='bbox 798 2092 940 2133; x_wconf 76' lang='lat' dir='ltr'>Lyddale</span> <span class='ocrx_word' id='word_1_297' title='bbox 971 2092 1010 2123; x_wconf 84' lang='lat' dir='ltr'>ad</span> <span class='ocrx_word' id='word_1_298' title='bbox 1035 2103 1190 2133; x_wconf 81' lang='lat' dir='ltr'>expensas</span> <span class='ocrx_word' id='word_1_299' title='bbox 1214 2103 1367 2133; x_wconf 89' lang='lat' dir='ltr'>equorum</span> 
     </span>
     <span class='ocr_line' id='line_1_38' title="bbox 317 2141 1367 2184; baseline -0.002 -10"><span class='ocrx_word' id='word_1_300' title='bbox 317 2143 444 2174; x_wconf 84' lang='lat' dir='ltr'>domine</span> <span class='ocrx_word' id='word_1_301' title='bbox 457 2144 563 2184; x_wconf 82' lang='lat' dir='ltr'>regine</span> <span class='ocrx_word' id='word_1_302' title='bbox 580 2143 707 2180; x_wconf 85' lang='lat' dir='ltr'>ibidem,</span> <span class='ocrx_word' id='word_1_303' title='bbox 724 2146 756 2173; x_wconf 84' lang='lat' dir='ltr'>et</span> <span class='ocrx_word' id='word_1_304' title='bbox 772 2152 835 2172; x_wconf 88' lang='lat' dir='ltr'>non</span> <span class='ocrx_word' id='word_1_305' title='bbox 850 2141 966 2172; x_wconf 84' lang='lat' dir='ltr'>intrate</span> <span class='ocrx_word' id='word_1_306' title='bbox 979 2141 1113 2173; x_wconf 85' lang='lat' dir='ltr'>inlibris</span> <span class='ocrx_word' id='word_1_307' title='bbox 1126 2142 1292 2179; x_wconf 87' lang='lat' dir='ltr'>dietarum,</span> <span class='ocrx_word' id='word_1_308' title='bbox 1308 2142 1367 2172; x_wconf 89' lang='lat' dir='ltr'>sub</span> 
     </span>
     <span class='ocr_line' id='line_1_39' title="bbox 316 2191 1366 2234; baseline -0.002 -10"><span class='ocrx_word' id='word_1_309' title='bbox 316 2193 427 2224; x_wconf 79' lang='lat' dir='ltr'>eodem</span> <span class='ocrx_word' id='word_1_310' title='bbox 449 2192 598 2234; x_wconf 80' lang='lat' dir='ltr'>periculo,</span> <span class='ocrx_word' id='word_1_311' title='bbox 623 2193 644 2233; x_wconf 89' lang='lat' dir='ltr'>ij</span> <span class='ocrx_word' id='word_1_312' title='bbox 670 2191 780 2223; x_wconf 85' lang='lat' dir='ltr'>celdre.</span> <span class='ocrx_word' id='word_1_313' title='bbox 827 2191 869 2223; x_wconf 79' lang='lat' dir='ltr'>Et</span> <span class='ocrx_word' id='word_1_314' title='bbox 891 2191 1024 2222; x_wconf 83' lang='lat' dir='ltr'>liberate</span> <span class='ocrx_word' id='word_1_315' title='bbox 1055 2191 1095 2222; x_wconf 83' lang='lat' dir='ltr'>ad</span> <span class='ocrx_word' id='word_1_316' title='bbox 1125 2201 1280 2233; x_wconf 79' lang='lat' dir='ltr'>expensas</span> <span class='ocrx_word' id='word_1_317' title='bbox 1311 2201 1366 2222; x_wconf 85' lang='lat' dir='ltr'>sex</span> 
     </span>
    </p>
   </div>
   <div class='ocr_carea' id='block_1_4' title="bbox 1527 847 1551 1275">
    <p class='ocr_par' dir='ltr' id='par_1_5' title="bbox 1527 847 1551 1275">
     <span class='ocr_line' id='line_1_40' title="bbox 1527 847 1551 1275; textangle 90"><span class='ocrx_word' id='word_1_318' title='bbox 1549 1270 1551 1275; x_wconf 94' lang='lat'>.</span> <span class='ocrx_word' id='word_1_319' title='bbox 1527 958 1551 1265; x_wconf 40' lang='lat' dir='ltr'>Zthvssffixffln</span> <span class='ocrx_word' id='word_1_320' title='bbox 1531 867 1551 949; x_wconf 49' lang='lat' dir='ltr'>&#39;subl</span> <span class='ocrx_word' id='word_1_321' title='bbox 1541 847 1551 857; x_wconf 52' lang='lat'><em>2</em></span> 
     </span>
    </p>
   </div>
   <div class='ocr_carea' id='block_1_5' title="bbox 1518 1504 1551 1743">
    <p class='ocr_par' dir='ltr' id='par_1_6' title="bbox 1518 1504 1551 1743">
     <span class='ocr_line' id='line_1_41' title="bbox 1523 1504 1551 1535; baseline 0 0"><span class='ocrx_word' id='word_1_322' title='bbox 1523 1504 1551 1535; x_wconf 49' lang='grc' dir='ltr'>’ἢ</span> 
     </span>
     <span class='ocr_line' id='line_1_42' title="bbox 1522 1529 1551 1578; baseline 0 -2"><span class='ocrx_word' id='word_1_323' title='bbox 1522 1529 1551 1578; x_wconf 63' lang='grc'>11</span> 
     </span>
     <span class='ocr_line' id='line_1_43' title="bbox 1525 1577 1551 1623; baseline 0 -3"><span class='ocrx_word' id='word_1_324' title='bbox 1525 1577 1551 1623; x_wconf 57' lang='grc' dir='ltr'>ἐξ</span> 
     </span>
     <span class='ocr_line' id='line_1_44' title="bbox 1520 1622 1551 1655; baseline 0 0"><span class='ocrx_word' id='word_1_325' title='bbox 1520 1622 1551 1655; x_wconf 55' lang='grc' dir='ltr'>θ,</span> 
     </span>
     <span class='ocr_line' id='line_1_45' title="bbox 1518 1656 1551 1703; baseline 0 0"><span class='ocrx_word' id='word_1_326' title='bbox 1518 1656 1551 1703; x_wconf 90' lang='grc'>11</span> 
     </span>
     <span class='ocr_line' id='line_1_46' title="bbox 1524 1701 1551 1743; baseline 0 0"><span class='ocrx_word' id='word_1_327' title='bbox 1524 1701 1551 1743; x_wconf 59' lang='grc'>11</span> 
     </span>
    </p>
   </div>
   <div class='ocr_carea' id='block_1_6' title="bbox 1506 1739 1551 2462">
    <p class='ocr_par' dir='ltr' id='par_1_7' title="bbox 1506 1739 1551 2462">
     <span class='ocr_line' id='line_1_47' title="bbox 1506 1739 1551 2462; baseline 0 0"><span class='ocrx_word' id='word_1_328' title='bbox 1506 1739 1551 2462; x_wconf 95' lang='lat' dir='ltr'> </span> 
     </span>
    </p>
   </div>
  </div>
 </body>
</html>
