1551 2462
337 257 398 286 118
641 254 806 286 ROTULI
830 254 1067 287 SGAOOARH
1301 254 1393 283 1462.

119 354 284 389 Respondebit
335 349 528 388 compotum,
551 347 642 388 lxxiij
668 347 699 378 fi.
717 348 748 388 vj
773 352 796 379 s.
820 348 876 388 viij
901 348 939 385 d„
956 358 1012 388 pro
1037 347 1154 388 quibus
1177 345 1385 387 respondebit

119 385 274 437 ξζξξέζῂᾞξ
334 398 377 428 Et
393 397 504 434 eidem,
520 407 577 438 per
599 397 825 428 liberacionem
848 398 966 429 factam
983 397 1022 428 ad
1046 396 1238 428 vestimenta
1262 394 1392 426 domine

335 447 448 484 Marie‚
486 447 599 478 sororis
630 447 752 478 domini
782 447 872 488 regis,
903 447 942 478 de
973 447 1126 478 mandato
1156 445 1280 476 domini
1313 443 1396 485 regis

335 496 512 528 literatorio
539 499 570 527 et
596 492 798 527 dominorum
822 496 861 527 de
886 496 1018 527 consilio
1043 500 1171 528 ostenso
1189 504 1286 536 super
1310 503 1394 524 com-

336 550 458 587 potum,
474 556 495 576 x
510 545 543 577 n'.
559 556 581 576 x
597 550 620 577 s.
666 546 708 576 Et
724 545 885 577 Ludovico
909 545 1044 583 Gallico,
1059 544 1252 586 percipienti
1275 552 1396 575 annua-

337 596 397 627 tim
410 598 547 636 quatuor
562 605 684 626 marcas
702 605 741 626 ex
757 595 863 636 gracia
879 598 911 626 et
927 594 1095 626 elimosina
1112 593 1235 626 domini
1251 593 1343 633 regis,
1359 595 1397 622 ut

336 648 427 686 patet
442 645 477 675 in
491 645 605 676 rotulis
622 644 875 686 precedentibus,
892 645 931 676 de
954 644 1101 676 terminis
1125 643 1273 684 compoti,
1289 643 1335 683 iiij
1352 641 1395 680 H„

339 697 371 725 et
386 695 558 725 mandatur
569 694 765 735 compotanti
775 694 861 735 quod
874 694 1011 735 amplius
1024 704 1089 725 non
1098 693 1260 734 persolvat
1272 692 1393 732 absque

122 778 287 808 Respondebit
338 754 421 775 novo
452 744 612 775 mandato.
656 744 699 774 Et
723 744 873 785 magistro
890 743 1087 775 Archibaldo
1112 742 1314 783 Quhytelaw,
1337 750 1395 781 pro

124 809 238 837 magister
338 798 416 825 tunc
439 794 596 835 receptori
619 793 742 824 domini
764 794 855 835 regis,
877 796 914 824 ut
937 796 1026 834 patet
1048 803 1106 833 per
1128 803 1201 824 suas
1223 792 1334 823 literas
1358 790 1398 821 de

124 837 286 896 ὃῇζᾞξξέἃῑῑε
339 847 465 884 recepto
496 846 640 875 ostensas
671 853 766 884 super
804 846 997 884 compotum,
1035 842 1071 873 lx
1107 842 1152 879 hl,
1191 851 1248 882 pro
1279 840 1399 881 quibus

123 897 202 926 prolx
212 896 241 920 11.
337 893 550 934 respondebit.
596 893 639 923 Et
669 892 783 930 eidem,
806 902 862 933 pro
900 892 1051 933 expensis
1082 891 1243 922 Willelmi
1281 890 1399 927 Weire,

339 943 514 984 equitantis
530 943 565 974 in
581 942 740 974 Galwidia
755 953 811 983 pro
828 942 928 973 firmis
950 941 1173 982 importandis,
1190 951 1229 972 ex
1246 939 1398 971 mandato

338 992 540 1024 dominorum
571 993 610 1024 de
637 992 777 1029 oonsilio,
801 992 868 1033 xvij
904 996 926 1023 s.
972 992 1015 1022 Et
1038 991 1151 1028 eidem,
1167 1001 1224 1032 pro
1248 989 1397 1031 expensis

339 1042 484 1083 magistri
499 1042 613 1073 Jacobi
629 1042 797 1082 Lindesay,
808 1041 948 1073 custodis
964 1041 1083 1082 privati
1099 1040 1205 1081 sigilli,
1219 1043 1250 1071 et
1267 1039 1398 1070 Roberti

339 1091 482 1135 Liddale,
494 1091 587 1122 factis
599 1101 656 1132 per
668 1093 905 1132 compotantem
915 1091 949 1121 in
960 1089 1217 1122 Kirkcudbrieht
1229 1089 1263 1120 in
1273 1088 1398 1120 asseda-

339 1141 430 1172 cione
445 1144 601 1172 terrarum
617 1140 739 1171 domini
754 1140 835 1181 regis
852 1140 986 1171 dominii
999 1139 1165 1176 Galwidie,
1182 1149 1222 1170 ex
1239 1138 1398 1170 consider-

340 1191 449 1222 acione
466 1191 658 1227 auditorum,
670 1200 760 1220 xxxv
775 1194 798 1221 s.
844 1190 887 1222 Et
902 1190 1015 1227 eidem,
1031 1200 1088 1230 pro
1105 1188 1254 1230 expensis
1277 1187 1399 1219 domini

339 1241 422 1281 regis
452 1240 504 1281 pie
528 1240 679 1271 memorie
701 1239 795 1270 factis
818 1250 874 1280 per
898 1242 1137 1280 compotantem
1167 1239 1202 1269 in
1226 1240 1329 1269 castro
1359 1237 1400 1268 de

340 1290 440 1321 Treve
456 1293 531 1321 ante
546 1289 729 1330 passagium
746 1289 813 1329 ejus
837 1288 878 1320 ad
894 1288 1078 1329 Roxburgh,
1100 1291 1195 1329 prout
1211 1287 1290 1318 fides
1313 1286 1400 1318 facta

341 1339 405 1370 fuit
435 1349 491 1380 per
518 1341 755 1379 compotantem
785 1348 880 1379 super
903 1341 1088 1378 compotum
1119 1340 1152 1368 et
1175 1337 1235 1367 sub
1258 1335 1399 1376 periculo

341 1388 565 1429 compotantis,
589 1399 632 1419 xv
647 1388 679 1418 ii.
697 1399 718 1418 x
734 1392 766 1425 s„
790 1391 822 1418 et
838 1398 902 1418 non
917 1387 1045 1417 intratis
1068 1387 1102 1416 in
1118 1386 1209 1417 h'bris
1232 1385 1401 1417 dietarum.

343 1438 474 1469 Summa
497 1447 717 1478 expensarum,
749 1435 908 1477 vj⁰1xxxvj
932 1436 964 1466 ri.
982 1436 1047 1476 xvij
1084 1440 1107 1468 s.
1131 1436 1186 1476 viij
1212 1435 1241 1467 d.
1286 1435 1329 1465 Et
1354 1435 1400 1466 sic

342 1490 464 1518 restant
487 1485 605 1527 ij⁰xliiij
627 1486 659 1516 H.
683 1486 762 1526 xviij
787 1489 809 1516 s.
834 1486 865 1526 xj
890 1485 920 1516 d.
937 1485 984 1516 οἵ).
1031 1486 1082 1516 De
1105 1485 1232 1526 quibus,
1254 1484 1397 1526 pendent

341 1547 437 1577 super
467 1535 650 1567 <Iohannem
673 1535 834 1576 Kennedy
858 1535 896 1566 de
921 1534 1145 1575 Blarequhane
1173 1534 1211 1565 de
1234 1544 1399 1575 grassuma

340 1590 498 1617 terrarum
529 1585 567 1615 de
594 1584 727 1625 Egirnes
767 1584 986 1615 assedatarum
1012 1594 1068 1624 per
1099 1584 1266 1615 dominum
1294 1593 1400 1624 regem

340 1635 525 1667 Alexandro
543 1634 687 1670 Stewart,
703 1643 782 1674 quas
798 1634 883 1664 idem
906 1634 928 1664 J
931 1634 1072 1665 ohannes
1088 1633 1194 1665 noluit
1215 1633 1400 1674 permittere

340 1685 477 1727 gaudere
490 1688 522 1715 et
532 1683 707 1725 possedere,
717 1686 814 1724 prout
826 1683 903 1714 fides
920 1683 1005 1714 facta
1021 1683 1085 1714 fuit
1100 1693 1196 1724 super
1211 1686 1398 1724 computum

342 1746 387 1766 xx
401 1735 434 1767 11¹.
481 1734 524 1764 Et
547 1733 688 1774 pendent
710 1732 858 1763 similiter
873 1742 969 1773 super
988 1733 1191 1764 Willelmum
1214 1732 1399 1768 Greresone,

344 1785 384 1815 de
401 1783 499 1815 firmis
515 1786 670 1814 terrarum
687 1782 725 1812 de
750 1781 964 1822 Castelmady,
981 1786 1173 1813 asserentem
1197 1792 1230 1813 se
1253 1781 1400 1813 saisitum

341 1834 376 1865 in
387 1833 516 1870 eisdem,
526 1835 559 1863 et
570 1831 662 1868 male,
673 1831 711 1861 de
721 1831 824 1862 tribus
837 1831 983 1862 terminis
995 1831 1092 1872 hujus
1104 1831 1246 1872 computi
1255 1834 1288 1861 et
1297 1831 1400 1861 tribus

341 1883 487 1914 terminis
511 1881 754 1923 precedentibus
777 1879 836 1911 hoc
860 1884 1056 1920 computum,
1073 1892 1093 1911 x
1117 1880 1148 1912 n.
1194 1881 1237 1911 Et
1259 1880 1401 1921 pendent

343 1932 492 1964 similiter
515 1941 610 1972 super
635 1929 800 1961 dominnm
824 1929 1046 1960 Alexandrum
1071 1930 1170 1971 Boyd,
1192 1930 1338 1967 militem,
1360 1929 1400 1961 de

343 1980 551 2017 Drumcolde,
573 1979 676 2010 tribus
703 1979 886 2019 Farsynnez
917 1979 1097 2018 jacentibus
1127 1979 1212 2010 infra
1243 1979 1401 2019 Galtway,

342 2031 568 2072 Knokynwen‚
587 2032 619 2061 et
642 2029 764 2069 Lowys,
788 2031 819 2059 et
843 2027 985 2068 quelibet
1008 2029 1172 2069 Farsynne
1195 2028 1342 2060 extendit
1364 2039 1398 2059 se

343 2081 383 2112 ad
395 2080 567 2111 dimediam
580 2088 718 2109 marcam
730 2077 764 2108 in
780 2087 872 2113 annO,
883 2087 944 2117 que
958 2077 1042 2108 idem
1055 2078 1202 2109 dominus
1214 2077 1398 2109 Alexander

343 2129 560 2171 appropriavit
572 2132 671 2158 terras
682 2128 860 2168 spectantes
875 2125 1030 2163 Gordone,
1043 2127 1093 2167 cuj
1098 2137 1134 2157 us
1150 2127 1247 2158 habet
1259 2127 1398 2158 wardam

342 2180 382 2211 de
405 2179 507 2211 tribus
523 2177 668 2210 terminis
691 2175 874 2217 hujusmodi
890 2177 1031 2217 computi
1048 2181 1080 2207 et
1095 2176 1198 2208 tribus
1215 2177 1306 2208 annis
1329 2187 1399 2217 pre-
