1551 2462
107 289 197 319 1465.
414 287 576 319 REGUM
601 286 845 319 SOOTORUM.
1089 292 1150 319 323

106 380 212 411 firmas
227 382 383 411 terrarum
400 380 437 411 de
454 379 597 411 Blaklaw
614 379 652 410 de
665 379 787 411 duobus
797 380 942 411 terminis
953 379 1048 421 hujus
1065 391 1149 412 com-

104 429 182 470 puti.
228 430 270 460 Et
286 430 324 461 de
339 429 374 460 xl
389 434 411 461 5.
428 430 467 461 de
490 429 588 460 firmis
610 432 766 460 terrarum
783 429 821 460 de
846 429 982 469 Cokilby
999 429 1038 461 de
1056 430 1150 461 dictis

104 587 186 608 anno
203 578 350 618 computi.
396 578 438 609 Et
461 578 499 609 de
521 577 567 618 iiij
584 577 614 608 11.
632 577 671 608 (18
693 578 793 608 firmis
809 580 891 608 terre
908 572 945 608 (18
968 577 1093 609 Oorshil
1109 578 1148 609 de

105 626 190 657 dieto
205 637 295 658 anno.
341 627 383 658 Et
405 627 444 658 de
466 627 500 668 iij
523 627 554 658 11.
580 627 611 667 vj
636 631 659 658 5.
683 627 739 667 viij
764 626 792 657 d.
817 627 856 658 (18
879 627 979 658 firmis
1002 630 1084 658 terre
1108 627 1147 658 de

105 676 338 708 Bowartschaw
353 680 385 708 et
403 677 518 718 Dryrig
533 686 589 717 per
611 677 904 717 tempus-computi.
950 677 993 707 Et
1008 676 1047 707 (18
1063 676 1097 716 iij
1114 676 1147 708 11.

104 725 136 766 vj
153 729 175 756 5.
193 725 247 766 viij
272 726 300 756 (1.
317 726 356 757 (18
378 726 477 757 firmis
492 729 573 757 terre
589 726 628 757 (18
652 725 871 766 Ohapeltoune
895 725 933 756 de
954 726 1039 757 (118ῢο
1055 735 1139 756 anno

102 774 143 805 Et
159 774 197 806 de
220 776 321 816 xxxiij
346 779 368 807 5.
391 775 438 816 iiij
466 775 494 806 d.
521 775 559 806 (18
585 776 681 807 firmis
703 779 786 806 terre
809 775 847 806 de
870 774 1085 806 Robertlande
1109 775 1149 806 de

104 873 221 904 eisdem
237 874 389 905 terminis.
434 875 477 905 Et
499 875 538 906 de
561 875 606 915 iiij
631 874 662 906 11.
688 875 726 906 (18
750 874 968 906 Clerkislande
986 885 1043 915 per
1063 875 1149 905 idem

101 924 234 963 tempus.
280 924 323 954 Et,
338 923 376 954 de
392 934 413 953 v
427 923 458 954 11.
476 923 515 954 (18
533 924 632 955 firmis
644 927 799 954 terrarum
815 924 853 955 de
870 924 1094 964 Mylstaneflat
1110 924 1149 955 de

104 972 197 1003 dictis
213 973 364 1004 terminis.
409 973 452 1003 Et
464 973 502 1004 de
517 974 549 1014 vj
560 973 592 1004 11,
609 973 665 1013 ijj
683 977 706 1004 5.
724 973 769 1014 iiij
784 973 812 1004 d.
830 973 868 1004 de
879 973 978 1004 firmis
989 977 1149 1004 terrarum

101 1021 140 1052 de
156 1022 303 1053 Kilbride
318 1022 357 1053 de
367 1022 451 1053 dicto
464 1032 554 1053 anno.
602 1022 643 1052 Et
655 1022 693 1053 de
705 1022 760 1062 viij
777 1022 808 1052 11.
826 1022 865 1053 (18
878 1022 976 1053 firmis
990 1025 1148 1053 terrarum

105 1071 143 1102 (18
174 1071 271 1102 131008
301 1072 339 1102 (18
370 1071 480 1102 eodem
504 1082 594 1103 anno.
650 1072 693 1102 Et
719 1072 758 1103 (18
789 1072 823 1112 iij
853 1071 885 1103 11.
908 1072 940 1112 vj
973 1076 999 1103 5.
1035 1071 1091 1112 viij
1118 1072 1146 1102 d.

100 1122 256 1151 terrarum
279 1120 317 1151 de
339 1120 652 1161 Myltouneerevach.
698 1121 740 1151 Et
763 1120 801 1151 de
824 1121 858 1161 iij
882 1120 914 1152 11.
938 1121 969 1161 vj
995 1125 1017 1151 5.
1036 1121 1092 1161 viij
1117 1120 1146 1151 (1.

103 1172 258 1200 terrarum
281 1170 320 1201 de
343 1170 577 1201 Portaretoune.
623 1170 666 1200 Et
688 1170 727 1201 de
750 1170 784 1210 fij
809 1170 839 1201 11.
858 1171 888 1210 vj
914 1174 935 1201 5.
952 1170 1009 1211 viij
1035 1170 1063 1201 d.
1083 1174 1145 1201 ter-

101 1228 206 1249 rarum
229 1219 269 1250 de
291 1219 451 1260 Dolywra.
495 1219 538 1250 Et
560 1219 600 1251 de
626 1220 657 1260 vj
682 1220 713 1250 11.
742 1220 798 1260 xiij
827 1224 849 1251 5.
875 1220 921 1260 iiij
946 1219 974 1250 d.
1001 1223 1083 1251 terre
1106 1219 1146 1251 (18

99 1268 328 1309 Ormysheuch.
374 1269 416 1299 Et
432 1268 470 1300 de
492 1269 524 1310 vj
541 1269 572 1300 11.
597 1269 653 1309 xiij
671 1273 693 1300 5.
711 1269 756 1309 iiij
774 1269 802 1300 (1.
827 1272 983 1300 terrarum
1008 1269 1046 1300 de
1064 1269 1145 1309 Bag-

97 1327 161 1348 raw
177 1317 216 1348 de
231 1317 324 1349 dietis
340 1318 493 1349 terminis.
539 1319 581 1349 Et
597 1318 635 1349 de
651 1329 672 1349 v
687 1318 718 1349 11.
732 1319 763 1359 vj
775 1323 797 1350 5.
815 1319 870 1358 viij
888 1318 916 1349 d.
934 1322 1090 1349 terrarum
1106 1319 1145 1349 (18

97 1366 285 1398 Bordlandis
302 1371 334 1398 et
348 1367 378 1398 18
396 1367 537 1398 Struthir
552 1368 591 1398 (18
606 1368 691 1398 dioto
710 1378 801 1399 anno.
839 1368 882 1398 Et
892 1367 930 1398 de
946 1368 978 1408 vj
995 1367 1027 1398 11.
1046 1368 1102 1408 xiij
1121 1372 1143 1398 5.

95 1416 142 1457 iiij
167 1416 196 1447 d.
212 1420 368 1448 terrarum
390 1417 429 1448 (18
455 1417 616 1454 Foulwod,
640 1416 843 1454 Gabrochhil,
867 1419 899 1447 et
925 1416 1145 1457 Achintibbyr

97 1466 135 1496 de
151 1465 244 1497 dietis
265 1466 418 1497 terminis.
463 1467 506 1497 Et
529 1467 567 1498 de
591 1478 634 1497 xx
651 1471 674 1498 5.
690 1470 772 1498 terre
795 1467 834 1497 (18
851 1466 1054 1507 Spittassand.
1099 1467 1143 1498 Et

97 1514 136 1546 de
153 1525 195 1546 xx
211 1519 234 1546 5.
258 1518 339 1547 terre
362 1516 401 1547 de
425 1516 602 1557 Quhitleys.
648 1517 691 1547 Et
707 1516 745 1547 de
767 1516 815 1556 hij
833 1520 855 1547 5.
879 1516 925 1557 iiij
951 1515 980 1547 d.
1004 1519 1086 1546 terre
1104 1516 1142 1547 de

98 1564 325 1605 Bridyslandis.
370 1566 413 1596 Et
428 1566 466 1597 de
482 1566 515 1606 iij
534 1566 566 1597 11.
582 1566 613 1607 vj
632 1570 654 1597 5.
671 1566 727 1607 viij
742 1566 771 1597 (1.
787 1570 871 1597 terre
885 1566 923 1597 de
940 1566 1143 1598 Pacokbank.

99 1666 180 1695 terre
195 1664 233 1695 de
256 1664 511 1696 Blarestrewach.
557 1665 600 1695 Et
622 1664 661 1695 de
684 1664 718 1705 iij
735 1664 767 1695 11,
784 1665 815 1705 vj
830 1669 854 1696 5.
878 1664 933 1705 viij
959 1664 988 1695 d.
1004 1667 1087 1696 terre
1104 1665 1143 1696 de

97 1712 258 1745 Kirkwod.
302 1714 345 1744 Et
367 1713 406 1745 (18
428 1714 462 1754 iij
487 1713 519 1745 11.
535 1714 567 1754 vj
585 1718 608 1745 5.
626 1714 680 1754 viij
705 1713 733 1744 d.
750 1713 789 1745 de
810 1713 999 1744 Makbehill.
1045 1714 1088 1744 Et
1104 1714 1143 1745 de

99 1761 130 1802 vj
146 1762 178 1794 11.
195 1763 250 1803 xiij
267 1766 290 1795 5.
307 1763 352 1803 iiij
377 1763 406 1794 d.
422 1766 505 1794 terre
521 1763 559 1794 de
582 1763 803 1804 Langschawe.
848 1763 891 1793 Et
914 1762 952 1793 de
971 1763 1004 1803 iij
1021 1762 1052 1794 11.
1070 1763 1101 1803 vj
1119 1767 1142 1793 5.

27 1833 29 1835 >
95 1811 151 1852 viij
168 1811 196 1844 d.
212 1815 292 1843 terre
315 1812 354 1843 de
377 1812 556 1854 Gallobery.
602 1813 645 1843 Et
660 1813 699 1843 (18
721 1812 798 1852 xxvj
813 1816 836 1844 5.
859 1812 916 1852 viij
934 1812 962 1842 (1.
987 1812 1048 1843 loci
1064 1812 1143 1843 dicti

97 1861 296 1893 Robertland.
342 1863 385 1893 Et
414 1862 453 1893 de
483 1862 559 1902 xxvj
592 1866 615 1893 5.
645 1862 701 1902 viij
734 1861 762 1892 (1.
794 1861 925 1892 alterius
964 1861 1026 1892 loci
1064 1861 1143 1892 diet-i

98 1910 273 1952 Quhitleys.
318 1911 361 1942 Et
377 1911 415 1943 de
430 1911 452 1951 ij
470 1911 582 1942 celdris
598 1911 654 1952 viij
672 1911 766 1942 bonis
787 1910 905 1941 farrine
921 1910 1086 1941 avenatice
1103 1910 1142 1941 de

99 1960 196 1991 firmis
220 1961 474 1992 molendinorum
501 1961 539 1992 de
571 1961 790 1992 Stewartoune
815 1959 854 1990 de
881 1969 965 1990 anno
990 1959 1141 2000 computi.

93 2009 221 2041 Summa
236 2010 331 2051 hujus
347 2011 457 2047 oneris,
469 2009 495 2051 jc
511 2010 599 2050 xxvij
617 2010 649 2041 11.
665 2010 720 2050 xiij
739 2014 761 2040 5.
775 2009 821 2049 iiij
839 2009 868 2039 (1.

140 2059 232 2096 Item,
244 2060 341 2091 iidem
351 2064 483 2091 onerant
495 2070 527 2091 se
539 2060 576 2091 de
583 2070 647 2090 xxx
660 2059 691 2089 11.
706 2059 759 2099 xvj
774 2062 796 2089 5.
811 2058 866 2097 viij
875 2057 903 2088 (1.
917 2057 955 2088 (18
967 2058 1141 2098 grassumis

99 2107 256 2146 dictarum
282 2112 436 2140 terrarum
458 2109 586 2140 baronie
616 2108 655 2139 de
679 2108 899 2138 Stewartoune
920 2106 1141 2137 assedatarum

98 2166 154 2197 per
168 2157 310 2189 dominos
326 2158 365 2189 de
381 2158 512 2189 consilio
528 2168 584 2198 pro
601 2157 724 2188 duobus
743 2156 842 2187 annis.
890 2155 1020 2186 Summa
1043 2155 1140 2196 hujus

99 2206 201 2238 oneris
216 2210 311 2248 patet.
358 2207 489 2238 Summa
504 2207 611 2238 totalis
627 2206 823 2238 oneraeionis
845 2208 951 2246 preter
974 2205 1141 2247 arreragia,
