1551 2462
84 246 143 276 146
149 246 174 276 3.
393 240 555 273 REGUM
579 238 825 272 SCOTORUM.
1071 239 1085 268 1
1093 237 1131 268 73

83 337 122 368 de
137 335 236 368 firmis
259 334 359 366 trium
381 334 601 370 terminorum,
624 342 751 364 summa
773 332 941 372 utriusque
957 331 991 372 iij
1008 331 1040 362 fi.
1057 331 1088 368 vj
1109 334 1132 361 s.

83 386 139 427 viij
156 385 185 417 d.
230 385 273 416 Et
289 384 400 421 eidem,
417 384 456 414 de
471 393 635 424 gressuma
658 381 872 423 compotanbis
895 382 1022 412 racione
1039 380 1135 411 officii

83 435 254 472 forestarie,
269 434 460 488 percipienti
475 433 514 464 de
526 432 619 464 teiris
635 432 674 463 (10
690 431 882 463 Thomknok
895 431 934 462 de
950 441 1034 461 anno
1051 440 1135 461 com-

84 484 160 526 poti,
178 484 232 525 xiij
251 494 274 515 s.
291 483 337 531 iiij
356 482 385 514 d
431 483 473 513 Et
497 482 610 517 eidem,
628 482 668 513 de
692 481 786 512 dictis
802 481 904 512 tribus
927 480 1072 512 terminis
1096 479 1136 510 de

85 534 184 566 firmis
201 533 285 564 dicte
297 536 380 564 terre
396 532 435 563 de
451 531 652 569 Thomknok,
669 531 821 572 deputate
837 540 894 571 pro
910 530 1036 567 foresta,
1052 540 1096 561 xx
1112 540 1135 562 s.

86 584 128 615 Et
140 583 252 620 eidem,
262 593 320 624 pro
329 582 480 614 undecim
491 582 601 613 martis
617 581 711 612 dictis
721 579 942 617 martfodellis,
953 580 1030 611 dicti
1040 580 1137 611 comi-

86 635 173 665 tatus
183 632 221 664 de
232 632 417 663 Stratherne
426 631 569 663 liberatis
580 630 753 662 senescallo
759 629 1008 671 Kingornefipso
1015 629 1138 661 fabente

87 685 248 723 receptum
263 692 359 722 super
375 684 568 722 compotum,
579 680 722 712 allocatis
733 679 908 711 husbandis
921 689 978 721 pro
994 679 1139 720 qualibet

89 731 262 764 earundem
284 731 319 762 111
342 731 442 762 firmis
466 731 533 762 suis
549 730 691 771 quinque
706 730 826 767 solidis,
841 729 876 760 lv
891 733 914 760 s.
960 729 1003 760 Et
1027 729 1140 767 eidem,

88 782 123 814 in
137 785 261 823 partem
277 781 448 813 solucionis
460 791 584 812 summe
597 780 823 822 quadringinta
834 779 970 811 duarum
985 779 1141 811 librarum

90 841 205 863 novem
234 830 410 862 solidorum
437 840 494 861 sex
524 829 726 861 denariorum
757 839 814 870 pro
845 829 939 861 certis
967 829 1142 861 denariabis

90 880 206 921 emptis
243 890 300 921 per
330 879 496 911 custodem
526 879 645 920 privati
680 879 787 921 sigilli,
817 879 968 911 videliceb
998 880 1142 920 quinque

89 929 204 967 tassiis,
228 939 302 960 cum
331 928 494 960 solucione
525 929 735 960 ducentarum
765 928 921 960 librarum
950 929 1142 961 cancellario

90 978 217 1020 Anghe,
233 982 266 1010 et
281 989 337 1010 sex
359 978 449 1010 libris
473 981 505 1009 et
529 978 640 1010 decem
655 977 765 1009 solidis
788 978 872 1009 datis
893 978 1044 1019 magistro
1060 978 1142 1010 Wil—

91 1029 175 1061 elmo
202 1028 290 1070 Gray
318 1039 375 1069 pro
399 1028 549 1069 expensis
574 1028 740 1068 cujusdam
764 1028 855 1058 navis
882 1028 1010 1059 domine
1028 1028 1146 1070 regine,

92 1080 204 1109 vocabe
219 1077 249 1109 le
265 1077 438 1118 balingare,
453 1080 490 1108 111,
505 1080 595 1118 patet
617 1077 653 1107 in
675 1076 757 1107 libro
773 1077 851 1108 dicti
869 1078 1010 1109 custodis
1026 1079 1146 1119 privati

93 1127 192 1169 sigilli
214 1130 341 1158 ostenso
358 1137 454 1167 super
469 1130 662 1167 compotum,
678 1127 717 1158 de
735 1127 885 1158 mandato
908 1127 987 1159 111οὺ1
1003 1128 1145 1160 custodis

94 1177 214 1219 privati
238 1176 344 1218 sigilli,
368 1177 438 1217 ipso
463 1179 603 1208 testante
627 1187 723 1217 super
747 1181 939 1218 compotum,
963 1178 1087 1219 xxxviij
1112 1178 1145 1210 fi.

95 1277 127 1318 vj
145 1276 173 1308 d.
219 1276 262 1307 Et
277 1276 323 1307 sic
338 1278 461 1307 restanh
478 1273 593 1316 vj‘lviij
610 1275 642 1307 n.
660 1276 729 1317 xiiij
748 1280 770 1307 s.
787 1287 809 1307 x
825 1276 854 1307 d.

139 1327 190 1358 De
213 1326 338 1367 quibus,
355 1325 488 1356 allocate
511 1326 708 1366 compotanti
730 1336 787 1366 per
807 1324 1003 1357 solucionem
1028 1327 1147 1358 factam

97 1379 234 1417 quatuor
255 1374 411 1416 serjandis
433 1374 472 1406 de
496 1374 691 1412 Stratherne,
707 1385 765 1415 pro
789 1375 889 1406 feodis
912 1375 978 1406 suis
994 1376 1033 1407 de
1045 1376 1150 1408 tribus

96 1425 242 1457 terminis
266 1424 362 1465 hujus
385 1424 532 1465 compoti,
548 1424 581 1465 vj
605 1424 638 1456 fi.
683 1424 726 1455 Et
749 1424 861 1462 eidem,
877 1435 933 1465 per
953 1425 1150 1457 solucionem

97 1476 216 1507 factam
238 1475 368 1506 Andrea
390 1474 519 1505 domino
542 1473 721 1512 11117011ᾶο10,
752 1474 940 1506 001100110110
971 1475 1088 1513 800010,
1111 1475 1152 1507 (10

98 1525 197 1557 firmis
212 1527 369 1556 terrarum
384 1523 423 1555 (10
440 1523 689 1564 Bouchquidder
711 1524 751 1555 de
774 1524 877 1555 tribus
893 1525 1038 1557 terminis
1054 1525 1152 1566 hujus

60 1574 64 1578 ⁴
99 1574 245 1615 compoti,
261 1573 413 1605 videlicet
429 1573 467 1604 de
491 1573 709 1629 quadiaginta
727 1574 832 1605 tribus
855 1574 945 1606 libris
961 1585 1019 1607 sex
1042 1576 1152 1607 solidis

99 1627 132 1656 et
154 1627 224 1655 octo
247 1623 386 1655 denariis
409 1623 450 1654 de
474 1623 598 1654 duobus
614 1623 727 1664 primis
751 1624 905 1662 terminis,
922 1624 997 1665 quia
1013 1627 1091 1657 tunc
1107 1626 1153 1657 sic

100 1673 337 1710 assedabantur,
353 1675 386 1704 et
402 1672 440 1703 de
457 1672 574 1713 viginti
596 1672 699 1704 tribus
722 1672 813 1704 libris
829 1683 886 1705 sex
908 1673 1018 1705 solidis
1035 1677 1067 1705 et
1083 1678 1154 1706 octo

101 1722 238 1754 denariis
255 1722 294 1754 (10
309 1722 408 1753 tercio
424 1722 571 1759 termino,
585 1722 663 1763 quia
684 1723 762 1753 tunc
783 1722 828 1754 sic
844 1723 1081 1761 assedabantur,
1097 1734 1154 1764 pro

102 1771 307 1803 dimedietate
322 1771 481 1802 (11οδ0111111
503 1774 662 1802 terrarum
678 1771 717 1803 de
741 1771 1020 1813 Bouchquhidder,
1036 1772 1104 1813 lxvj
1121 1772 1154 1803 11.

102 1821 159 1861 xiij
177 1825 199 1852 ἔ.
213 1821 260 1861 iiij
277 1821 306 1852 d.
351 1821 395 1852 Et
410 1821 522 1859 eidem,
538 1831 595 1862 per
607 1821 801 1862 superfluam
816 1821 1039 1853 oneracionem
1054 1822 1155 1853 dicta-

103 1880 175 1902 rum
185 1873 343 1903 terrarum
355 1870 395 1902 de
408 1870 686 1911 Bouchquhidder,
692 1881 732 1902 ex
742 1881 778 1902 00
789 1871 874 1911 quod
886 1874 1071 1912 compotans
1081 1871 1156 1912 plus

104 1922 254 1950 oneratur
263 1919 297 1950 in
312 1919 437 1950 duobus
453 1920 599 1951 terminis
610 1930 705 1961 quam
722 1920 959 1957 assedabantur,
968 1921 1000 1961 vj
1014 1920 1045 1951 11.
1057 1921 1114 1961 xiij
1132 1925 1155 1952 s.

104 1968 151 2009 iiij
168 1968 196 2000 d.
242 1969 285 1999 Et
294 1979 351 2009 per
366 1968 591 1999 liheracionem
604 1969 722 2000 factam
739 1969 760 2000 J
763 1969 883 2000 ohanni
904 1969 1157 2008 Haukirstmne,

105 2020 182 2049 tunc
199 2017 349 2058 magistro
362 2017 480 2049 fabrice
494 2017 604 2049 Sancti
616 2018 800 2055 Salvatoris,
813 2018 852 2049 ad
864 2018 983 2049 dictam
995 2019 1158 2056 fabricam,

105 2066 239 2098 liberate
269 2066 383 2107 quinto
409 2067 461 2099 die
491 2067 610 2098 mensis
639 2067 757 2099 Marcii
779 2068 856 2099 anni
886 2071 944 2099 etc.
968 2069 1158 2110 sexagesimi

107 2115 248 2153 secundi,
264 2115 303 2147 de
319 2115 470 2147 mandato
486 2116 615 2148 domine
638 2117 754 2158 regine,
778 2117 908 2148 custode
927 2117 1045 2158 privati
1060 2118 1159 2159 sigilli

109 2168 249 2197 testante
264 2165 452 2197 mandatum
468 2176 564 2207 super
576 2169 768 2208 compotum,
779 2167 849 2208 ipso
862 2166 983 2198 fatente
995 2170 1159 2209 receptum
