1551 2462
182 687 347 716 Respondebit

180 719 284 772 ganam,
295 719 384 743 rotula-

181 935 345 964 Respondebit

179 965 279 1000 Guthre,
295 966 347 989 the-

178 1001 308 1019 saurarms.

239 1104 261 1127 D
266 1112 285 1128 o.

400 245 460 273 128
711 242 875 274 ROTULI
899 242 1136 274 SCAOOARH
1358 242 1417 271 146
1424 243 1451 272 2.

398 336 502 374 latori,
516 337 556 368 ad
572 347 726 378 expensas
743 336 897 368 domicilii
907 336 1029 367 domini
1044 336 1135 377 regis,
1151 345 1207 376 per
1222 333 1450 366 liberacionem

397 385 519 417 domini
535 386 668 418 Heni-ici
690 387 856 428 Kingorne
880 397 919 418 ex
934 390 1024 427 parte
1040 385 1261 427 compotantis,
1278 385 1316 416 de
1332 385 1449 425 quibus

396 436 536 467 reddidit
552 439 744 477 compotum,
756 440 794 468 ut
803 439 893 477 patet
902 437 937 467 in
949 436 1068 474 eodem,
1084 436 1183 476 xxxvj
1201 435 1232 466 fi.
1278 435 1321 466 Et
1336 435 1450 472 eidem,

396 495 453 526 per
468 485 664 517 solucionem
686 487 804 517 factam
827 486 913 517 dicto
937 489 1157 527 compotorum
1179 484 1356 522 rotulatori,
1380 484 1448 525 ipso

396 535 518 567 fatente
541 539 705 577 receptum
726 546 822 577 super
844 539 1038 576 compotum,
1054 538 1086 566 et
1109 535 1148 566 (16
1171 535 1288 575 quibus
1311 534 1450 565 reddidit

396 588 588 626 compotum,
604 586 639 616 lx
654 586 685 616 li.
734 586 774 616 Et
797 585 909 623 eidem,
931 596 988 626 per
1004 585 1200 617 solucionem
1223 584 1341 616 factam
1364 584 1449 615 dicto

396 634 525 666 domino
562 635 747 666 Alexandro
786 638 956 676 postquam
986 634 1136 676 sreddidit
1179 638 1364 676 compotum
1408 634 1450 665 ad

397 684 497 715 dictas
521 695 684 725 expensas,
700 685 769 726 ipso
785 685 914 716 domino
937 685 1122 717 Alexandro
1149 686 1268 716 fatente
1283 687 1448 726 receptum

397 744 492 775 super
529 738 721 775 compotum,
752 745 774 765 x
810 735 851 772 n,
883 745 939 776 pro
978 735 1094 776 quibus
1132 734 1344 776 respondebit.
1406 734 1449 765 Et

397 784 509 821 eidem,
547 794 604 825 per
642 784 838 816 solucionem
876 784 994 816 factam
1033 785 1118 816 dicto
1155 783 1352 815 thesaurario
1393 794 1450 824 per

394 834 611 874 recepcionem
633 834 837 872 Bikertoune,
854 834 1029 872 senescalli,
1053 834 1091 865 de
1112 844 1238 865 summa
1258 833 1448 864 victualium

395 883 599 915 venditorum
629 884 664 914 in
690 884 845 921 Moravia,
872 884 941 924 ipso
968 884 1165 915 thesaurario
1189 883 1311 914 fatente
1341 892 1448 924 recep-

393 935 464 963 tum
495 943 590 974 super
624 936 816 974 compotum,
846 933 916 974 lxiij
947 933 978 964 11.
1010 933 1066 974 viij
1100 937 1132 971 s„
1166 943 1223 974 pro
1254 932 1370 973 quibus
1400 942 1447 963 re-

393 982 568 1023 spondebit.
639 983 681 1013 Et
726 982 838 1020 eidem,
882 983 1136 1023 persolucionem
1180 983 1299 1013 factam
1344 981 1447 1013 eidem

393 1031 588 1063 thesaurario
627 1042 683 1072 per
723 1032 941 1072 recepcionem
979 1031 1123 1073 ejusdem
1167 1031 1342 1068 senescalli,
1378 1031 1448 1071 ipso

392 1081 588 1113 thesaurario
602 1082 722 1113 fatente
734 1084 898 1122 receptum
909 1092 1004 1122 super
1016 1084 1209 1122 compotum,
1219 1081 1288 1122 lviij
1300 1085 1322 1112 Ξ.
1336 1080 1393 1121 viij
1407 1080 1446 1118 d„

392 1141 449 1172 pro
466 1131 582 1172 quibus
599 1131 810 1172 respondebit.
855 1131 897 1162 Et
913 1131 1025 1169 eidem,
1041 1141 1096 1172 per
1113 1131 1308 1162 solucionem
1325 1131 1445 1161 factam

393 1180 538 1211 Johanni
568 1181 607 1212 (16
637 1181 782 1217 Dunbar,
810 1181 914 1217 militi,
946 1191 1003 1222 pro
1034 1180 1126 1212 feodo
1158 1190 1215 1212 suo
1249 1180 1288 1211 de
1319 1180 1445 1211 duobus

391 1230 504 1270 primis
527 1230 673 1262 terminis
697 1230 793 1271 hujus
817 1231 965 1271 compoti,
981 1231 1020 1262 de
1043 1230 1195 1261 mandato
1219 1230 1341 1261 domini
1362 1230 1445 1271 regis

392 1279 575 1318 literatorio‚
599 1285 636 1311 ut
666 1283 755 1321 patet
779 1290 834 1321 per
850 1280 943 1311 binas
967 1280 1086 1317 literas,
1109 1290 1208 1311 unam
1238 1280 1298 1310 sub
1321 1279 1445 1321 signeto

392 1333 543 1361 consueto
560 1333 592 1361 et
607 1330 703 1361 aliam
719 1330 778 1361 sub
797 1330 919 1370 signeto
935 1330 1107 1367 unicornis,
1132 1329 1208 1360 licet
1230 1329 1445 1361 mandabatur

389 1378 454 1409 tale
463 1379 652 1410 mandatum
666 1389 728 1410 non
742 1378 919 1415 admittere,
929 1389 969 1409 ex
981 1379 1238 1410 consideracione
1251 1379 1444 1417 auditorum,

389 1427 474 1458 dicto
498 1428 647 1459 Johanne
670 1427 792 1458 fatente
815 1431 980 1468 receptum
1004 1438 1099 1469 super
1129 1431 1324 1469 compotum,
1348 1439 1393 1459 xx
1408 1429 1441 1460 n.

392 1477 435 1508 Et
451 1477 563 1514 eidem,
579 1487 636 1518 pro
653 1477 801 1517 expensis
819 1477 913 1508 unius
930 1477 1066 1508 cursoris
1089 1477 1250 1508 venientis
1274 1477 1313 1509 (16
1332 1478 1444 1510 Rossia

388 1537 499 1557 versus
516 1527 679 1567 Strivelyn
696 1536 769 1557 cum
785 1527 923 1567 negociis
937 1527 974 1558 (16
987 1526 1052 1558 illis
1069 1527 1221 1568 partibus,
1238 1526 1277 1558 de
1290 1527 1440 1558 mandato

388 1576 590 1607 dominorum
614 1576 652 1607 de
676 1575 816 1613 consilio,
833 1586 872 1607 ex
891 1576 1146 1607 consideracione
1170 1576 1362 1614 auditorum,
1378 1587 1399 1607 v
1414 1581 1436 1608 Ξ.

389 1625 521 1656 Summa
550 1625 665 1656 harum
691 1635 912 1666 expensarum,
939 1625 999 1667 111]ΙΕ
1026 1626 1096 1666 lxiij
1113 1625 1144 1657 ii
1173 1636 1217 1657 xv
1233 1630 1255 1657 ἔ.
1280 1626 1324 1667 vij
1341 1626 1371 1658 d.
1387 1626 1438 1658 ob.

329 1686 333 1691 ·
391 1675 434 1706 Et
450 1676 496 1706 sic
511 1679 634 1706 restant
648 1676 683 1716 jm
700 1675 747 1706 lix
762 1675 793 1706 fi.
811 1675 889 1716 xviij
907 1680 929 1707 s.
948 1676 994 1717 iiij
1012 1675 1041 1707 d.
1059 1676 1107 1707 ob.

431 1726 481 1756 De
512 1725 636 1766 quibus,
663 1725 805 1766 pendent
835 1725 874 1756 de
905 1725 1005 1756 firmis
1036 1725 1170 1756 dominii
1200 1725 1239 1756 de
1277 1725 1374 1765 Petty
1405 1728 1438 1757 et

389 1774 560 1815 Brachlyn,
573 1785 613 1806 ex
629 1785 664 1806 eo
678 1774 763 1815 quod
779 1784 883 1805 comes
899 1775 1020 1812 Rossie,
1033 1775 1206 1806 vicecomes
1219 1775 1258 1806 de
1268 1775 1437 1816 Invernys,

387 1824 508 1855 levavit
520 1825 626 1855 firmas
639 1824 791 1864 ejusdem,
803 1826 838 1854 ut
852 1824 964 1855 asserit
974 1827 1168 1866 compotens,
1181 1824 1220 1855 (16
1232 1824 1326 1855 dictis
1336 1825 1441 1855 tribus

388 1874 544 1910 terminis,
572 1873 598 1914 j⁰
628 1885 671 1904 xx
687 1873 718 1904 li.
752 1884 772 1904 x
796 1877 818 1904 ἕ.
865 1873 908 1904 Et
938 1874 1079 1914 pendent
1103 1873 1252 1905 similiter
1275 1873 1314 1905 de
1337 1873 1437 1905 firmis

387 1926 546 1955 terrarum
569 1923 697 1955 baronie
728 1923 766 1954 de
798 1922 929 1954 Leffaris
960 1933 1034 1954 cum
1065 1923 1220 1955 Bonnoch
1251 1926 1284 1954 et
1307 1923 1432 1954 Bonno-

389 1973 509 2014 quhare
532 1983 627 2014 super
650 1972 786 2004 eundem
816 1972 975 2009 comitem,
998 1976 1104 2013 preter
1127 1972 1312 2014 quindecim
1343 1972 1440 2004 libras

388 2023 564 2063 assignatas
588 2022 703 2053 Jonete
735 2022 871 2052 Stewart
894 2025 926 2052 et
950 2022 1100 2053 allocatas
1126 2022 1238 2058 eidem,
1253 2022 1319 2053 'sex
1341 2021 1439 2053 libras

388 2072 537 2102 undecim
553 2071 670 2103 solidos
692 2071 814 2102 levatos
834 2081 890 2111 per
912 2074 1158 2112 compotantem,
1181 2071 1440 2112 vigintiquinque

388 2121 485 2152 libras
502 2121 612 2152 decem
628 2123 659 2151 et
675 2123 745 2152 octo
761 2119 877 2150 solidos
894 2119 1045 2152 allocatos
1058 2120 1254 2162 compotanti
1269 2130 1325 2161 pro
1341 2120 1440 2152 tercia

389 2170 498 2201 debita
521 2180 634 2212 sponse
651 2169 772 2202 domini
787 2169 809 2200 J
812 2169 947 2201 ohannis
964 2169 1090 2211 Ogilvy‚
1107 2173 1138 2201 et
1161 2169 1299 2202 sedecim
1323 2169 1439 2201 solidos
