1551 2462
146 397 311 426 Respondebit

144 426 246 460 Guthre‚
259 427 310 449 the-

144 463 272 479 saurarms.

147 850 311 878 Respondebit

146 879 246 913 Guthre,
257 879 308 902 the-

146 916 273 932 sam-arius.

148 1300 221 1332 Car-

146 1344 290 1375 michael.

148 2096 293 2119 Consulendi

148 2128 205 2148 flunt
216 2126 306 2149 domini
319 2126 347 2148 de

147 2156 250 2178 consilio.

363 217 423 245 208
678 215 841 247 ROTULI
865 215 1101 248 SOACOARII
1318 219 1376 248 146
1383 220 1409 248 3-

360 317 416 347 per
428 307 623 339 solucionem
638 307 757 339 factam
772 309 923 350 magistro
939 309 1045 340 David
1062 309 1195 344 Guthre.
1211 309 1407 341 thesaurario

361 356 483 387 domini
498 357 588 398 regis,
604 358 644 389 ad
662 368 817 399 expensas
840 359 994 390 domicilii
1017 359 1169 399 ejusdem,
1192 359 1262 400 ipso
1285 359 1407 390 fatente

361 410 524 446 receptum
536 417 631 447 super
642 410 838 448 computum,
850 408 918 448 lviij
936 407 968 440 fi.
986 408 1019 448 iij
1039 412 1072 445 s„
1081 418 1138 449 pro
1149 408 1265 449 quibus
1279 418 1407 449 respon-

361 455 457 486 debit.
496 456 536 486 Et
553 456 665 493 eidem,
681 456 719 487 de
735 457 833 488 firmis
849 460 1006 488 terrarum
1021 457 1060 488 de
1072 457 1241 498 Argathin,
1251 457 1407 488 concessis

360 514 417 545 per
432 505 596 536 dominum
612 516 718 547 regem
735 507 897 538 Willelmo
913 507 1086 548 Trumpate
1109 517 1166 547 pro
1182 510 1249 538 toto
1265 510 1407 548 tempore

362 555 466 586 warde
476 556 502 596 ej
508 556 695 597 usdem‚que
705 567 738 588 se
749 557 928 589 extendunt
939 557 972 587 in
985 567 1068 588 anno
1079 556 1119 588 ad
1130 557 1262 597 triginta
1272 559 1408 597 quatuor

361 604 486 641 solidos,
502 608 539 635 ut
553 608 642 645 patet
657 615 713 646 per
728 605 835 637 literas
851 616 923 637 suas
940 606 999 636 sub
1015 606 1139 646 signeto
1155 608 1298 636 ostensas
1313 615 1409 645 super

362 703 484 734 cionem
500 703 619 734 factam
633 704 776 736 Johanni
792 704 907 745 Soulys
922 714 979 745 pro
994 704 1060 735 suis
1073 703 1234 735 laboribus
1250 704 1333 735 circa
1347 704 1408 735 im-

361 753 576 793 portacionem
582 753 745 785 firmarum
751 758 783 785 et
792 764 963 795 granorum
972 753 1157 794 hujusmodi
1165 754 1311 785 wa1dede
1317 764 1406 784 man-

361 802 435 833 dato
451 803 652 833 dominorum
667 814 724 844 pro
739 803 888 844 presenti,
901 803 1029 834 domino
1053 803 1248 834 thesaurario
1267 806 1407 834 testante

361 852 549 883 mandatum
579 863 674 893 super
698 856 892 893 computum,
922 853 956 893 iij
988 852 1019 883 n'.
1068 852 1126 894 [1⁷0
1158 853 1327 884 Treaszcrer
1350 854 1407 894 for

361 901 531 939 ltouselwld,
541 903 593 932 ,431
597 902 659 943 θα]
706 903 748 934 Et
764 902 972 943 computanti,
981 912 1037 942 pro
1055 902 1146 933 feodo
1157 913 1213 934 suo
1230 903 1269 934 de
1281 913 1407 934 summa

361 951 556 982 oneracionis
571 951 722 991 predicta,
737 952 771 992 iij
788 951 820 983 fi.
833 952 864 992 vj
883 956 905 983 s.
923 951 978 992 viij
990 951 1019 982 d.
1067 952 1110 982 Et
1125 952 1236 989 eidem,
1252 952 1291 983 de
1306 953 1407 984 firmis

361 1000 497 1040 pomerii
511 1000 550 1031 de
567 1001 659 1033 Erole
676 1011 748 1032 cum
759 1002 875 1042 quibus
886 1003 1074 1042 computans
1091 1001 1236 1041 superius
1249 1006 1407 1039 oneratur,

362 1059 402 1081 ex
425 1060 461 1080 eo
478 1050 563 1090 quod
586 1060 690 1081 comes
707 1050 877 1082 defunctus
898 1050 1020 1082 levavit
1040 1049 1144 1081 firmas
1167 1050 1311 1090 ejusdem
1333 1054 1408 1082 ante

362 1108 453 1130 suam
476 1100 607 1137 obitum,
631 1104 726 1141 prout
749 1101 826 1131 fides
843 1100 928 1132 facta
950 1100 1014 1131 fuit
1037 1110 1132 1140 super
1154 1103 1349 1141 computum,
1370 1111 1410 1132 ex

363 1149 617 1181 consideracione
639 1150 823 1181 auditorum
846 1150 886 1182 ad
908 1159 1046 1191 presens,
1068 1161 1090 1182 x
1113 1149 1144 1180 li.
1192 1149 1292 1190 [Sum
1313 1151 1408 1183 &271

363 1199 404 1230 63.
423 1197 495 1241 Ossad.
543 1199 770 1240 Overexpended
785 1201 840 1233 25³2
854 1200 918 1231 193.
936 1198 1025 1243 Ossssd]

409 1298 602 1342 Computum
648 1299 792 1340 magistri
837 1299 957 1331 Thome
1010 1299 1218 1337 Carmichael,
1266 1300 1411 1331 canonici

363 1346 584 1386 Moravikensis,
610 1349 818 1390 [Edinburgtk
843 1350 886 1387 {34
913 1349 1033 1380 October
1061 1349 1162 1390 1463]
1194 1349 1232 1381 de
1263 1351 1411 1382 omnibus

363 1398 498 1438 receptis
514 1399 579 1429 suis
596 1403 627 1429 et
643 1399 789 1439 expensis
812 1409 869 1439 per
884 1399 1040 1439 arreragia
1061 1398 1170 1429 ultimi
1193 1400 1336 1440 computi
1351 1400 1410 1438 sui,

361 1450 468 1488 preter
502 1448 702 1488 pendencias,
742 1448 828 1488 quod
857 1448 1019 1480 redditum
1053 1452 1120 1479 erat
1150 1449 1328 1489 penultimo
1359 1450 1410 1481 die

362 1497 482 1528 mensis
497 1497 519 1528 J
522 1497 580 1527 ulii
596 1507 679 1528 anno
695 1501 752 1528 etc.
770 1498 1113 1538 sexagesimosecundo,
1129 1502 1196 1528 tam
1213 1498 1251 1529 de
1266 1499 1411 1539 pecuniis

363 1556 459 1587 quam
475 1546 514 1577 de
531 1546 733 1583 victualibus,
749 1546 955 1583 salmonibus,
970 1550 1003 1577 et
1017 1547 1137 1583 martis,
1153 1557 1293 1579 unacum
1316 1548 1412 1579 certis

363 1597 506 1637 pecuniis
533 1596 667 1637 receptis
697 1606 754 1637 per
781 1596 918 1627 eundem
945 1599 1017 1637 post
1043 1596 1196 1629 ultimum
1219 1602 1407 1638 computum

363 1657 466 1684 suum,
478 1644 510 1677 et
526 1650 698 1687 antequam
714 1650 903 1677 exoneratus
919 1650 986 1677 erat
1001 1646 1041 1677 de
1059 1646 1161 1678 officio
1177 1647 1226 1678 sui
1243 1648 1410 1679 camerari-

363 1699 443 1733 atus,
458 1699 554 1736 prout
568 1695 701 1726 inferius
719 1695 848 1736 patebit.

406 1747 546 1787 [Cheimo.
592 1745 739 1782 Arrenrs,
750 1745 848 1776 3299
861 1745 902 1776 6s.
915 1744 935 1775 1
937 1743 1004 1786 fid]
1051 1745 1092 1776 Et
1104 1744 1143 1776 de
1159 1745 1191 1786 xj
1204 1744 1237 1777 fi.
1261 1745 1300 1776 de
1311 1746 1411 1777 firmis

366 1799 521 1827 terrarum
539 1795 577 1826 de
594 1794 687 1826 CouU
696 1797 729 1826 et
742 1793 850 1825 Oneill
866 1797 898 1826 et
912 1794 1092 1836 Abiryeldy
1108 1805 1164 1836 per
1174 1795 1259 1826 idem
1274 1798 1410 1836 tempus.

366 1846 465 1887 [Suom
481 1846 546 1876 310
562 1845 602 1875 63.
620 1842 708 1885 HM]

407 1897 448 1927 Et
464 1905 528 1926 non
544 1898 653 1925 onerat
669 1904 702 1925 se
718 1893 756 1924 de
772 1892 837 1924 illis
853 1893 987 1925 summis
1003 1904 1064 1934 que
1080 1893 1264 1934 pendebant
1279 1894 1312 1925 in
1324 1894 1408 1926 dicto
1423 1876 1427 1882 ¹

361 1945 476 1976 ultimo
492 1946 642 1984 computo
657 1953 753 1984 super
768 1942 899 1973 comites
915 1942 1034 1979 Rossie,
1051 1942 1205 1979 Huntlee,
1221 1943 1361 1981 Athone,
1377 1947 1410 1975 et

363 1994 559 2031 Craufurdie,
583 2003 706 2024 necnon
731 1991 927 2023 Celestiuum
951 1992 989 2022 de
1013 1992 1134 2023 Insulis
1158 1996 1190 2023 et
1211 1993 1410 2024 Malcomum

362 2046 585 2086 M‘Kyntoyss,
608 2042 683 2083 quia
700 2044 887 2082 computans
904 2045 1094 2072 exoneratus
1117 2045 1185 2073 erat
1201 2042 1241 2073 ab
1257 2042 1408 2073 adminis—

363 2095 502 2127 tracione
519 2094 552 2124 in
568 2103 625 2124 suo
641 2091 743 2123 officio
759 2095 832 2122 ante
848 2091 1022 2121 terminum
1038 2091 1210 2122 levaoionis
1227 2091 1408 2129 earundem,

362 2155 456 2185 super
473 2143 589 2184 quibus
605 2140 790 2173 consulendi
806 2142 882 2171 sunt
898 2140 1019 2171 domini
1036 2140 1072 2171 de
1089 2140 1228 2171 consilio.

1539 1749 1551 1927 'u—QA-
1545 1677 1551 1734 Α..
1546 1597 1551 1654 nni„
1547 1520 1551 1566 Α..
1549 1468 1551 1477 -
