1551 2462
121 358 286 387 Respondebit

121 388 221 422 Guthre,
233 387 285 410 the-

119 425 246 440 saux-arius.

121 504 286 533 Respondebit

121 534 223 568 Guthre,
235 533 286 556 the-

119 570 247 587 samarius.

126 1194 290 1225 Respondebit

125 1226 238 1254 magister
248 1225 317 1247 Jaco-

126 1256 171 1277 bus
183 1255 317 1283 Lyndesay,

126 1285 262 1313 prepositus
273 1284 302 1306 de

127 1314 302 1343 Lyuclondane.

336 219 397 246 234
647 215 812 248 ROTULI
836 215 1073 248 SCAOCARH
1295 218 1387 246 1464.

333 312 476 350 tempore
506 308 633 340 Natalis
663 309 805 346 Domini,
837 309 906 350 ipso
938 309 1059 340 fatente
1097 312 1261 350 receptum
1291 319 1387 350 super

335 362 529 400 computum,
553 359 592 390 de
615 359 716 390 firmis
741 360 779 390 de
807 358 1000 400 Kynclevin,
1025 358 1091 399 xxij
1116 358 1158 395 112,
1184 369 1241 399 pro
1268 358 1386 399 quibus

334 409 546 450 respondebit.
606 410 647 440 Et
681 409 792 446 eidem,
823 419 879 450 per
916 409 1112 440 solucionem
1144 408 1262 440 factam
1300 408 1386 439 dicto

333 459 530 490 thesaurario
568 459 608 490 ad
645 469 800 500 expensas
838 457 992 489 domicilii
1029 458 1152 489 domini
1188 458 1279 499 regis,
1316 458 1386 498 ipso

334 508 455 540 fatente
478 512 641 550 receptum
656 519 751 549 super
773 512 969 549 computum,
981 507 1030 548 j⁰ij
1048 507 1090 545 nl,
1105 518 1161 549 pro
1179 518 1243 549 qua
1257 518 1386 548 respon-

335 558 429 589 debit.
484 559 527 589 Et
549 558 661 596 eidem,
683 568 739 599 pro
770 557 862 589 feodo
892 567 949 588 suo
980 557 1019 588 de
1050 567 1133 588 anno
1164 558 1316 598 computi,
1346 567 1387 588 ex

335 607 588 639 consideracione
612 608 794 639 auditorum
817 606 857 638 ad
886 617 1025 647 presens,
1048 607 1080 647 vj
1105 607 1136 638 11.
1161 607 1218 648 xiij
1244 611 1266 638 s.
1291 607 1338 648 iiij
1357 607 1386 638 d.

334 657 378 688 Et
399 667 456 698 pro
479 657 641 689 laboribus
664 657 730 689 suis
753 657 845 688 factis
869 656 952 687 circa
977 657 1193 697 provisionem
1223 657 1258 687 in
1288 656 1386 688 Perth

336 717 408 748 erga
435 707 610 738 adventum
633 707 713 748 regis
729 717 786 747 per
802 706 1014 747 quadraginta
1037 706 1113 744 dies,
1129 706 1164 737 xl
1186 710 1208 737 s.
1255 706 1388 738 Summa

335 757 555 797 expensarum,
579 755 693 797 iiijcxvj
725 756 757 786 fi.
789 756 845 796 xiij
872 759 894 787 Ξ.
919 767 940 786 Χ
971 756 999 787 d.
1025 756 1072 787 ob.
1118 756 1161 786 Et
1191 756 1236 787 sic
1266 758 1389 787 restant

335 805 472 846 ijcxxxvj
495 806 527 837 li.
544 806 600 836 xix
623 810 645 837 s.
663 806 708 846 iiij
733 805 762 837 d.
779 805 827 836 ob.
872 806 922 836 De
946 805 1071 846 quibus,
1094 805 1228 836 allocate
1259 815 1390 846 compu-

336 856 420 886 tanti
453 865 508 896 per
546 855 742 886 solucionem
772 855 891 886 factam
920 855 1049 886 domino
1084 855 1196 886 Colino
1235 855 1390 892 Cambell,

336 905 442 942 militi,
473 915 528 946 pro
558 905 651 936 feodo
681 915 747 942 suo,
777 915 818 935 ex
848 905 1050 936 concessione
1080 905 1203 935 domini
1225 905 1307 946 regis
1337 905 1389 945 pie

337 954 488 985 memorie
504 954 563 985 sub
579 964 694 994 magno
718 954 832 994 sigillo,
848 954 887 985 de
903 964 987 985 anno
1011 954 1154 994 computi
1177 957 1209 985 et
1232 955 1291 985 sub
1307 954 1389 995 peri-

338 1004 410 1034 culo
441 1003 664 1044 computantis,
688 1004 765 1044 xxvj
790 1003 821 1034 ri.
846 1003 903 1044 xiij
931 1008 955 1035 S.
979 1003 1025 1044 iiij
1051 1003 1080 1035 d.
1127 1003 1170 1034 Et
1200 1003 1312 1041 eidem,
1333 1014 1391 1044 per

338 1053 533 1084 solucionem
556 1053 675 1084 factam
704 1052 857 1094 magistro
879 1053 1001 1085 Jacobo
1024 1052 1205 1094 Lyndesay,
1228 1053 1390 1094 preposito

339 1102 378 1133 de
409 1102 645 1143 Lyncioudane,
664 1112 703 1133 ex
726 1105 816 1143 parte
839 1102 968 1133 domine
990 1103 1099 1144 regine
1123 1102 1206 1134 clare
1229 1103 1392 1140 memorie,

340 1152 379 1183 de
416 1152 516 1183 firmis
546 1155 702 1183 terrarum
732 1152 772 1183 de
802 1152 1001 1193 Kynelevin,
1031 1152 1070 1183 de
1107 1152 1243 1184 termino
1282 1152 1392 1183 Sancti

340 1201 475 1232 Martini
492 1201 569 1232 anni
584 1201 773 1243 sexagesimi
797 1201 937 1239 secundi,
957 1201 1027 1243 ipso
1050 1212 1108 1242 per
1130 1201 1276 1233 cedulam
1300 1212 1392 1233 suam

341 1251 553 1292 subscriptam
576 1261 676 1282 manu
706 1250 784 1282 dicti
806 1251 951 1292 magistri
974 1251 1090 1282 Jacobi
1112 1254 1273 1282 ostensam
1295 1261 1392 1293 super

341 1303 537 1340 computum,
554 1311 575 1330 Χ
590 1300 632 1336 fi„
655 1310 711 1340 pro
734 1300 852 1341 quibus
875 1300 1089 1341 respondebit.
1134 1300 1178 1330 Et
1201 1300 1313 1338 eidem,
1335 1310 1392 1341 per

342 1350 536 1381 solucionem
559 1349 678 1380 factam
708 1349 853 1380 Johanni
879 1350 990 1381 comiti
1013 1349 1154 1387 Athone,
1177 1349 1216 1381 de
1241 1350 1392 1381 mandato

342 1399 469 1430 domine
485 1399 601 1439 regine,
616 1399 650 1429 in
666 1398 758 1430 feodo
774 1409 840 1436 suo,
856 1402 894 1429 ut
913 1402 1003 1440 patet
1024 1409 1081 1439 per
1103 1399 1213 1430 literas
1236 1409 1310 1430 suas
1332 1399 1393 1430 sub

344 1449 466 1489 signeto
483 1451 514 1479 et
530 1448 767 1488 subscripcione
783 1451 926 1479 ostensas
950 1458 1046 1489 super
1068 1451 1263 1489 computum,
1286 1448 1342 1487 xiij
1359 1448 1393 1479 11⁴.

343 1498 373 1538 vj
392 1502 414 1528 s.
437 1497 492 1538 viij
509 1497 538 1528 d.
583 1497 627 1527 Et
647 1497 759 1534 eidem,
785 1497 823 1528 de
850 1498 1023 1539 grassumis
1047 1497 1085 1528 de
1108 1497 1295 1538 Kynclevin
1320 1508 1394 1528 cum

343 1547 460 1587 quibus
490 1549 678 1586 computans
709 1546 854 1586 superius
885 1549 1043 1583 oneratur,
1074 1556 1114 1577 ex
1144 1556 1180 1577 eo
1211 1556 1274 1587 quo
1305 1546 1390 1578 dicte

343 1606 504 1637 grassume
517 1606 581 1627 non
597 1598 688 1626 erant
702 1594 807 1626 levate
828 1598 971 1637 tempore
993 1596 1101 1627 obitus
1123 1595 1252 1627 domine
1275 1596 1391 1637 regine,

343 1650 376 1677 et
402 1656 485 1676 anno
511 1645 650 1676 Instante
675 1654 758 1675 nova
784 1645 944 1676 assedacio
975 1644 1059 1677 facta
1081 1648 1138 1682 est,
1165 1648 1198 1676 et
1228 1655 1392 1686 grassuma

344 1694 481 1727 levanda
518 1695 552 1726 in
589 1695 735 1735 proximo
773 1698 924 1735 computo
958 1705 1024 1732 suo,
1061 1705 1101 1726 ex
1138 1694 1393 1727 consideracione

345 1744 535 1781 auditorum,
551 1743 618 1784 xlvj
632 1743 664 1775 fi.
711 1743 842 1775 Summa
854 1744 968 1775 harum
981 1754 1201 1785 expensarum,
1213 1744 1348 1785 lxxxxvj
1359 1744 1392 1776 ti

345 1795 388 1826 Et
403 1795 448 1826 sic
463 1796 586 1825 restant
598 1792 660 1835 jcxl
674 1793 706 1824 n'.
724 1793 781 1824 xix
797 1797 820 1824 ἔ.
838 1793 885 1834 iiij
903 1793 931 1825 d.
951 1793 999 1825 ob.

132 1893 331 1926 Camerarius
389 1893 585 1934 Computum
614 1892 792 1924 Alexandri
823 1892 961 1923 Dunbar
978 1873 981 1875 ι
998 1892 1037 1923 de
1068 1891 1236 1929 Westfeld,
1273 1891 1396 1931 militis,

131 1938 300 1969 comitatus

131 1981 282 2012 Moravie.

346 1943 509 1975 camerarii
540 1943 662 1974 domini
692 1942 791 1973 nostri
821 1942 903 1983 regis
931 1944 1089 1973 terrarum
1119 1945 1152 1973 et
1181 1941 1395 1973 dominiorum

346 1993 468 2024 domini
483 1993 582 2023 nostri
599 1992 681 2034 regis
696 1991 781 2023 infra
796 1991 1037 2023 vicecomitatus
1053 1991 1092 2023 de
1107 1992 1204 2023 Fores
1227 1993 1259 2022 et
1281 1991 1396 2032 Elgyn,

345 2044 442 2084 [from
468 2043 512 2074 30
542 2043 621 2083 Julgs
645 2043 731 2080 1462
767 2045 795 2072 to
821 2041 1016 2072 Martinmas
1050 2042 1138 2079 1463
1167 2041 1336 2072 inclusive:
1372 2042 1396 2072 3

345 2092 458 2133 torma]
503 2093 546 2123 Et
576 2091 676 2123 nichil
705 2091 757 2122 hic
780 2091 820 2122 de
850 2091 985 2122 termino
1016 2090 1242 2122 Penthecostes
1272 2090 1396 2128 ultimo,

346 2142 422 2183 quia
458 2141 565 2172 David
603 2141 828 2182 Scrimgeoure,
865 2140 1055 2171 camerarius
1085 2143 1241 2171 terrarum
1273 2139 1397 2172 domini
