1551 2462
103 221 117 249 1
124 221 194 250 462.
413 218 502 250 REG
508 218 576 250 UM
601 216 846 251 SOOTORUM.
1090 223 1149 252 135

99 311 224 352 quibus,
247 311 390 352 pendent
414 321 510 352 super
533 311 683 343 comitem
708 312 820 343 Rossie
845 311 884 343 de
908 312 1008 343 firmis
1034 313 1150 344 veteris
1164 319 1278 343 Pendeat.

99 361 193 392 castri
209 361 248 392 de
265 361 423 402 Invernys
439 372 479 392 ex
495 371 591 392 causa
603 364 787 402 expressata
802 362 836 392 in
853 365 999 402 compoto
1016 363 1150 403 pecunie

101 410 139 442 de
155 410 247 442 annis
263 411 411 452 compoti,
427 411 448 452 ij
467 411 572 442 celdre
596 421 776 442 avenarum.
824 410 957 442 Summa
972 412 1149 452 pendencie
1164 419 1251 443 Debet.

100 462 195 501 patet.
242 460 284 491 Et
299 460 346 491 sic
361 463 486 492 restant
501 470 545 491 xv
562 460 666 491 celdre
683 460 726 500 vij
744 460 829 491 bolle
845 471 1027 491 avenarum.

143 509 236 547 Item,
262 509 348 541 idem
375 513 486 541 onerat
509 520 542 541 se
567 509 607 540 de
633 510 690 550 viij
719 510 874 541 barilibus
898 510 1079 541 salmonum
1095 521 1151 552 per
1165 511 1338 543 Salmones.

99 558 255 600 arreragia
276 559 416 600 compoti
438 559 489 591 sui
511 559 546 590 in
569 569 678 590 mense
701 559 818 590 Marcii
841 559 918 590 anni
943 560 1073 591 Domini
1090 564 1148 591 etc.

99 608 294 650 sexagesimi,
306 612 344 640 ut
359 612 448 650 patet
463 609 497 640 in
512 608 592 650 pede
616 609 767 649 ejusdem.
813 609 856 639 Et
879 608 917 639 de
933 609 978 649 iiij
997 609 1151 640 barih'bus

98 657 279 689 salmonum
301 658 502 699 episcopatus
525 658 737 689 Moraviensis
761 661 905 699 tempore
928 662 1045 690 annate
1068 659 1151 699 ejus-

98 707 178 739 dem.
224 708 266 739 Et
289 708 327 739 de
350 708 384 749 iij
408 708 499 739 lastis
516 707 696 739 salmonum
720 707 870 738 barinum
898 708 937 739 de
960 708 1152 749 Hamburgh

99 756 232 798 piscarie
256 757 295 788 de
319 757 404 798 Spey
429 757 506 788 anni
534 757 663 788 Domini
687 760 745 788 etc.
770 758 1064 799 sexagesimiprimi.
1109 759 1151 789 Et

97 806 198 837 m’chil
212 806 265 838 hic
281 807 320 838 de
342 807 441 838 tercia
464 807 618 847 ejusdem,
641 807 717 848 quia
740 807 940 838 satisfactum
957 811 1006 839 est
1021 808 1150 839 domino

97 855 240 887 ‚Iohanni
263 856 381 898 Ogilvy
403 867 443 888 ex
465 860 556 898 parte
579 867 694 897 sponse
717 868 774 888 sue
796 857 831 888 in
854 860 1000 898 compoto
1016 859 1151 899 pecunie

96 906 241 946 superius
257 906 415 947 descript-o
432 906 470 937 de
485 906 636 947 thanagio
652 906 691 938 de
707 907 845 947 Kyntor.
892 907 1025 938 Summa
1043 908 1152 938 totalis

97 955 293 986 oneracionis
309 965 383 986 cum
399 955 570 996 arreragiis,
585 956 631 996 iiij
649 956 730 987 laste
748 956 937 994 salmonum,
954 967 1033 998 quas
1049 957 1151 989 debet.

141 1054 337 1095 Computum
353 1054 459 1085 David
475 1054 606 1095 Pringss,
622 1055 757 1086 cursoris
773 1055 879 1086 warde
892 1055 932 1086 de
948 1055 1056 1086 Tueda
1068 1055 1152 1087 infra
1165 1053 1273 1084 Tueda

98 1103 249 1134 forestam
265 1103 304 1134 de
319 1103 436 1140 Ettrik,
451 1104 612 1135 redditum
628 1104 713 1144 apud
730 1104 917 1145 Edinburgh
933 1115 990 1145 per
1006 1105 1151 1143 eundem,
1165 1097 1296 1145 Fore—5¹33*
1311 1096 1350 1127 de

99 1153 137 1184 de
153 1153 301 1184 omnibus
317 1153 452 1194 receptis
477 1154 542 1184 suis
566 1157 599 1184 et
623 1154 771 1194 expensis
794 1164 851 1194 per
873 1154 981 1185 firmas
998 1158 1030 1185 et
1046 1155 1151 1186 exitus
1164 1140 1282 1172 Etbrlk·

98 1202 182 1234 dicte
213 1202 317 1234 warde
349 1203 405 1244 [13
437 1203 556 1234 October
578 1204 673 1241 1462,
696 1204 787 1244 from
810 1204 830 1234 9
854 1204 965 1234 March
988 1204 1075 1241 1460
1084 1215 1096 1242 ;
1130 1205 1153 1235 3

101 1252 216 1293 terms}

142 1301 242 1339 Idem,
259 1306 368 1332 onerat
383 1312 416 1333 se
432 1301 466 1332 in
482 1302 593 1342 primis
610 1301 649 1332 de
664 1301 779 1332 lxxxix
795 1302 825 1333 11.
844 1313 865 1332 x
881 1302 908 1333 (1.
923 1313 980 1343 per
995 1304 1152 1344 arreragia

97 1350 205 1381 ultimi
220 1351 367 1392 componi,
383 1354 420 1381 ut
435 1354 524 1392 patet
539 1351 573 1382 in
596 1351 676 1391 pede
700 1351 850 1391 ejusdem,
898 1352 1029 1383 Summa
1052 1363 1151 1384 arrer-

11 1391 15 1393 *
35 1416 46 1420 f
67 1424 72 1427 »
98 1400 239 1441 agiorum
251 1404 347 1441 patet.
394 1401 487 1437 Item,
499 1400 584 1431 idem
597 1404 707 1431 onerat
717 1411 750 1431 se
760 1400 799 1431 de
816 1411 859 1430 xx
871 1400 903 1431 11.
917 1411 938 1432 v
950 1405 972 1432 s.
987 1402 1025 1433 de
1037 1402 1059 1442 ij
1074 1402 1150 1434 locis

97 1454 130 1481 et:
151 1460 216 1481 uno
242 1450 435 1491 hammyllot
450 1450 488 1481 de
512 1450 653 1491 Gaithop
679 1454 711 1482 et
729 1450 903 1491 Prestehop
930 1451 965 1481 in
989 1451 1096 1482 warda
1112 1452 1151 1483 de

97 1500 190 1531 dictis
204 1500 308 1531 tm‘bus
324 1500 476 1532 terminis.
522 1501 565 1531 Et
581 1500 619 1531 de
641 1501 676 1530 ix
698 1500 730 1530 11.
747 1500 787 1531 de
802 1500 902 1530 firmis
918 1500 957 1531 de
973 1500 1150 1532 Holwellee

74 1585 78 1591 Ι
97 1549 136 1581 de
159 1549 278 1581 eisdem
300 1550 453 1581 terminis.
498 1550 541 1580 Et
562 1550 601 1581 de
624 1550 658 1580 ix
680 1550 711 1580 11.
737 1550 775 1581 de
798 1549 1003 1581 Thornnelee.
1050 1551 1092 1581 Et
1111 1551 1150 1581 de

97 1609 118 1629 x
133 1598 164 1630 11.
182 1598 220 1630 de
237 1598 465 1631 Caldanehede.
511 1599 554 1630 Er,
569 1599 608 1630 de
623 1599 658 1630 ix
672 1599 704 1630 fi.
722 1599 760 1630 de
773 1599 786 1639 j
800 1599 869 1630 loco
891 1600 926 1629 in
941 1599 1151 1640 Wyndydur-

98 1648 149 1679 ris.
194 1648 237 1679 Et
259 1648 298 1679 de
322 1648 399 1689 xviij
424 1648 456 1679 11.
481 1648 520 1679 de
542 1649 564 1689 ij
589 1649 668 1680 locis
691 1648 730 1679 de
753 1648 1000 1689 Wyndydurris.
1046 1650 1088 1680 Et
1112 1650 1150 1680 de

97 1698 131 1729 ix
154 1698 186 1729 11.
214 1698 253 1729 de
277 1698 435 1739 Cragleth.
482 1698 527 1729 Et
554 1698 592 1729 de
620 1698 676 1738 xiij
708 1697 740 1728 11.
777 1708 797 1728 x
825 1702 847 1729 s.
879 1698 918 1729 de
946 1698 982 1738 J}
1005 1698 1083 1729 locis
1115 1699 1150 1729 in

99 1748 231 1779 Corslee.
277 1748 320 1779 Eu
336 1748 375 1779 de
390 1748 424 1778 ix
439 1747 470 1778 11.
489 1748 527 1779 de
544 1748 607 1779 alio'
629 1748 698 1779 loco
722 1748 756 1778 in
775 1748 910 1779 Corslee.
956 1749 999 1779 Et
1014 1749 1052 1779 de
1068 1749 1103 1779 ix
1117 1749 1150 1780 11.

97 1797 136 1828 de
151 1797 340 1828 Torwodlee.
387 1798 428 1828 Et
444 1797 483 1828 de
498 1798 533 1828 ix
548 1798 579 1828 11.
605 1798 644 1829 de
667 1797 833 1838 Blyndlee.
880 1798 922 1828 Et
945 1798 983 1829 de
1006 1799 1040 1828 ix
1063 1799 1094 1829 11.
1111 1799 1150 1829 de

97 1846 315 1878 Galloscheiis.
361 1847 404 1878 Et
419 1847 457 1878 de
473 1847 507 1878 ix
530 1847 561 1878 11
579 1847 618 1878 de
641 1847 794 1888 Mosylee.
841 1848 883 1878 Et
906 1848 945 1878 de
969 1849 1024 1888 xiij
1042 1848 1073 1879 11.
1092 1859 1112 1879 x
1127 1853 1149 1880 s.

98 1895 137 1927 de
161 1896 196 1937 j}
223 1896 301 1927 locis
324 1896 360 1926 in
383 1896 536 1927 Farnelee
563 1897 602 1927 de
629 1897 715 1928 dicta
738 1897 845 1927 warda
868 1897 907 1927 de
930 1897 1024 1928 dictis
1047 1898 1150 1929 tribus

97 1945 249 1976 sserminis.
297 1945 428 1976 Summa
465 1946 575 1977 totalis
613 1947 811 1978 oneracionis
850 1950 956 1987 preter
986 1948 1150 1988 arreragia,

95 1992 165 2035 J‘lvj
176 1993 208 2025 11.
222 2004 243 2025 v
254 1999 276 2026 s.
323 1995 455 2026 Summa
465 1996 573 2027 totalis
584 1997 780 2028 oneracionis
791 2007 863 2027 cum
875 1997 1048 2037 arreragiis,
1058 1996 1151 2038 ij⁰xlv

98 2042 130 2074 fi„
149 2053 168 2074 v
184 2047 206 2074 s.
224 2054 245 2074 x
260 2041 290 2075 ἃ.

140 2092 287 2133 Expense
310 2093 461 2134 ejusdem.
507 2094 548 2125 In
571 2095 691 2135 primis,
715 2094 849 2126 allocate
873 2096 1069 2136 compotanti
1092 2105 1150 2136 pro

98 2141 190 2173 feodo
212 2152 269 2173 suo
297 2142 335 2174 de
362 2143 465 2175 tribus
492 2144 637 2176 terminis
665 2145 761 2186 hujus
786 2145 932 2186 compoti,
960 2145 992 2176 ix
1019 2145 1050 2177 11,
1107 2146 1150 2177 Et
