1551 2462
390 203 428 234 57
434 205 451 233 6
699 201 864 233 ROTULI
888 200 1124 234 SCACCARII
1344 203 1436 232 1468.

387 295 430 326 Et
456 295 646 327 sicerestant
669 295 795 336 lxxxxij
818 295 850 326 11.
867 305 888 326 v
911 299 933 326 s.
955 295 967 336 j
992 294 1098 326 celdra
1122 305 1141 326 v
1165 294 1248 326 bolle
1270 294 1357 326 ordei
1379 294 1435 335 xxj
1481 327 1484 330 ,
1543 309 1547 323 i

386 348 542 377 mutones.
1117 356 1120 358 ·
1360 360 1364 361 ’

173 447 265 478 Bute.
433 444 631 485 Computum
659 443 802 485 Fergusii
833 443 893 474 filii
926 443 959 474 N
961 442 1057 484 igelli,
1081 442 1245 474 camerarii
1274 441 1314 474 de
1344 442 1437 480 Bute,

392 493 603 534 [Edinburqh
617 494 662 524 13
676 494 756 534 July
770 494 866 531 1468,
874 493 965 533 from
980 494 1001 524 6
1016 493 1095 534 July
1110 493 1203 531 1467.

434 543 559 583 Olzarqe.
605 543 752 579 Arrears,
768 543 866 573 „sy-⁷93
881 543 944 573 13s.
961 541 1048 583 nd]

432 592 526 629 Item,
541 592 627 623 idem
639 596 750 623 onerat
766 602 799 622 se
813 591 853 622 de
862 589 888 632 jc
904 591 949 632 xlj
966 591 998 622 Ti.
1016 591 1094 632 xviij
1106 595 1129 623 ἔ.
1139 591 1171 631 vj
1188 591 1218 623 d.
1228 601 1285 632 per
1296 590 1436 632 integras

389 642 495 672 firmas
513 641 591 672 tocis
608 641 713 672 insule
736 641 775 672 de
799 641 883 672 Bute
906 641 945 672 (18
962 641 1087 672 duobus
1110 641 1258 672 terminis
1278 641 1363 672 infra
1377 638 1441 672 hoc'

391 694 587 732 computum.
634 691 676 721 Et
699 691 738 721 de
761 701 783 721 x
805 691 837 722 fi„
862 691 901 722 de
925 691 1051 732 fogagio
1073 691 1213 722 nemoris
1235 691 1275 722 de
1297 691 1381 722 Bute
1397 691 1436 722 de

391 751 476 772 anno
500 741 643 781 computi
667 744 700 772 et
723 740 762 772 de
787 751 870 771 anno
895 740 1085 781 precedente
1102 740 1162 771 hoc
1184 743 1380 781 computum,
1398 740 1438 773 de

389 790 508 831 quibus
547 794 736 831 computans
773 790 883 821 omisit
913 800 946 821 se
984 800 1115 821 onerare
1145 790 1180 820 in
1217 800 1301 821 anno
1331 790 1438 831 elapso
1483 831 1487 833 λ

391 842 523 871 Summa
539 840 649 871 totalis
665 840 861 871 oneracionis
879 842 986 880 preter
1008 839 1174 883 arreragia,
1186 838 1213 879 j⁰
1228 839 1250 880 lj
1267 839 1299 870 fi.
1316 840 1396 880 xviij
1413 844 1437 871 ἔ.

389 889 421 929 vj
438 889 467 920 d.
525 889 657 920 Summa
678 889 788 920 totalis
811 889 1007 920 oneracionis
1030 898 1104 920 cum
1118 889 1290 931 arreragiis,
1310 888 1358 930 iij⁰
1381 889 1438 920 xlv

390 939 423 970 fi.
441 939 485 979 xij
503 943 525 970 s.
544 949 564 969 v
578 939 607 969 d.

432 988 475 1019 Et
490 998 556 1019 non
571 991 682 1019 onerat
694 998 728 1019 se
741 987 779 1019 de
791 987 891 1018 firmis
906 987 1012 1019 insule
1022 988 1061 1019 de
1074 988 1190 1026 Arane,
1202 988 1278 1030 quia
1289 988 1438 1020 dominus
1494 1028 1497 1031 η

390 1048 447 1069 rex
462 1038 619 1069 concessit
634 1037 754 1068 dictam
769 1037 909 1068 insulam
925 1047 999 1068 cum
1015 1038 1082 1069 suis
1097 1038 1304 1079 pertinenciis
1319 1038 1439 1070 Thome
1484 1032 1488 1034 γ

393 1087 476 1118 Boid
499 1087 609 1118 comiti
632 1086 672 1118 de
687 1087 794 1118 Arane
810 1090 842 1118 et
865 1086 993 1118 domine
1008 1087 1113 1118 Marie
1136 1088 1234 1119 sorori
1249 1098 1313 1125 sue,
1328 1098 1388 1118 nec
1403 1088 1442 1119 de
1479 1119 1487 1129 ζ
1543 1095 1546 1124 J

389 1136 501 1167 martis
518 1139 574 1167 aut
589 1135 684 1166 ordeo
700 1135 851 1176 ejusdem,
867 1135 924 1166 sed
939 1135 978 1167 de
994 1136 1105 1167 martis
1121 1139 1153 1167 et
1168 1137 1262 1168 ordeo
1277 1137 1382 1169 insule
1398 1136 1438 1169 de

389 1186 480 1223 Bute,
497 1186 553 1217 sed
568 1186 748 1217 onerandus
763 1188 812 1217 est
827 1189 900 1226 post
915 1196 1044 1226 presens
1060 1190 1253 1227 computum.

433 1236 580 1276 Expense
604 1235 755 1276 ejusdem.
802 1236 843 1266 In
865 1236 986 1276 primis,
1009 1235 1144 1267 allocate
1166 1237 1365 1278 computanti
1381 1247 1438 1278 per

389 1285 585 1316 solucionem
597 1285 715 1316 factam
728 1285 852 1316 duobus
863 1284 1037 1325 capellanis
1050 1284 1324 1317 celebrantibusin
1336 1290 1439 1318 castro

389 1335 429 1366 de
445 1335 528 1365 Bute
551 1338 583 1365 et
606 1334 728 1375 capella
758 1335 849 1365 beate
872 1334 1000 1375 Brigide
1023 1344 1122 1375 prope
1144 1335 1268 1366 dictum
1291 1338 1438 1373 castrum,

387 1384 638 1425 percipientibus
664 1385 832 1415 annuatim
856 1385 895 1416 de
919 1384 1018 1416 firmis
1043 1384 1127 1415 dicte
1150 1385 1255 1416 insule
1270 1385 1439 1417 duodecim
1487 1384 1490 1386 ’

387 1434 484 1465 libras
508 1434 651 1474 quinque
674 1434 791 1465 solidos
814 1437 847 1465 et
869 1437 1007 1475 quatuor
1029 1434 1175 1465 denarios
1191 1444 1231 1465 ex
1246 1434 1438 1466 fundacione

388 1486 421 1514 et
444 1483 611 1514 elimosina
636 1483 719 1523 regis
744 1483 886 1523 antiqua,
912 1486 950 1513 ut
975 1486 1065 1524 patet
1091 1483 1126 1513 in
1153 1483 1293 1524 antiquis
1316 1483 1438 1522 rotulis,
1463 1480 1470 1487 ”

387 1532 466 1573 ipsis
483 1532 659 1563 fatentibus
681 1535 847 1572 receptum
870 1542 966 1573 super
988 1536 1175 1573 computum
1198 1532 1237 1563 de
1253 1543 1337 1564 anno
1353 1544 1437 1565 com-

388 1631 427 1662 de
443 1631 587 1667 Dunbar,
604 1640 717 1671 sponse
730 1630 866 1671 [domini
877 1630 900 1661 J
902 1630 1037 1661 ohannis
1049 1630 1252 1672 Culquhone]
1266 1631 1305 1662 (18
1317 1631 1438 1669 80118111,
1464 1655 1466 1658 ,
1479 1626 1490 1651 ῖ”
1539 1643 1545 1675 ;

389 1679 511 1716 militis,
537 1680 572 1710 in
598 1682 722 1720 partem
749 1679 921 1710 solucionis
949 1682 1080 1710 centum
1106 1689 1285 1711 marcarum
1307 1680 1367 1712 sibi
1384 1691 1440 1722 per
1473 1691 1494 1712 ·.
1540 1682 1544 1687 ’

388 1728 556 1760 dominum
578 1738 683 1769 regem
706 1728 747 1759 ad
769 1738 861 1759 suam
884 1731 1002 1759 etatem
1023 1728 1139 1769 viginti
1161 1729 1257 1760 unius
1273 1730 1350 1760 anni
1365 1739 1438 1762 con-

390 1788 559 1814 cessarum,
581 1781 619 1808 ut
641 1782 731 1819 patet
753 1777 787 1808 in
810 1777 923 1809 rotulis
946 1778 1190 1819 precedentibus
1212 1783 1245 1810 et
1261 1789 1317 1820 per
1331 1779 1451 1813 literas.
1487 1811 1489 1814 .

389 1827 512 1858 domini
539 1827 620 1868 regis
645 1827 705 1858 sub
735 1827 860 1868 privato
885 1831 1028 1858 ostensas
1057 1837 1153 1868 super
1182 1832 1378 1869 computum,
1399 1828 1439 1861 de

389 1887 473 1908 anno
499 1877 642 1918 computi
669 1880 701 1908 et
727 1876 787 1907 sub
811 1877 953 1917 periculo
979 1877 1204 1917 computantis,
1230 1889 1298 1909 xxx
1320 1878 1352 1910 fi„
1396 1878 1440 1910 Et
1475 1895 1489 1911 .·
1536 1883 1537 1887 ’

390 1926 534 1957 Johanni
557 1926 716 1963 Huntare,
739 1926 865 1957 custodi
895 1926 1062 1957 damarum
1085 1927 1123 1958 de
1146 1927 1378 1970 Litileumbray
1399 1928 1438 1960 de

390 1986 474 2006 anno
490 1975 642 2016 computi,
658 1986 701 2005 xx
725 1979 748 2006 ἔ.
793 1975 836 2006 Et
859 1986 915 2016 per
937 1975 1133 2008 solucionem
1156 1977 1274 2008 factam
1296 1977 1440 2009 Johanni
1471 1996 1474 2005 1

389 2025 518 2056 domino
535 2024 673 2056 Dernlee
689 2035 746 2065 pro
769 2025 913 2056 custodia
935 2026 1032 2056 castri
1053 2025 1092 2057 de
1110 2025 1290 2067 Rothissay,
1305 2026 1438 2069 percipi-

389 2074 458 2105 enti
475 2074 610 2105 durante
625 2073 793 2105 voluntate
809 2074 892 2114 regis
914 2075 1125 2116 quadraginta
1147 2085 1270 2107 marcas
1291 2076 1331 2107 de
1346 2075 1440 2108 dictis
1455 2099 1458 2101 -
1483 2074 1494 2105 '·
1515 2096 1522 2103 ⁷-

389 2123 498 2161 firmis,
522 2126 559 2154 ut
586 2126 675 2164 patet
700 2133 757 2164 per
783 2123 894 2155 literas
926 2123 1048 2155 domini
1077 2124 1159 2166 regis
1189 2127 1331 2157 ostensas
1357 2135 1440 2157 811110
1478 2126 1483 2133 ”
