1551 2462
384 243 444 271 110
695 240 860 272 ROTULI
884 239 1120 272 SCACCARH
1167 281 1169 283 Ι
1342 242 1431 271 1462.

381 333 469 365 ordei
485 344 540 374 per
565 333 705 374 integras
733 343 911 375 grassumas
936 333 1041 364 insule
1066 333 1104 364 de
1133 333 1217 364 Bute
1242 332 1281 364 de
1297 332 1434 364 termino

382 383 491 415 Sancti
515 383 650 414 Martini
674 383 759 414 infra
782 383 841 414 hoc
865 386 1056 424 compotum,
1073 383 1149 423 quia
1171 386 1250 413 tunc
1266 382 1436 413 solvuntur

380 436 516 464 tantum.
563 434 605 464 Et
628 433 667 464 de
683 433 716 474 iij
736 433 849 464 celdris
874 433 930 474 viij
956 433 1049 464 bollis
1073 433 1094 473 ij
1125 432 1248 463 ferlotis
1275 432 1362 463 ordei
1379 442 1436 472 per

381 484 520 524 integras
545 493 724 524 grassumas
749 483 854 514 insule
881 483 919 513 de
944 482 1053 513 Arane
1080 482 1119 513 de
1150 482 1261 513 eodem
1290 481 1434 512 termino.

382 533 514 564 Summa
530 532 638 563 totalis
664 532 861 563 oneracionis
889 542 964 562 cum
991 531 1164 572 arreragiis,
1191 542 1258 562 xxx
1284 531 1387 562 celdre
1412 531 1434 571 ij

382 582 495 613 ferlote
511 582 606 613 ordei.

425 632 574 672 Expense
598 630 748 672 ejusdem.
795 631 835 662 In
860 630 980 672 primis,
997 630 1130 662 allocate
1154 630 1352 671 compotanti
1378 640 1436 671 pro

382 681 474 712 feodo
505 691 562 712 suo
594 681 632 712 de
663 681 800 711 termino
832 681 980 721 compoti,
1008 680 1020 721 j
1052 680 1166 711 celdra.
1212 680 1254 711 Et
1284 679 1436 711 Gilcristo

382 731 497 762 Leiche
513 731 552 762 de
575 730 746 771 grassumis
769 734 852 761 terre
876 730 915 761 de
939 730 1191 771 Kerylawmond
1214 730 1275 761 sibi
1290 739 1438 761 concesse

382 791 423 812 ex
452 780 558 821 gracia
581 780 704 811 domini
727 780 817 821 regis,
845 780 884 811 de
909 780 994 811 dicto
1021 780 1158 811 termino
1184 783 1217 811 et
1242 780 1302 811 sub
1327 779 1437 810 eodem

382 830 574 867 testimonio,
605 840 626 860 v
647 829 740 862 bolle.
785 830 828 860 Et
855 829 966 866 eidem,
989 839 1046 870 per
1075 829 1295 860 vendicionem
1327 829 1437 860 decem

383 879 562 911 celdrarnm
578 879 666 910 ordei
681 879 885 910 venditarum
901 889 957 920 per
980 882 1215 920 compotantem
1231 879 1270 910 de
1286 879 1437 910 mandato

166 946 331 976 Respondebit
385 930 528 970 magistri
554 929 662 960 David
685 929 819 966 Guthre,
844 929 1043 966 thesaurarii,
1075 929 1217 970 precium
1248 929 1352 960 celdre
1382 939 1438 960 sex

167 977 280 1029 tssffiffih
281 1006 331 1028 rius
384 990 497 1016 marce,
536 989 590 1020 pro
638 979 847 1020 quadraginta
891 978 983 1009 libris
1027 979 1162 1019 receptis
1206 988 1263 1019 per
1300 979 1439 1010 eundem

167 1043 211 1065 pro
222 1036 247 1058 xl
258 1035 286 1058 11.
333 1024 339 1035 '
384 1029 618 1060 thesaurarium
646 1033 678 1059 et
706 1039 761 1069 pro
793 1028 909 1069 quibus
940 1027 1153 1068 respondebit,
1184 1039 1205 1058 x
1236 1028 1348 1060 celdre.
1395 1029 1438 1059 Et

384 1078 518 1109 allocate
551 1078 749 1119 compotanti
783 1088 840 1118 per
876 1077 1102 1109 liberacionem
1139 1078 1258 1108 factam
1295 1078 1438 1109 Johanni

384 1128 448 1159 Ros
479 1128 518 1159 de
543 1128 725 1165 Halkhede,
748 1127 854 1165 militi,
879 1127 918 1158 de
943 1127 1094 1158 mandato
1121 1127 1243 1159 domini
1269 1128 1351 1168 regis
1378 1128 1438 1158 sub

383 1178 507 1219 signeto
523 1181 650 1209 ostenso
674 1188 769 1218 super
791 1180 975 1218 compotum
999 1180 1031 1208 et
1053 1177 1163 1208 literas
1186 1177 1265 1208 dicti
1279 1177 1439 1208 Johannis

384 1228 423 1259 de
440 1231 566 1268 recepto
583 1228 683 1259 eciam
700 1230 842 1258 ostensas
859 1237 954 1267 super
969 1230 1161 1268 compotum,
1176 1227 1198 1268 ij
1216 1227 1329 1264 celdre,
1345 1237 1440 1268 super

382 1278 502 1318 quibus
527 1277 711 1318 inquirendi
739 1281 815 1307 sunt
841 1276 963 1307 domini
987 1276 1027 1308 de
1054 1277 1186 1308 consilio
1215 1277 1289 1317 quis
1319 1277 1440 1318 recepit

381 1337 544 1358 summam
559 1332 617 1367 pro
632 1326 684 1357 eis.
731 1327 773 1357 Et
787 1326 901 1363 eidem,
917 1336 974 1366 per
985 1326 1208 1357 vendicionem
1223 1326 1339 1357 factam
1355 1326 1439 1357 vice-

384 1376 496 1407 comiti
512 1377 551 1407 de
568 1377 660 1413 Bute,
675 1376 818 1416 precium
835 1375 940 1406 celdre
956 1385 1012 1406 sex
1027 1385 1142 1412 marce,
1157 1385 1254 1416 quam
1269 1376 1440 1416 pecuniam

384 1426 505 1466 recepit
521 1425 705 1456 Alexander
721 1425 857 1465 Napare,
874 1424 973 1461 miles,
990 1428 1068 1455 tunc
1083 1428 1303 1465 compotorum
1319 1425 1438 1456 rotula-

384 1478 435 1505 tor
448 1475 510 1515 [et]
524 1474 662 1506 reddidit
673 1477 857 1514 compotum
867 1474 906 1505 de
917 1473 1045 1510 eisdem,
1054 1474 1100 1514 iiij
1113 1474 1225 1505 celdre,
1273 1475 1315 1505 Et
1326 1475 1440 1513 eidem,

385 1534 442 1565 per
459 1524 678 1555 vendicionem
695 1524 830 1554 duarum
853 1523 1032 1554 celdrarum
1056 1523 1143 1554 ordei
1165 1524 1367 1555 venditarum
1384 1534 1441 1566 per

171 1594 218 1616 Res
237 1592 335 1616 ondebit
386 1576 623 1614 oompotantem
661 1575 692 1604 et
741 1573 919 1603 solutarnm
965 1573 1116 1614 magistro
1161 1573 1269 1604 David
1307 1573 1441 1612 Guthre,

171 1623 336 1675 ἓιῑὲξᾶξιῇἃῆω
386 1623 591 1660 thesaurario,
605 1623 746 1664 precium
758 1622 862 1654 oeldre
873 1633 927 1653 sex
938 1633 1051 1659 marce,
1063 1623 1133 1663 ipso
1145 1623 1267 1655 fatente
1277 1627 1441 1664 receptum

171 1683 201 1705 de
213 1682 254 1711 viij
268 1681 298 1705 11.-
337 1669 342 1681 '
387 1683 482 1714 super
498 1676 691 1713 compotum,
714 1673 736 1712 ij
766 1672 879 1709 oeldre,
895 1682 952 1712 pro
972 1673 1117 1713 pecuniis
1139 1672 1351 1714 respondebit.
1397 1673 1441 1704 Et

385 1722 530 1754 Johanni
548 1722 629 1758 Scot,
646 1722 774 1758 cursori,
791 1732 830 1753 ex
846 1722 951 1762 gracia
974 1722 1096 1752 domini
1111 1722 1201 1762 regis,
1216 1722 1251 1753 -in
1266 1722 1359 1754 feodo
1375 1733 1441 1759 sun,

387 1771 584 1803 thesaurario
607 1775 746 1802 testante
770 1771 958 1802 mandatum
975 1781 1070 1812 super
1086 1775 1277 1812 compotum,
1298 1772 1310 1813 j
1328 1772 1414 1803 bolla
1427 1772 1439 1812 j

388 1822 508 1853 ferlota
555 1821 598 1852 Et
623 1821 738 1857 eidem,
769 1831 828 1861 per
858 1821 1079 1852 vendicionem
1097 1825 1233 1861 quatuor
1260 1821 1442 1853 celdrarum

388 1872 475 1903 ordei
491 1871 610 1902 factam
626 1870 763 1901 Roberto
784 1869 912 1901 domino
936 1870 1004 1901 Lile
1027 1881 1083 1911 per
1106 1870 1271 1901 domiuum
1287 1881 1393 1912 regem
1409 1874 1442 1902 et

388 1921 534 1952 dominos
550 1920 588 1951 de
604 1919 744 1956 consilio,
759 1922 797 1949 ut
819 1922 908 1959 patet
930 1930 986 1960 per
1009 1919 1117 1951 literas
1141 1920 1262 1951 domini
1284 1921 1366 1962 regis
1382 1920 1441 1951 sub

174 1984 314 2014 Inquirendi
389 1972 512 2012 signeto
530 1970 692 2001 unicornis
709 1972 850 2000 ostensas
867 1979 962 2009 super
978 1972 1170 2010 compotum,
1182 1970 1325 2010 precium
1337 1970 1442 2001 celdre

174 2014 334 2067 {ffissiflgffmi
347 2013 375 2036 de
390 2031 445 2052 sex
462 2030 575 2056 marce,
592 2019 636 2059 iiij
656 2018 769 2056 eeldre,
785 2028 880 2059 super
897 2018 1013 2058 quibus
1029 2019 1213 2059 inquirendi
1229 2023 1305 2050 sunt
1320 2019 1442 2050 domini

390 2071 428 2101 de
452 2069 584 2101 consilio
609 2069 680 2109 quis
703 2067 823 2108 recepit
848 2068 1024 2108 pecuniam.
1071 2068 1112 2099 Et
1141 2079 1197 2109 per
1220 2069 1442 2100 vendicionem
1472 2063 1478 2073 “

390 2123 527 2161 quatuor
543 2118 700 2149 bellarum
726 2120 758 2149 et
783 2117 879 2148 trium
905 2117 1091 2148 ferlotarum
1117 2128 1174 2158 per
1196 2121 1440 2159 compotantem,

389 2169 539 2201 videlicet
570 2167 745 2199 solutarum
770 2166 974 2204 thesaurario,
997 2167 1036 2198 de
1063 2167 1168 2208 precio
1198 2168 1348 2209 predicto,
1373 2168 1442 2208 ipso
