1551 2462
221 1077 387 1107 Respondebit

222 1108 310 1135 Wales,

221 1137 346 1161 rotulator.

281 1287 325 1310 Do.

222 1425 402 1456 Comitatus

223 1468 262 1500 de
280 1469 305 1499 F
306 1469 368 1510 yse.

443 244 504 273 652
756 241 921 273 ROTULI
945 241 1183 279 SCACCARH
1402 243 1492 272 1469.
1549 257 1551 268 ·

439 335 544 367 warda
575 338 730 367 terrarum
760 336 800 367 de
830 335 934 376 Lesly,
957 346 1093 376 quarum
1123 335 1233 366 decem
1262 335 1378 366 librate
1420 345 1492 366 cum

438 385 603 427 maritagio
630 386 755 417 heredis
781 385 954 416 earundem
985 385 1170 416 conceditur
1196 385 1326 416 domino
1351 384 1432 415 Boid
1461 388 1499 416 et‘

437 435 504 466 suis
531 435 699 476 assignatis
723 446 780 476 pro
804 438 947 476 tempore
973 435 1159 476 hujusmodi
1183 435 1288 466 warde
1307 434 1493 466 Alexandro

436 484 533 526 Lesly
555 485 764 526 oomputanti,
785 488 822 516 ut
852 488 942 526 patet
965 495 1022 526 per
1047 485 1156 516 literas
1183 484 1305 516 domini
1327 484 1410 525 regis
1432 483 1515 525 sub·

437 534 562 575 privato
589 537 621 566 et
647 534 883 575 subscripcione
909 534 947 565 de
971 534 1172 566 concessione
1199 537 1232 566 et
1262 534 1340 565 dicti
1371 533 1493 565 domini

437 584 518 616 Boid
534 585 594 616 sub
610 594 668 615 suo
693 584 798 625 sigillo
821 584 861 615 de
884 584 1101 625 assignacione
1124 587 1266 615 ostensas
1289 593 1385 625 super
1407 594 1492 615 com-

436 638 562 674 putum,
584 634 623 665 de
647 644 731 665 anno
755 634 905 674 computi,
929 644 950 664 x
966 633 997 664 fi.
1043 634 1086 664 Et
1108 633 1222 670 eidem,
1237 633 1276 665 de
1299 633 1399 664 firmis
1429 636 1493 664 ter-

436 694 543 714 rarum
556 684 595 714 de
612 683 740 721 Quiltis,
752 683 913 724 Myltoun,
925 683 1097 720 Camblew,
1113 683 1278 724 Drumyis,
1291 686 1323 714 et
1339 682 1493 720 Brakatil,
1514 709 1519 712 .

437 743 499 774 que
523 736 599 764 sunt
621 732 788 764 tenandrie
811 732 850 763 de
873 732 969 772 Lesly
991 733 1026 763 in
1049 733 1155 764 warda
1179 732 1356 770 existentis,
1381 736 1492 764 exten-

437 783 586 814 dencium
602 782 769 813 annuatim
785 782 825 812 ad
841 782 950 813 decem
966 781 1073 819 libras,
1085 786 1121 813 ut
1133 783 1245 814 asserit
1258 783 1492 824 computansin
1514 803 1516 806 >

437 843 494 863 suo
522 832 714 872 juramento,
745 831 902 862 concessis
933 841 989 872 per
1019 824 1186 863 domiuum
1209 842 1325 873 regem
1348 835 1491 873 tempore
1507 836 1518 841 ²

437 882 543 913 warde
569 881 751 918 earundem,
778 884 816 912 ut
839 884 930 922 patet
953 891 1010 922 per
1039 881 1148 913 literas
1179 881 1301 912 domini
1323 881 1406 923 regis
1432 881 1492 913 sub

437 931 562 972 privato
578 930 617 962 de
633 930 834 962 concessione
850 933 993 961 ostensas
1016 941 1112 972 super
1135 935 1331 972 computum,
1347 932 1385 963 de
1408 942 1492 963 anno

436 981 588 1022 computi,
603 991 625 1011 x
641 980 674 1012 fi.
719 980 761 1011 Et
771 990 827 1021 per
839 979 1034 1011 solucionem
1045 980 1162 1011 factam
1173 980 1257 1012 dicto
1270 983 1492 1022 computorum
1514 1011 1516 1013 ,

436 1031 603 1062 rotulatori
624 1040 682 1071 per
706 1030 925 1071 recepcionem
951 1030 1072 1061 Thome
1094 1030 1186 1067 Yare,
1211 1030 1296 1061 dicto
1318 1030 1492 1062 rotulatore

437 1081 559 1112 fatente
589 1082 754 1121 receptum
785 1089 880 1120 super
909 1083 1106 1120 computum,
1136 1091 1203 1110 xxx
1221 1079 1263 1117 Π,
1285 1090 1343 1121 pro
1375 1072 1514 1121 quibus*

436 1129 648 1171 respondebit.
693 1130 736 1160 Et
780 1129 893 1166 eidem,
922 1140 980 1170 per
1016 1129 1212 1161 solucionem
1250 1129 1368 1161 factam
1407 1130 1492 1161 dicto

435 1180 605 1212 rotulatori
627 1180 667 1211 de
689 1179 862 1221 grassumis
879 1179 1028 1220 Symonis
1050 1180 1275 1217 Duncaueson,
1297 1180 1367 1220 ipso
1390 1180 1491 1211 eciam

436 1230 559 1262 fatente
574 1232 738 1270 receptum
755 1239 850 1270 super
865 1232 1060 1270 computum,
1076 1229 1121 1270 vij
1137 1229 1169 1261 ri.
1187 1239 1229 1260 xv
1246 1233 1278 1266 s„
1293 1239 1351 1270 pro
1374 1229 1492 1270 quibus

437 1280 539 1311 eciam
569 1279 778 1320 respondebit.
826 1278 958 1310 Summa
981 1289 1203 1319 expensarum,
1225 1278 1318 1320 lxxiij
1335 1279 1367 1310 fi.
1391 1290 1437 1310 xx
1459 1278 1489 1310 d.

437 1330 479 1360 Et
495 1329 540 1361 sic
555 1332 679 1360 restant
694 1328 764 1360 lxix
780 1327 811 1359 fi.
827 1328 862 1369 iij
880 1332 903 1359 s.
921 1339 941 1359 x
957 1328 986 1360 d.

481 1429 673 1470 Compotum
703 1428 822 1459 Thome
858 1427 1034 1465 Simsoune,
1064 1427 1235 1468 receptoris
1266 1428 1430 1459 firmarum
1456 1430 1490 1459 et

437 1489 607 1520 granorum
629 1470 772 1509 ‘dominii
801 1477 839 1508 de
871 1477 960 1518 Fyfe,
985 1477 1194 1518 [Edinbmssqh
1217 1478 1259 1508 929
1289 1478 1369 1518 July
1393 1478 1490 1516 1469,
1511 1481 1514 1485 ’

427 1530 518 1570 from
532 1529 554 1566 lp
571 1527 648 1568 July
663 1527 756 1565 1468.
1504 1525 1509 1530 ’

481 1578 604 1618 Charyo.
650 1576 795 1613 Arrears,
811 1576 865 1607 ,432
881 1576 944 1607 103.
962 1575 1072 1618 1172d]

479 1628 573 1664 Item,
603 1626 688 1657 idem
713 1629 824 1656 onerat
854 1635 888 1656 se
914 1625 953 1657 de
976 1624 1116 1666 jexxvfi.
1145 1626 1189 1666 vij
1214 1630 1236 1657 ἔ.
1254 1626 1297 1666 η’
1322 1626 1350 1657 d.
1379 1626 1428 1658 ob.
1455 1625 1487 1666 vj

435 1726 522 1758 ordei
548 1726 591 1766 vij
625 1725 739 1756 celdris
769 1735 815 1765 111J
848 1724 941 1755 boUis
972 1723 994 1765 ij
1021 1724 1143 1755 ferlotis
1168 1734 1240 1756 cum
1271 1725 1370 1756 tercia
1399 1728 1490 1766 parte

435 1776 548 1808 ferlote
565 1784 738 1806 avenarum
753 1784 810 1814 per
824 1773 965 1814 integras
981 1773 1088 1804 firmas
1108 1773 1243 1814 pecunie
1266 1777 1299 1805 et
1320 1770 1489 1815 granorum

435 1826 538 1867 prime
559 1824 659 1866 partis
682 1823 817 1855 dominii
839 1823 879 1854 de
895 1823 976 1863 Fyfe
992 1823 1076 1854 dicte
1089 1823 1287 1863 quarterium
1304 1823 1342 1855 de
1359 1823 1503 1855 Uchtir-.

436 1879 557 1916 mucty,
573 1874 612 1905 de
639 1874 762 1904 duobus
793 1873 939 1904 terminis
965 1873 1062 1913 hujus
1093 1873 1242 1914 compoti,
1258 1884 1320 1914 que
1347 1872 1495 1915 particu-'

435 1925 545 1956 lariter
560 1923 766 1955 continentur
781 1922 816 1953 in
831 1925 978 1963 compoto
1001 1922 1078 1953 anni
1098 1922 1287 1963 sexagesimi
1310 1923 1400 1954 sexti.
1445 1920 1502 1954 Εἰ

436 1975 476 2006 de
491 1973 607 2013 lxxxiij
624 1971 655 2003 fi.
673 1972 729 2013 viij
746 1976 769 2002 s.
787 1972 818 2012 vj
836 1971 864 2002 d.
878 1972 891 2012 j
909 1971 1016 2003 celdra
1032 1982 1053 2002 v
1069 1971 1163 2002 bollis
1176 1972 1188 2012 j
1206 1971 1320 2003 ferlota
1337 1971 1488 2004 frumenti

437 2024 493 2064 xiij
526 2023 640 2054 celdris
670 2022 713 2062 vij
741 2021 835 2052 bonis
862 2031 936 2052 cum
962 2021 1038 2052 bina
1061 2023 1151 2062 parte
1182 2021 1294 2053 ferlote
1321 2022 1407 2053 ordei
1431 2021 1503 2063 xxj:

438 2073 552 2105 celdris
580 2073 601 2113 ij
629 2071 751 2103 ferlotis
779 2081 953 2102 avenarum
980 2071 1070 2112 xxxij
1095 2071 1208 2102 celdris
1235 2072 1408 2103 carbonum
1432 2081 1508 2113 per.

436 2124 576 2164 integras
606 2122 713 2153 firmas
744 2120 822 2151 dicti
852 2120 986 2151 dominii
1016 2120 1167 2160 quarterii
1194 2120 1232 2152 de
1259 2121 1422 2152 Faucland
1447 2120 1486 2152 de

438 2173 523 2204 dicto
546 2172 687 2203 dominio
710 2171 749 2202 de
773 2170 893 2202 eisdem
915 2170 1068 2202 terminis.
1114 2170 1157 2201 Et
1180 2170 1218 2202 de
1241 2169 1324 2212 iij⁰lij
1348 2170 1380 2202 11
1403 2181 1447 2202 xv
1461 2173 1484 2202 ἒ»
