1551 2462
353 266 413 295 148
662 264 827 296 ROTULI
850 263 1086 296 SCACCARH
1310 265 1404 295 1462.

352 356 547 388 solucionem
570 355 842 388 factam'domino
865 357 1051 388 Alexandro
1074 357 1212 397 Napare,
1227 359 1306 387 tunc
1322 366 1406 387 com-

351 409 503 447 putorum
525 406 704 443 rotulatori,
728 406 767 437 ad
797 416 953 447 expensas
976 406 1130 437 domicilii
1153 405 1280 436 domini
1305 405 1407 436 nostri

351 455 434 497 regis
450 458 592 496 tempore
609 466 671 496 quo
687 456 884 486 ministravit
899 456 933 486 in
956 455 1041 486 dicto
1065 455 1167 486 officio
1183 457 1406 496 computorum

350 505 543 542 rotulatoris,
566 505 635 546 ipso
660 506 780 536 fatente
803 509 966 546 receptum
990 515 1085 546 super
1108 507 1292 545 compotum
1318 507 1351 535 et
1367 504 1405 535 de

351 555 467 595 quibus
490 554 630 585 reddidit
656 558 850 595 compotum,
869 553 978 594 j⁰lxiiij
1004 553 1035 584 11¹.
1064 564 1108 584 xv
1133 557 1156 584 ἓ.
1177 554 1190 594 j
1216 553 1244 584 d.
1291 553 1333 584 Et
1349 563 1406 594 per

350 603 546 635 solucionem
573 604 690 634 factam
721 603 824 634 eidem
854 603 982 634 domino
1020 602 1205 634 Alexandro
1234 605 1406 644 postquam

136 676 301 706 Respondebit
349 653 489 684 reddidit
511 656 703 694 compotum,
718 656 752 683 et
774 652 813 683 de
829 652 945 693 quibus
968 662 1033 683 non
1048 652 1193 683 oneravit
1208 662 1241 683 se
1263 652 1298 682 in
1320 652 1406 695 dicto

136 706 240 735 Napare.
351 705 505 743 compoto,
532 713 576 733 xx
591 702 632 739 fi„
659 712 716 743 pro
737 701 854 742 quibus
876 701 1088 742 respondebit.
1133 701 1177 732 Et
1199 701 1327 738 eisdem,
1349 712 1407 742 per

349 751 574 783 liberacionem
591 752 708 782 factam
720 751 872 792 magistro
884 751 992 782 David
1009 750 1359 787 Guthre„thesaurario,
1371 751 1406 781 in

349 812 414 832 una
444 811 559 842 magna
586 801 733 832 duodena
771 811 921 831 vasorum
945 804 1160 838 stauneorum,
1189 800 1292 831 tribus
1323 800 1404 838 ollis,

351 854 383 882 et
399 861 463 882 uno
480 851 602 887 cacabo,
618 861 675 891 per
690 850 909 891 recepcionem
924 850 1069 890 magistri
1084 850 1217 880 Roberti
1228 850 1403 887 Forestare,

135 897 299 949 gffiffigdffi‘gt
349 900 526 938 senescalli,
570 900 655 931 dicto
696 900 894 931 thesaurario
940 900 1062 930 fatente
1106 902 1271 940 receptum
1309 909 1404 940 super

134 944 262 979 samarius.
349 953 542 991 compotum,
564 950 621 990 viij
645 949 677 979 11⁴.
701 949 735 989 iij
755 953 787 986 s„
803 959 860 990 pro
884 949 1000 990 quibus
1024 948 1237 989 respondebit.
1283 948 1326 979 Et
1349 959 1404 989 per

349 999 544 1030 solucionem
557 999 673 1029 factam
681 998 785 1029 eidem
794 998 992 1029 thesaurario
1001 998 1036 1028 in
1046 998 1140 1030 certis
1150 990 1266 1039 emptis
1277 998 1404 1029 domine

348 1048 461 1086 Marie,
474 1049 573 1079 sorori
583 1048 704 1079 domini
719 1048 810 1089 regis,
820 1049 889 1089 ipso
901 1048 1097 1079 thesaurario
1110 1047 1231 1079 fatente
1241 1051 1405 1088 receptum

193 1102 238 1126 Do.
349 1109 444 1139 super
457 1102 649 1139 compotum,
664 1098 698 1138 iij
710 1097 741 1128 fi.
756 1098 812 1128 xix
828 1102 850 1129 s.
864 1097 920 1138 viij
938 1097 977 1135 d„
989 1108 1046 1138 pro
1059 1097 1177 1138 quibus
1188 1097 1400 1138 respondebit.

348 1147 391 1178 Et
416 1147 543 1184 eisdem,
569 1158 627 1188 per
651 1147 847 1179 solucionem
873 1147 992 1178 factam
1019 1147 1123 1178 eidem
1148 1147 1346 1178 thesaurario
1369 1147 1403 1177 in

348 1197 513 1238 speciebus
537 1200 569 1228 et
584 1196 737 1228 chandria
759 1197 800 1228 ad
823 1207 978 1238 expensas
1002 1197 1156 1228 domicilii
1175 1196 1297 1228 domini
1313 1197 1404 1237 regis,

348 1247 417 1287 ipso
428 1247 550 1278 fatente
562 1250 726 1287 receptum
739 1257 835 1287 super
847 1250 1039 1288 compotum,
1048 1245 1153 1288 jcxviij
1165 1246 1196 1277 11
1210 1247 1264 1287 xvj
1278 1251 1300 1277 ἒ.
1318 1247 1350 1287 xj
1364 1246 1404 1284 d„

193 1299 237 1322 Do.
348 1306 406 1336 pro
422 1296 539 1336 quibus
555 1296 766 1336 respondebit.
814 1297 872 1337 [To
887 1297 959 1327 said
983 1296 1151 1327 Trcasurer
1158 1297 1217 1337 for
1230 1297 1403 1333 household,

350 1346 455 1376 „ewa
502 1345 589 1382 Sum,
605 1346 705 1377 „8953
720 1346 760 1376 Os.
777 1346 827 1377 Sd.
875 1346 1018 1383 Balanea,
1033 1347 1130 1384 ‚240949
1155 1347 1218 1377 IOs.
1242 1346 1305 1386 M]
1351 1346 1402 1377 De

348 1394 474 1434 quibus,
513 1394 647 1425 allocate
694 1395 895 1435 computanti
941 1405 998 1435 per
1043 1395 1239 1427 solucionem
1283 1395 1401 1427 factam

348 1443 478 1474 Andree
500 1443 569 1474 Ker
591 1453 648 1483 pro
665 1443 808 1474 custodia
823 1444 920 1475 castri
936 1444 975 1474 de
990 1443 1198 1485 Edynburgh,
1213 1444 1403 1486 percipienti

348 1492 382 1523 in
410 1502 493 1523 anno
521 1492 674 1523 ducentas
697 1503 828 1530 marcas,
844 1493 913 1534 ipso
936 1493 1067 1524 Andrea
1090 1493 1212 1525 fatente
1239 1497 1402 1535 receptum

348 1552 444 1582 super
465 1545 660 1582 computum,
681 1545 714 1573 et
736 1542 887 1583 magistro
908 1542 1015 1573 David
1039 1542 1173 1580 Guthre,
1196 1543 1402 1581 thesaurario,

348 1594 488 1622 testante
514 1591 702 1622 mandatum
728 1591 930 1623 dominorum
955 1603 1050 1633 super
1076 1596 1271 1633 computum,
1295 1592 1402 1634 j⁰lxxx

134 1635 336 1688 ἓζξξέιῑᾞὲῑτξὲ
349 1640 391 1677 H„
431 1650 527 1680 super
566 1640 682 1680 quibus
714 1643 746 1671 et
782 1641 898 1682 viginti
928 1641 1018 1672 libris
1049 1642 1184 1683 receptis
1225 1642 1264 1673 de
1301 1643 1402 1674 firmis

134 1694 245 1723 Ker‚ete.
350 1689 465 1720 foreste
489 1689 527 1720 de
550 1689 658 1720 Ettrik
685 1691 936 1731 computandum
967 1695 1016 1722 est
1045 1701 1118 1722 cum
1150 1692 1235 1723 dicto
1261 1692 1400 1724 Andrea.

348 1739 391 1769 Et
421 1738 533 1775 eidem,
563 1749 619 1779 per
649 1739 844 1771 solucionem
875 1740 993 1771 factam
1023 1741 1144 1772 Jacobo
1174 1741 1300 1778 Ledale,
1323 1745 1402 1773 tunc

348 1788 499 1829 magistro
538 1788 643 1819 averie
681 1789 883 1820 dominorum
913 1790 995 1831 regis
1026 1794 1058 1821 et
1093 1791 1208 1831 regine,
1238 1801 1295 1831 pro
1328 1791 1400 1822 feno

347 1847 405 1878 per
442 1847 516 1868 eum
554 1841 660 1878 empto
694 1841 727 1869 et
758 1838 929 1879 expendito
961 1849 1056 1880 super
1094 1849 1191 1879 equos
1228 1840 1400 1871 eorundem

349 1890 423 1918 ante
453 1886 643 1918 divisionem
674 1887 916 1924 domiciliorum,
941 1891 972 1919 et
1003 1899 1066 1919 non
1102 1889 1221 1920 intrato
1245 1890 1280 1920 in
1309 1889 1399 1922 libris

349 1936 517 1973 dictarum,
533 1939 569 1966 ut
585 1939 674 1977 patet
689 1946 744 1977 per
760 1936 894 1974 eosdem,
911 1937 950 1968 de
966 1937 1117 1969 mandato
1140 1938 1344 1970 dominorum
1360 1939 1399 1971 de

348 1985 489 2022 consilio,
507 1985 701 2016 thesaurario
717 1988 855 2017 testante
878 1986 1067 2018 mandatum
1090 1998 1184 2028 super
1204 1992 1399 2029 computum,

348 2035 380 2074 vj
412 2034 443 2065 H.
473 2035 529 2075 xiij
561 2038 584 2065 s.
612 2035 659 2075 iiij
691 2034 719 2066 d.
765 2035 808 2066 Et
838 2035 949 2073 eidem,
972 2046 1029 2077 per
1058 2037 1253 2068 solucionem
1280 2038 1399 2069 factam

348 2083 486 2114 Patricio
503 2083 663 2121 Cokburn,
679 2084 713 2114 in
736 2083 865 2124 plenam
888 2085 1082 2117 solucionem
1106 2086 1190 2118 feodi
1206 2087 1245 2118 de
1260 2088 1397 2118 termino

348 2132 574 2164 Penthecostes
586 2133 709 2170 ultimo,
725 2133 764 2164 de
777 2134 886 2165 eodem
898 2135 1049 2166 mandato
1062 2139 1093 2167 et
1109 2136 1168 2167 sub
1181 2136 1291 2167 eodem
1306 2137 1396 2168 testi-

347 2182 462 2220 monio,
475 2182 506 2223 vj
519 2182 550 2213 n.
563 2182 619 2224 xiij
633 2186 655 2214 s.
669 2182 714 2224 iiij
727 2182 755 2214 d.
801 2183 843 2214 Et
855 2183 939 2215 dicto
952 2184 1156 2225 compotanti,
1165 2195 1222 2226 pro
1232 2185 1397 2226 speciebus
