1551 2462
364 268 381 296 8
690 263 854 295 ROTULI
878 263 1096 295 SCACCARI
1325 266 1417 295 1460.

362 359 551 390 mandatum
567 367 662 398 super
678 360 870 398 compotum,
885 357 918 387 ix
934 356 967 389 ri.
1011 357 1055 388 Et
1078 357 1190 394 eidem,
1207 367 1263 398 pro
1279 357 1313 398 iij
1331 357 1415 398 pipis

362 409 432 440 vini
457 408 521 440 albi
544 407 687 439 Pictavie
710 407 826 448 emptis
850 417 905 448 per
929 411 1166 448 compotantem
1190 411 1222 438 et
1244 407 1350 439 missis
1374 407 1415 438 ad

336 473 337 478 ¹
363 458 533 500 collegium
564 458 602 489 de
635 457 861 494 Lfflcloudane,
892 460 924 488 et
962 457 1143 498 expenditis
1175 461 1318 498 tempore
1348 467 1414 498 quo

362 508 472 549 regina
489 511 556 539 erat
570 507 690 538 ibidem
714 517 788 538 cum
803 507 913 547 regina
936 510 968 538 et
984 507 1127 548 principe
1151 507 1277 548 Anglie,
1301 511 1333 538 et
1348 517 1413 538 non

363 558 491 589 intratis
521 558 556 588 in
586 557 677 588 libris
708 556 871 593 domicilii,
901 559 938 587 ut
971 557 1047 587 fides
1078 556 1163 587 facta
1192 557 1297 588 fuerat
1322 567 1417 598 super

364 611 548 649 compotum
571 618 628 648 per
658 606 778 647 privati
809 606 907 647 sigilli
937 600 1102 637 custodem
1134 610 1167 638 et
1198 609 1417 647 compotorum

363 658 579 695 rotulatorem,
603 657 659 696 xiij
684 656 716 687 11
748 667 770 687 x
793 660 817 688 s.
862 656 904 687 Et
928 666 985 697 pro
1009 656 1119 687 decem
1142 656 1260 697 pinctis
1283 656 1353 687 vini
1375 656 1416 687 ad
1465 658 1474 661 ’

362 707 562 748 implendum
589 707 689 738 dictas
705 707 808 747 pipas,
830 716 851 737 v
875 710 898 737 s.
944 706 987 736 Et
1009 716 1066 747 pro
1091 706 1227 747 cariagio
1255 705 1414 737 dictarum

363 757 511 798 piparum
538 767 648 788 versus
673 756 853 797 collegium,
878 756 968 796 xxxij
990 760 1012 787 s.
1059 756 1102 786 Et
1125 755 1228 786 eidem
1251 765 1308 796 per
1330 755 1415 786 solu-
1435 769 1438 771 Α
1478 763 1501 770 ·’

363 806 487 837 cionem
510 806 628 837 factam
651 806 779 837 domino
802 806 824 836 J
827 805 945 836 ohanni
969 805 1094 842 Oarleil,
1119 804 1273 846 magistro
1297 805 1416 836 stabuli

363 855 491 887 domine
515 856 632 897 regine,
663 855 702 886 de
733 855 885 886 mandato
915 855 1038 885 domini
1068 854 1249 886 Alexandri
1279 855 1416 896 Napare,

363 909 580 946 compotorum
591 904 774 936 rotulatoris
790 914 847 945 pro
859 904 1059 945 reparacione
1072 904 1234 941 sellarum,
1244 904 1416 942 frenorum,

363 955 520 986 ferratura
549 964 712 995 equorum,
749 964 872 985 necnon
912 956 944 984 et
982 953 1118 984 aliorum
1157 954 1417 990 necessariorum,

363 1004 607 1045 expenditorum
638 1004 673 1034 in
698 1003 824 1034 stabulo
856 1003 984 1034 domine
1010 1004 1118 1044 regine
1145 1014 1163 1034 a
1194 1013 1303 1035 mense
1333 1003 1417 1034 Julii

362 1054 439 1084 anni
462 1053 594 1085 Domini
619 1056 677 1084 etc.
701 1053 1038 1094 quinquagesiminoni
1056 1063 1158 1094 usque
1183 1053 1308 1084 obitum
1334 1053 1416 1084 bone

362 1100 513 1134 memorie
537 1103 659 1134 domini
681 1102 764 1143 regis
788 1102 941 1139 defuncti,
965 1106 1001 1133 ut
1025 1106 1114 1144 patet
1136 1103 1171 1133 in
1194 1102 1306 1134 cedula
1330 1113 1414 1134 com·
1446 1098 1449 1099 ⁷

361 1153 503 1194 potantis
519 1156 551 1184 et
567 1156 604 1183 ut
620 1152 732 1183 asserit
748 1152 782 1182 in
806 1162 862 1183 suo
883 1152 1077 1192 juramento,
1101 1152 1180 1193 xxiij
1207 1152 1239 1183 fi.
1256 1152 1311 1193 viij
1330 1156 1354 1183 s.
1366 1151 1414 1192 jd.

361 1204 405 1234 Et
421 1203 533 1240 eidem,
543 1203 582 1234 de
598 1202 697 1234 firmis
709 1206 866 1233 terrarum
878 1203 915 1233 de
929 1202 1059 1240 Creach,
1076 1213 1112 1234 eo
1128 1202 1215 1243 quod
1227 1202 1412 1234 Willelmus

361 1253 485 1293 Agnew
506 1251 706 1293 recuperavit
729 1252 869 1283 sasinam
893 1252 1074 1289 earundem,
1098 1262 1170 1283 eum
1191 1252 1307 1292 quibus
1329 1262 1414 1283 com-

361 1306 476 1342 potens
507 1301 653 1342 superius
689 1305 847 1339 oneratur,
881 1301 959 1342 xxxj
993 1306 1016 1332 s.
1047 1301 1091 1339 jd.
1125 1302 1172 1332 ob.
1227 1302 1270 1332 Et
1300 1301 1414 1339 eidem,

361 1362 418 1392 per
441 1350 635 1381 solucionem
662 1350 780 1381 factam
803 1350 968 1382 Willelmo
992 1350 1265 1388 Edmondstoune,
1289 1351 1414 1382 custodi

362 1400 458 1431 castri
475 1399 513 1430 de
529 1400 637 1436 Treve,
653 1410 709 1440 pro
726 1399 817 1431 feodo
841 1400 862 1430 J
865 1399 1000 1430 ohannis
1016 1400 1204 1437 M‘Lellane,
1221 1401 1414 1442 carpentarii

361 1449 537 1480 laborantis
553 1449 636 1480 circa
651 1450 887 1490 reparacionem
910 1450 987 1480 tecti
1011 1449 1089 1481 dicti
1111 1450 1214 1488 castri,
1231 1454 1263 1481 et
1279 1451 1413 1482 divesris

361 1499 432 1530 aliis
460 1499 609 1540 negociis,
633 1499 672 1529 de
695 1499 847 1530 mandato
871 1499 993 1530 domini
1023 1499 1114 1540 regis,
1138 1500 1268 1531 custode
1294 1499 1414 1540 privati

361 1549 459 1590 sigilli
470 1552 609 1580 testante
625 1549 813 1580 mandatum
830 1559 925 1590 super
941 1554 1134 1590 compotum,
1151 1550 1203 1580 vn.
1220 1550 1252 1590 vj
1270 1554 1294 1581 s.
1310 1550 1365 1588 viij
1382 1550 1412 1581 d.

360 1600 403 1630 Et
418 1599 530 1636 eidem,
543 1609 599 1640 pro
615 1598 647 1639 iij
667 1598 760 1630 bollis
776 1599 852 1630 salis
868 1599 967 1639 grossi
978 1599 1094 1640 emptis
1109 1609 1165 1640 per
1175 1597 1418 1640 eompotantem'

361 1652 393 1680 et
430 1648 536 1679 missis
567 1648 607 1679 ad
638 1648 808 1689 collegium
838 1648 878 1679 de
905 1648 1133 1689 Lyncloudane
1171 1639 1313 1690 tempore
1349 1659 1412 1690 quo

360 1698 469 1739 regina
484 1698 602 1738 recepit
617 1698 759 1738 reginam
783 1697 899 1738 Anglie
923 1702 955 1728 et
977 1697 1165 1739 principem,
1183 1702 1215 1729 et
1231 1698 1411 1739 expenditis

359 1748 488 1786 ibidem,
503 1748 579 1779 lieet
595 1758 659 1778 non
674 1747 802 1778 intratis
818 1748 852 1778 in
868 1747 957 1778 libris
983 1748 1145 1784 domicilii,
1162 1748 1286 1788 equalis
1301 1748 1410 1789 precii,

360 1808 425 1828 xxx
450 1802 473 1829 s.
519 1798 562 1828 Et
585 1797 697 1834 eidem,
719 1807 775 1837 per
798 1797 1016 1828 remissionem
1033 1798 1150 1828 factam
1173 1808 1228 1838 per
1244 1797 1411 1828 dominum

359 1858 465 1888 regem
475 1847 556 1878 bone
572 1846 723 1878 memorie
739 1845 924 1877 Alexandro
942 1847 1076 1878 Stewart
1090 1847 1127 1878 de
1140 1848 1238 1878 firmis
1255 1851 1410 1879 terrarum

359 1896 399 1928 de
416 1896 578 1932 Clachare,
593 1906 666 1927 cum
687 1896 804 1936 quibus
821 1900 1006 1937 compotans
1030 1897 1174 1937 superius
1191 1902 1348 1935 oneratur,
1371 1898 1411 1929 de

359 1947 462 1977 tribus
478 1946 622 1977 terminis
641 1945 885 1986 precedentibus
907 1946 967 1977 hoc
983 1950 1175 1987 compotum,
1199 1951 1235 1978 ut
1250 1951 1340 1988 patet
1354 1958 1411 1988 per

359 1996 467 2027 literas
491 1995 612 2027 domini
633 1995 714 2036 regis
730 1995 865 2036 predicti
885 1996 944 2026 sub
969 1995 1092 2036 signeto
1117 1999 1150 2026 et
1173 1997 1409 2038 subscripcione

359 2050 501 2076 ostensas
518 2055 613 2086 super
629 2048 823 2085 compotum,
840 2045 870 2085 vj
888 2043 919 2074 ri.
935 2048 978 2075 xs.
1025 2044 1067 2075 Et
1083 2044 1121 2076 de
1138 2045 1237 2076 firmis
1253 2050 1408 2077 terrarum

359 2095 398 2125 de
415 2095 542 2136 Sannag
557 2094 773 2125 assedatarum
795 2094 923 2125 domino
946 2094 1088 2125 dolianni
1106 2094 1213 2132 Carlil,
1229 2096 1335 2133 militi,
1351 2106 1407 2136 per

359 2144 468 2175 literas
491 2145 573 2175 bone
589 2144 741 2176 memorie
757 2144 878 2175 domini
893 2144 975 2185 regis
998 2144 1152 2182 defuncti,
1176 2155 1212 2176 eo
1236 2156 1299 2186 quo
1323 2146 1407 2178 dicte

358 2198 440 2225 terre
461 2193 647 2226 asseclantur
670 2194 755 2225 dicto
779 2193 907 2225 domino
930 2193 1073 2225 ‹Iohanni
1099 2205 1156 2235 per
1172 2194 1272 2226 dictas
1296 2195 1404 2227 literas
