1551 2462
336 218 395 247 2:36
649 214 813 247 ROTULI
838 214 1072 247 SCACOARII
1295 217 1386 246 1464.

333 312 443 341 serunt
470 319 503 340 se
531 319 604 340 cum
629 309 758 346 eisdem,
775 319 832 340 nec
849 311 1038 349 computans
1055 311 1205 339 oneratus
1228 312 1295 340 erat
1311 319 1385 339 cum

334 359 405 390 aliis
422 359 513 390 terris
531 369 628 399 quam
651 369 684 390 se
708 362 818 390 onerat
833 359 868 389 in
891 359 1032 399 presenti
1049 361 1206 399 computo.
1253 358 1322 389 Nec
1346 358 1385 389 de

334 409 527 449 quibusdam
554 408 625 440 aliis
657 408 778 446 wardis,
809 408 945 445 releviis,
977 408 1103 445 finibus,
1134 407 1298 445 eschaetis,
1328 411 1385 439 aut

334 459 472 490 exitibus
490 458 648 490 dictorum
663 458 885 496 dominiorum,
902 459 978 499 quia
995 458 1095 489 nichil
1110 457 1183 498 plus
1199 457 1314 489 accidit
1329 467 1386 498 per

333 510 461 548 tempus
478 507 629 548 computi,
645 511 681 538 ut
698 508 810 539 asserit
827 511 1016 548 computans
1032 507 1066 537 in
1081 517 1140 538 suo
1156 511 1361 538 sacramento.

377 558 525 598 Expense
549 557 698 597 ejusdem.
746 557 787 588 In
809 557 930 598 primis,
947 556 1080 588 allocate
1104 556 1305 597 computanti
1327 566 1384 597 pro

333 607 431 638 tercia
446 606 554 638 debita
570 617 684 647 sponse
707 606 729 637 J
731 606 866 637 ohannis
891 606 1019 647 Ogilvy‚
1034 606 1157 643 militis,
1173 606 1212 637 de
1229 606 1382 637 comitatu

333 656 478 688 Moravie
493 656 576 687 inira
592 656 851 687 vicecomitatum
867 656 905 687 de
921 655 1027 696 Elgyn
1051 666 1125 687 cum
1141 655 1384 696 Glenquharny,

333 716 406 738 cum
417 706 533 746 quibus
546 709 734 746 computans
744 706 889 746 superius
900 709 1057 742 oneratur,
1071 705 1109 736 de
1123 705 1225 736 tribus
1238 705 1384 736 terminis

332 755 429 795 hujus
453 756 596 796 computi
618 756 677 786 sub
700 755 842 796 periculo
866 755 1082 795 computantis
1106 754 1146 786 de
1168 754 1266 786 libere
1285 754 1383 786 intro-

333 805 437 836 ductis
464 805 592 836 domino
619 805 693 846 regi,
718 804 866 845 lxxxxiiij
899 804 931 835 fi.
957 804 979 844 ij
1005 809 1028 835 s.
1055 804 1090 845 iij
1116 803 1144 835 d.
1210 804 1254 835 Et
1279 804 1383 835 eidem

333 865 455 895 sponse,
479 865 535 895 pro
560 854 658 885 tercia
683 854 744 885 sibi
767 854 874 885 debita
898 854 975 885 dicti
998 853 1168 885 comitatus
1191 853 1275 884 infra
1300 853 1384 885 vice-

333 905 522 936 comitatum
552 904 590 935 de
615 904 711 935 Fores
739 904 778 934 de
805 903 899 934 dictis
934 903 1081 934 terminis
1119 906 1150 934 et
1177 903 1238 934 sub
1273 903 1384 934 eodem

332 954 482 994 periculo,
505 953 552 984 lix
575 953 606 984 fi.
631 963 652 983 v
668 957 690 984 ἔ.
735 953 779 984 Et
797 953 939 993 quinque
955 952 1129 993 capellanis
1152 944 1385 984 celebrantibus

333 1003 367 1033 in
384 1002 516 1033 ecclesia
532 1002 708 1033 cathedrali
723 1002 919 1033 Moraviensi
934 1002 969 1032 in
992 1001 1114 1042 capella
1139 1001 1249 1033 Sancti
1264 1002 1384 1033 Thome

334 1052 492 1093 martyris,
509 1062 548 1083 ex
572 1051 764 1084 fundacione
790 1051 913 1082 domini
936 1051 1055 1082 Thome
1078 1050 1244 1092 Ranulphi
1260 1051 1385 1082 comitis

333 1101 479 1133 Moravie
496 1103 528 1132 et
544 1101 787 1132 confirmacione
803 1100 925 1132 domini
947 1100 1080 1133 Roberti
1098 1100 1181 1142 regis
1204 1100 1308 1142 primi,
1324 1100 1384 1133 sub

333 1151 475 1193 periculo
500 1151 727 1192 computantis,
752 1150 790 1181 de
816 1150 911 1182 dictis
935 1150 1039 1182 tribus
1065 1150 1220 1188 terminis,
1243 1149 1325 1191 xxiij
1351 1150 1382 1181 Ii.

333 1201 390 1241 xiij
409 1205 432 1233 ἕ.
449 1201 479 1241 vj
498 1200 526 1231 d.
572 1201 615 1231 Et
631 1200 795 1241 capellano
811 1200 986 1232 celebranti
1002 1200 1038 1231 in
1053 1200 1164 1232 eadem
1179 1200 1313 1231 ecclesia
1327 1210 1385 1241 pro

334 1251 441 1282 anima
471 1250 633 1291 quondam
660 1250 741 1291 regis
783 1250 942 1287 Duncani,
973 1260 1013 1281 ex
1043 1249 1236 1281 fundacione
1263 1249 1386 1281 domini

334 1300 510 1331 Alexandri
526 1300 608 1340 regis
625 1300 766 1337 secundi,
782 1299 973 1340 percipienti
989 1300 1157 1331 annuatim
1173 1299 1385 1341 quadraginta

335 1349 451 1380 solidos
468 1349 506 1380 de
531 1349 631 1379 firmis
654 1349 732 1380 ville
748 1349 787 1380 de
803 1348 917 1389 Elgyn,
934 1348 1065 1389 dempta
1087 1349 1194 1386 tercia,
1211 1349 1250 1380 de
1266 1349 1385 1381 eisdem

334 1398 489 1435 terminis,
505 1398 540 1429 xl
556 1403 578 1429 ἓ.
625 1398 668 1430 Et
695 1397 860 1438 capellano
877 1397 1051 1429 celebranti
1073 1398 1108 1428 in
1124 1398 1236 1429 eadem
1253 1398 1386 1430 ecclesia

334 1447 469 1478 fundato
485 1457 580 1487 super
597 1447 738 1479 dominio
754 1447 793 1478 de
810 1447 978 1478 Lambride
991 1457 1047 1488 per
1063 1448 1214 1478 baronem
1230 1447 1382 1487 ejusdem,

334 1497 523 1538 percipienti
572 1497 738 1528 annuatim
785 1507 842 1527 sex
886 1507 1017 1533 marcas,
1053 1496 1092 1528 de
1137 1496 1231 1528 dictis
1281 1497 1384 1528 tribus

335 1546 480 1578 terminis
505 1546 563 1577 sub
589 1545 700 1577 eodem
731 1545 880 1586 periculo,
908 1546 940 1586 vj
966 1545 998 1577 fi.
1064 1545 1238 1586 Capellano
1263 1546 1385 1578 domini

334 1596 416 1637 regis
433 1595 606 1627 celebranti
622 1595 656 1626 in
679 1598 781 1626 castro
798 1595 836 1626 de
860 1594 975 1636 Elgyn,
993 1595 1127 1626 fundato
1151 1605 1206 1636 per
1222 1596 1384 1636 quondam

335 1646 356 1677 J
359 1646 493 1676 acobum
509 1645 548 1676 de
558 1645 693 1676 Dunbar
709 1644 858 1675 comitem
868 1644 1012 1675 Moravie
1029 1644 1068 1675 (18
1083 1644 1178 1675 terris
1194 1644 1233 1675 de
1249 1645 1384 1686 Pettyn-

335 1695 431 1726 drech
469 1698 501 1725 et
540 1694 722 1734 Greifschip
760 1694 799 1724 de
829 1693 944 1735 Elgyn,
986 1693 1176 1735 percipienti
1217 1696 1384 1727 annuatim

335 1744 445 1775 decem
467 1753 597 1780 marcas,
621 1743 751 1784 dempta
772 1743 870 1774 tercia
893 1743 1001 1774 debita
1023 1753 1138 1784 sponse
1160 1742 1239 1774 dicti
1261 1743 1384 1776 domini

335 1794 495 1826 Johannis
519 1793 645 1835 Ogilvy,
667 1793 707 1825 de
729 1793 824 1825 dictis
847 1793 1002 1830 terminis,
1026 1794 1057 1834 vj
1081 1793 1113 1825 112
1138 1793 1195 1834 xiij
1219 1798 1244 1826 ἔ.
1274 1794 1321 1835 iiij
1352 1794 1382 1827 d.

335 1844 378 1874 Et
415 1843 580 1884 capellano
617 1843 703 1874 beati
733 1842 890 1874 Leonardi
925 1853 1021 1884 prope
1059 1843 1162 1881 Fores,
1195 1844 1385 1885 percipienti

336 1893 503 1924 annuatim
518 1892 661 1934 quinque
676 1892 773 1923 libras
790 1892 828 1923 de
844 1892 944 1923 firmis
961 1892 1039 1924 dicti
1060 1894 1238 1931 comitatus,
1255 1894 1385 1935 dempta

336 1943 435 1974 tercia
461 1946 498 1974 ut
528 1952 632 1982 supra,
655 1941 707 1976 der
724 1941 818 1973 dictis
845 1942 999 1979 terminis,
1025 1953 1047 1973 v
1073 1942 1104 1974 Π.
1150 1943 1193 1974 Et
1219 1943 1383 1984 capellano

336 1991 458 2023 domini
473 1991 555 2031 regis
571 1990 745 2023 celebranti
760 1991 794 2021 in
810 1993 912 2022 castro
928 1990 967 2022 de
982 1990 1097 2032 Elgyn,
1112 2002 1170 2032 pro
1193 2002 1284 2033 pane,
1299 1992 1385 2029 vino,
1424 2031 1427 2034 ἱ

336 2045 368 2072 et
391 2051 470 2078 cera,
487 2040 526 2072 de
550 2040 643 2072 dictis
666 2040 768 2071 tribus
784 2040 938 2077 terminis,
954 2051 975 2071 v
992 2045 1015 2072 Ξ.
1032 2041 1066 2082 iij
1084 2041 1114 2073 d.
1158 2042 1201 2072 Et
1216 2041 1328 2079 eidem,
1344 2042 1384 2074 de

336 2091 435 2121 firmis
452 2090 585 2121 dominii
601 2089 640 2121 (18
655 2089 824 2121 Lambride
846 2089 930 2121 infra
946 2090 1204 2122 vicecomitatum
1224 2091 1263 2122 de
1279 2091 1384 2132 Elgyn

336 2140 375 2173 ad
392 2139 647 2174 anniversarium
663 2139 824 2182 quondam
841 2138 965 2172 domini
980 2139 1002 2171 J
1005 2139 1141 2173 ohannis
1156 2141 1195 2173 de
1216 2141 1388 2183 Invernys,
