1551 2462
154 867 319 896 Respondebit

153 903 232 919 comcs
243 897 333 919 Rossie.

153 1567 318 1596 Respondebit

154 1597 288 1620 Celestiuus
300 1598 330 1621 de

158 1626 255 1650 Insulis.

370 278 409 306 20
682 275 846 308 ROTULI
870 275 1108 308 soAccARu
1332 279 1424 308 1460.
1478 249 1514 326 ᾗ,-
1531 270 1533 273 ’

368 371 553 410 compotans
591 369 711 410 recepit
745 372 777 400 et
813 369 933 400 locavit
964 369 998 400 10
1032 368 1220 401 lai-denariis
1260 369 1424 410 predictis,

367 419 510 459 precium
540 419 628 460 pecie
656 418 798 460 quinque
825 419 930 456 solidi,
953 418 1113 450 allocandi
1139 418 1321 450 husbandis
1345 419 1424 450 dicti
1453 459 1478 468 ,ἡ
1504 447 1506 449 .
1528 427 1537 458 j

369 468 579 509 episcopatus,
605 469 636 510 vj
664 469 696 500 fi.
722 479 766 499 xv
792 473 815 500 ἔ.
870 469 913 499 Et
939 469 1052 506 eidem,
1080 468 1118 500 de
1137 468 1237 500 firmis
1258 471 1424 506 terrarum,

368 518 580 557 baroniarum,
596 522 628 549 et
644 518 858 550 dominiorum
875 518 913 550 de
937 519 1034 559 Petty
1049 522 1082 550 et
1104 516 1276 559 Braehlyn,
1292 518 1431 559 LeffareL

370 568 563 605 Stratberne,
579 568 699 599 Awach
714 571 746 599 et
758 568 932 599 Eddirdull
947 578 1009 609 que
1022 568 1174 599 dicuntur
1184 567 1424 605 Ardmannach,

369 618 579 649 Strathnarne
596 618 734 659 demptis
748 618 874 649 duabus
890 618 997 649 teroiis
1016 618 1199 655 earundem,
1212 622 1244 649 et
1260 618 1424 655 Bonnoch,

369 678 431 708 que
461 678 570 699 omnes
601 670 684 699 terre
707 667 889 708 supradicte
920 671 996 699 sunt
1019 668 1058 699 de
1082 668 1276 709 proprietate
1303 668 1424 699 domini

349 710 460 759 'regis‚
483 718 624 759 exceptis
649 717 860 748 Strathnarne
883 727 945 758 que
976 721 1054 748 sunt
1076 717 1115 749 de
1138 717 1246 748 warda
1271 717 1424 758 ejusdem,

369 767 498 799 baronie
515 767 553 798 de
567 766 743 808 Kylmylys
763 767 964 807 episcopatus
981 767 1195 798 Moraviensis
1212 767 1340 798 domino
1356 766 1424 808 regi

368 817 543 858 spectantis
559 816 685 847 racione
709 816 860 847 vacancie
884 816 963 847 dicti
986 816 1198 857 episcopatus,
1214 827 1254 848 ex
1278 827 1314 848 eo
1336 816 1423 857 quod

368 877 473 898 comes
511 867 631 903 Rossie,
667 866 843 897 vicecomes
881 866 920 897 de
959 866 1127 908 Invernys,
1157 866 1278 907 recepit
1316 867 1422 897 firmas
1503 863 1534 888 Ἃ

368 916 525 948 dictarum
552 920 710 955 terrarum
731 916 771 947 ad
793 926 908 947 manus
931 916 1074 957 proprias
1105 916 1144 947 de
1167 916 1253 947 dicto
1276 916 1423 954 termino,

367 965 471 1008 ijcvjl‘i.
485 967 515 1007 vj
533 970 555 997 ἓ.
572 976 594 996 v
609 965 638 996 d.
655 965 713 1002 ob„
723 975 779 1006 pro
792 965 909 1006 quibus
926 965 1138 1006 respondebit.
1185 966 1228 996 Et
1241 966 1352 1003 eidem,
1365 976 1423 1007 per

368 1015 564 1047 solucionem
587 1015 706 1046 factam
728 1014 915 1046 Alexandro
939 1015 1104 1056 Flemyng,
1128 1015 1279 1056 magistro
1303 1015 1425 1047 fabrice

368 1065 407 1096 de
432 1065 599 1106 Invernys,
623 1075 679 1106 pro
703 1065 947 1106 superexpensis
971 1065 1036 1096 suis
1060 1065 1153 1096 factis
1181 1075 1276 1106 super
1302 1065 1422 1096 dictam

368 1115 531 1153 fabricam,
543 1118 580 1146 ut
595 1119 695 1156 patet,
711 1115 805 1146 dictis
822 1115 970 1155 expensis
987 1115 1123 1146 ostensis
1133 1125 1228 1156 super
1238 1119 1421 1156 compotum

368 1168 401 1196 et
413 1176 452 1196 ex
465 1165 722 1197 consideracione
734 1165 926 1203 auditorum,
935 1166 978 1206 vij
991 1165 1067 1206 nxj
1082 1169 1104 1196 s.
1122 1165 1165 1206 vij
1179 1165 1208 1196 d.
1254 1165 1297 1196 Et
1309 1165 1422 1202 eidem,

369 1215 408 1246 de
420 1215 519 1246 firmis
532 1218 689 1246 terrarum
701 1215 740 1246 de
757 1215 891 1256 Cunyns
901 1218 934 1246 et
949 1215 1185 1256 Flemyntoune
1201 1215 1420 1246 assedatarum

367 1265 467 1296 thano
478 1265 517 1296 de
530 1265 655 1302 Caldor,
670 1276 706 1296 eo
723 1264 809 1306 quod
825 1265 1059 1296 intromissores
1072 1265 1150 1296 dicti
1166 1265 1293 1296 comitis
1309 1265 1420 1296 Rossie

368 1318 522 1355 ceperunt
532 1315 639 1346 firmas
650 1315 824 1346 earundem
836 1315 875 1346 de
886 1315 970 1346 dicto
981 1315 1126 1352 termino,
1139 1315 1171 1355 vj
1185 1314 1217 1346 11.
1249 1315 1292 1345 Et
1307 1315 1422 1352 eidem,

368 1364 407 1395 de
423 1364 523 1395 firmis
545 1367 702 1399 terrarum
719 1364 758 1395 de
781 1364 958 1405 Kylmylys
982 1368 1015 1395 et
1030 1364 1160 1395 baronie
1177 1364 1215 1395 (18
1232 1363 1416 1402 Eddirdule,

368 1423 448 1453 quas
479 1413 660 1444 Celestinus
698 1413 736 1444 de
775 1413 906 1451 Insulis‚
937 1414 1133 1455 vicecomitis
1164 1414 1336 1455 deputatus
1376 1414 1415 1445 de

367 1462 535 1503 Invernys,
550 1462 671 1503 recepit
694 1463 734 1493 ad
757 1473 871 1494 manus
887 1463 1031 1503 proprias
1055 1463 1094 1495 de
1117 1463 1255 1495 termino
1280 1463 1419 1495 Penthe-

368 1518 469 1543 costes
485 1516 560 1543 ante
575 1512 636 1544 hoc
651 1516 845 1553 compotum,
868 1512 923 1553 xvj
940 1512 972 1544 Η.
989 1513 1045 1553 xiij
1071 1517 1094 1544 s.
1111 1513 1156 1554 iiij
1175 1513 1214 1550 d„
1230 1524 1286 1554 pro
1302 1513 1419 1554 quibus

367 1563 572 1603 respondebit
595 1558 700 1593 dictus
725 1562 912 1594 Celestinus.
959 1563 1002 1593 Et
1022 1563 1134 1600 eidem,
1150 1573 1206 1604 per
1221 1563 1419 1594 solucionem

367 1612 486 1643 factam
502 1612 632 1643 heraldo
648 1612 881 1643 Marchemond
898 1616 929 1643 et
947 1612 1054 1643 Ectori
1070 1613 1235 1644 Meldrum
1251 1613 1431 1655 clavigero„
1480 1599 1482 1601 ¹
1535 1611 1539 1621 '

367 1671 425 1703 pro
441 1661 589 1702 expensis
606 1671 715 1692 eorum
731 1661 925 1693 transeundo
936 1672 1045 1693 versus
1057 1663 1207 1694 comitem
1219 1663 1327 1694 Rossie
1343 1673 1418 1694 cum

367 1711 468 1742 literis
485 1711 746 1742 summonicionis
759 1711 838 1742 dicti
854 1712 979 1743 comitis
1003 1712 1043 1743 ad
1058 1712 1318 1753 parliamentum,
1333 1712 1419 1744 dicto
1443 1717 1455 1722 ‘
1483 1717 1487 1720 '

367 1760 524 1802 clavigero
560 1760 683 1792 fatente
714 1764 878 1801 receptum
913 1772 1008 1802 super
1044 1765 1237 1803 compotum,
1267 1772 1307 1793 ex
1345 1773 1418 1794 con·
1477 1760 1480 1762 ’

367 1810 560 1842 sideracione
592 1810 782 1848 auditorum,
809 1810 844 1841 xl
875 1815 897 1842 s.
943 1812 986 1842 Et
1016 1812 1139 1842 notario
1170 1812 1349 1843 transeunti
1379 1812 1419 1843 de

367 1860 474 1902 Elgyn
498 1870 608 1891 versus
641 1860 819 1900 Rosmarky
849 1860 889 1891 ad
919 1861 1159 1892 testificandum
1183 1861 1302 1892 dictam
1332 1871 1418 1892 sum·
1478 1881 1487 1901 3
1530 1858 1531 1863 ’

368 1910 589 1947 100010100810,
628 1919 668 1941 ex
712 1909 823 1940 eadem
865 1910 1130 1947 consideracione,
1167 1922 1187 1941 x
1205 1915 1228 1942 s.
1286 1907 1419 1942 Summa
1461 1913 1466 1916 “

367 1959 464 2000 hujus
480 1969 628 2001 expense,
643 1958 710 2000 v⁰iij
731 1959 763 1990 11.
780 1959 837 1990 xix
862 1965 887 1991 s.
902 1959 933 1999 xj
952 1959 981 1991 d.
1002 1960 1049 1990 ob.
1096 1960 1138 1991 Et
1161 1960 1207 1991 sic
1230 1963 1352 1991 restant
1367 1959 1418 2001 iij⁰

367 2009 425 2050 xiij
450 2009 482 2040 n.
507 2009 574 2050 xvij
599 2013 621 2040 s.
645 2009 668 2049 ij
693 2008 722 2040 d.
768 2009 818 2040 De
845 2009 971 2050 quibus,
988 2009 1117 2040 allocati
1139 2009 1336 2050 compotanti
1359 2020 1417 2050 pro

367 2059 570 2099 reparacione
596 2058 718 2099 capelle
748 2058 839 2090 beate
870 2058 1013 2099 Virginis
1044 2059 1079 2089 in
1112 2062 1221 2090 monte
1252 2059 1349 2090 castri
1378 2059 1418 2090 de

366 2107 482 2148 Elgyn,
498 2118 537 2139 ex
560 2109 762 2140 concessione
777 2108 829 2149 pie
852 2108 1004 2139 memorie
1027 2108 1148 2139 domini
1165 2108 1255 2149 regis,
1271 2113 1308 2139 ut
1327 2111 1417 2150 patet
1467 2133 1473 2136 .

366 2167 422 2198 per
433 2157 543 2189 literas
559 2168 632 2189 suas
649 2161 791 2189 ostensas
807 2168 903 2199 super
918 2162 1112 2199 compotum,
1123 2158 1162 2189 de
1178 2158 1316 2189 termino
1332 2168 1416 2189 com-

365 2207 442 2247 poti,
459 2217 503 2238 xx
519 2211 541 2238 s.
588 2207 630 2238 Et
654 2207 767 2245 eidem,
782 2217 840 2248 pro
863 2207 919 2248 xiij
945 2207 1056 2239 martis
1080 2207 1197 2248 emptis
1220 2217 1275 2248 per
1290 2217 1416 2248 compo·
1475 2241 1480 2246 Α
