1551 2462
20 254 35 263 κ
94 244 182 274 1468.
400 240 560 272 REGUM
585 240 829 272 SOOTORUM.
1073 244 1134 271 553

91 334 172 376 regis
188 338 342 365 terrarum
358 333 396 365 de
414 333 557 370 Brechin,
571 333 779 374 [Eclinbmylu
792 334 835 364 13
850 333 878 363 J
877 334 929 374 aly
945 334 1040 371 1468,
1049 333 1138 374 from

91 384 133 415 19
149 383 233 414 June
248 383 340 421 1467.

135 433 260 473 Charqe.
307 433 452 470 Arrectrs,
470 433 568 464 19197
584 434 624 464 63.
642 433 729 473 Im]

133 482 224 519 Item,
246 482 331 513 idem
356 486 465 513 onerat
489 492 522 513 se
543 482 582 513 de
608 482 651 523 vij
678 482 710 513 ii.
738 483 767 523 vj
793 486 816 513 ἔ.
840 482 897 523 viij
923 482 951 513 d.
977 482 1015 513 (16
1039 482 1138 512 firmis

26 543 30 545 ·
90 535 242 564 terrarum
259 532 297 563 de
313 532 512 573 Tuliquhilly
536 532 571 563 in
594 532 734 563 dominio
752 532 790 563 de
813 533 942 563 Nevare
959 532 998 563 de
1015 532 1138 563 duobus

23 586 26 587 ’
89 581 231 614 terminis
254 581 350 622 hujus
374 581 523 622 computi.
569 582 611 612 Ε(
634 582 673 613 (16
696 582 730 622 iij
755 582 786 613 fi.
810 582 849 613 de
873 582 972 613 firmis
996 585 1078 613 terre
1100 582 1138 612 de

90 631 248 672 Lethindy
263 631 302 662 de
318 631 412 662 dictis
427 631 579 662 terminis.
626 632 668 662 Ε(
692 632 730 663 (16
754 632 810 672 viij
835 632 866 662 11.
884 632 923 663 (16
940 632 1039 663 firmis
1056 635 1138 663 (61·16

23 685 28 690 ’
89 680 127 712 (16
143 680 337 712 Ballernach.
383 681 425 711 Ε(
441 680 480 712 (16
495 691 517 711 v
539 681 570 712 fi.
589 682 620 722 vj
645 686 667 712 e.
692 681 748 721 viij
773 681 802 713 d.
827 682 867 713 de
883 682 982 713 firmis
999 685 1080 712 terre
1097 681 1136 712 de

90 730 219 762 Nathro.
263 730 305 761 Et
321 730 359 761 de
375 741 396 761 v
411 730 442 761 fi.
459 730 490 771 vj
509 735 532 762 ἔ.
556 732 611 772 viij
636 731 665 762 d.
690 731 728 763 de
744 732 844 762 firmis
860 735 943 763 terre
960 732 998 762 de
1016 731 1138 763 Tulier-

91 780 163 812 blec.
207 780 248 811 Et
269 780 308 811 de
330 780 377 821 liij
407 784 430 812 ἔ.
457 780 503 821 iiij
530 780 558 812 d.
584 781 623 812 de
648 781 748 812 firmis
772 781 948 813 molendini
972 781 1138 813 bladorum

92 829 239 870 ejusdem.
284 830 327 860 Ε(
343 830 381 861 (16
397 830 431 871 iij
455 830 487 861 11.
512 830 551 861 (16
576 830 675 861 firmis
699 834 782 861 terre
805 831 974 872 Tulibirny
989 831 1027 862 de
1044 831 1138 862 dictis

91 878 240 910 terminis.
286 879 329 910 Ε(
345 879 384 910 (16
401 880 444 920 vij
469 884 491 911 ἔ.
517 880 555 911 (16
572 880 671 911 firmis
695 884 778 911 terre
802 881 841 911 de
857 881 1091 912 Broustercroft
1107 885 1140 912 6(

91 928 299 969 Smythicroft
310 929 348 960 de
366 929 460 960 dictis
476 930 629 961 terminis.
675 930 718 960 Ε(
734 930 772 961 (16
785 941 827 960 xv
843 930 874 961 fi.
893 931 936 971 xij
951 935 973 962 ἑ.
988 931 1026 962 (16
1039 931 1139 962 firmis

90 980 169 1009 terre
185 977 223 1008 de
245 978 482 1010 Petbintoskell.
529 979 571 1009 Ε(
588 979 626 1010 (16
649 989 670 1009 v
692 978 724 1009 fi.
750 979 792 1020 vij
818 984 840 1010 ἓ.
864 980 918 1020 viij
937 980 965 1011 d.
984 980 1022 1011 (16
1039 981 1138 1011 firmis

90 1026 266 1059 medietatis
282 1028 321 1059 de
338 1028 433 1059 Arrob
454 1028 492 1059 (16
508 1028 603 1059 dictis
619 1028 771 1060 terminis.
818 1029 861 1059 Ε(
876 1029 915 1060 (16
931 1029 977 1070 iiij
995 1029 1027 1061 11.
1044 1029 1100 1070 xiij
1116 1034 1137 1061 ἒ.

13 1061 28 1115 ’.-
90 1075 134 1117 iiij
151 1076 178 1108 d.
195 1076 234 1108 de
249 1077 349 1109 firmis
373 1077 550 1109 molendini
573 1078 612 1109 de
635 1078 739 1109 Arrot.
786 1078 828 1109 Ε(
852 1078 891 1110 (16
916 1079 961 1120 xij
986 1079 1017 1110 li.
1041 1080 1095 1120 xiij
1114 1084 1137 1111 ἓ.

91 1125 136 1167 iiij
153 1126 182 1158 d.
197 1126 236 1158 de
251 1126 350 1158 firmis
367 1130 450 1158 terre
475 1128 513 1159 (16
538 1128 680 1169 Kincrag
703 1138 775 1159 oum
794 1128 979 1160 molendino
996 1129 1136 1169 ejusdem

1 1179 30 1213 [z
93 1176 232 1208 assedate
247 1177 356 1208 comiti
380 1177 570 1209 Craufurdie
586 1188 643 1218 per
665 1178 775 1209 literas
791 1178 875 1219 regis
892 1179 952 1210 sub
969 1179 1091 1220 signeto
1108 1183 1140 1210 6(

13 1226 17 1255 Ῐ
31 1233 42 1256 ’.
91 1226 323 1267 subscripcione
336 1237 437 1268 usque
448 1228 637 1268 completam
656 1231 775 1259 etatem
792 1228 913 1259 domini
930 1229 1011 1270 regis
1024 1229 1140 1270 viginti

4 1270 36 1311 -Ῐ
91 1275 184 1307 unius
200 1286 363 1308 annorum.
409 1277 451 1308 Ε(
475 1277 514 1308 (16
537 1278 605 1318 xiiij
631 1277 662 1308 11.
688 1278 732 1318 xij
757 1277 785 1308 d.
811 1278 850 1309 de
875 1278 973 1310 firmis
997 1281 1079 1310 terre
1100 1279 1139 1310 (16

93 1375 189 1407 firmis
205 1379 285 1407 terre
301 1376 340 1408 de
364 1377 590 1408 Pettindreich.
638 1378 680 1408 Ε(
703 1377 742 1409 (16
766 1378 797 1418 vj
814 1378 847 1409 fi.
873 1379 929 1419 xiij
947 1383 969 1410 ἓ,
987 1379 1034 1419 iiij
1055 1379 1082 1411 d.
1101 1379 1139 1410 de

92 1425 284 1457 firmisterre
301 1426 339 1458 de
364 1427 516 1458 Bourkm,
563 1428 607 1458 Et
630 1428 669 1459 de
694 1428 773 1468 xviij
798 1427 829 1458 fi.
855 1428 899 1469 xij
924 1433 947 1460 s.
971 1429 1027 1470 viij
1052 1429 1082 1461 d.
1099 1429 1138 1460 de

34 1478 41 1496 ἲ
92 1474 188 1506 firmis
203 1478 358 1507 terrarum
375 1476 413 1508 de
431 1476 642 1508 Balnabreich
659 1477 698 1508 de
714 1477 833 1508 eisdem
847 1478 1001 1509 terminis.
1047 1478 1089 1509 Ε(
1099 1478 1138 1510 (16

94 1524 124 1565 vj
141 1524 293 1556 herilibus
309 1525 491 1557 salmonum
514 1536 663 1557 mensure
687 1526 725 1557 de
742 1526 932 1567 Hamburgh
950 1528 1082 1568 piscarie
1099 1528 1138 1559 de

94 1572 123 1605 le
137 1574 250 1607 Halch.
288 1575 331 1606 Ε(
346 1575 385 1607 de
401 1576 435 1616 iij
452 1575 485 1607 fi.
502 1576 533 1616 vj
552 1580 574 1607 ἔ.
587 1576 644 1617 viij
663 1575 691 1606 d.
705 1575 743 1607 de
760 1576 859 1607 firmis
875 1576 914 1607 de
930 1576 960 1607 le
976 1577 1083 1608 Halch
1100 1578 1138 1608 de

97 1623 232 1655 Brechin
248 1623 286 1655 de
303 1624 440 1655 termino
464 1625 691 1656 Penthecostes
714 1625 811 1665 hujus
823 1626 974 1666 computi,
993 1627 1048 1667 qui
1065 1637 1138 1658 cou-

3 1675 37 1710 ''ss
95 1673 196 1705 suevit
211 1674 350 1705 assedari
366 1684 423 1715 pro
439 1674 541 1705 tribus
565 1674 680 1706 celdris
697 1675 814 1706 farrine
831 1676 994 1707 avenatice
1007 1676 1020 1716 j
1034 1676 1139 1707 celdra

62 1782 66 1783 ⁷
93 1771 162 1803 lane
178 1776 305 1803 eentum
323 1773 412 1814 agnis
429 1777 460 1804 et
480 1773 690 1814 quadraginta
714 1775 811 1815 petris
828 1775 919 1812 casei,
935 1778 967 1806 6(
983 1775 1084 1806 nichil
1099 1776 1138 1807 de

43 1850 46 1852 .
94 1821 227 1853 termino
259 1822 369 1854 Sancti
401 1823 538 1854 Martini
567 1823 663 1864 hujus
695 1824 846 1865 computi,
884 1825 959 1865 quia
989 1825 1140 1866 magister

94 1870 198 1903 David
214 1872 338 1904 Gruthre
354 1873 473 1914 recepit
496 1873 681 1914 hujusmodi
703 1874 786 1905 bona
809 1877 841 1905 6(
863 1875 1067 1915 respondebit
1082 1885 1139 1915 pro

93 1919 217 1953 eisdem.
262 1922 305 1953 Ε(
324 1922 363 1953 (16
379 1933 399 1953 x
415 1922 447 1953 152
464 1922 503 1954 de
519 1923 618 1954 firmis
634 1926 791 1954 terrarum
810 1923 848 1954 de
864 1923 1084 1956 Kindrochate
1100 1925 1139 1956 de

94 1969 185 2001 dictis
198 1971 352 2003 terminis.
383 1972 426 2003 Ε(
438 1972 476 2003 (16
489 1972 523 2003 ix
535 1972 566 2003 11.
580 1972 625 2013 iiij
640 1972 668 2003 d.
680 1973 780 2004 annui
792 1973 937 2004 redditus
950 1973 988 2004 (16
1002 1974 1139 2006 Brechin

26 2091 29 2094 Α
94 2067 133 2099 (16
150 2078 256 2106 annuo
272 2070 401 2102 redditu
417 2070 455 2102 de
472 2071 703 2102 Caraldstoune
719 2072 757 2103 de
774 2073 911 2103 termino
929 2072 1037 2104 Sancti
1056 2073 1139 2104 Mar-

95 2117 154 2148 tini
169 2118 251 2149 infra
266 2119 326 2150 hoc
349 2124 545 2161 computum,
561 2121 637 2162 quia
659 2124 735 2152 bunc
758 2121 901 2152 redditur
917 2125 1051 2153 tantum.
1098 2123 1140 2153 Ε(

95 2165 134 2198 de
147 2167 159 2207 j
177 2166 258 2199 libra
273 2169 401 2201 cumine
424 2170 525 2201 annui
547 2171 691 2202 redditus
716 2171 754 2202 de
778 2171 995 2213 Newbigging.
1043 2173 1085 2204 Ε(
1101 2173 1140 2204 (16
