1551 2462
128 521 292 550 Respondebit

127 551 228 581 Guthre,
239 554 304 575 rotu-

127 580 190 604 lator

184 1168 222 1191 Do

188 1717 232 1741 Do.

125 2110 275 2142 Wardro-

125 2163 208 2194 pare.

344 276 405 306 472
649 275 812 307 ROTULI
837 276 1073 308 SCACCARH
1304 278 1394 309 1467.

342 369 543 410 computanti
559 369 643 411 quod
660 370 798 411 amplius
815 380 880 401 11011
890 370 994 401 solvat
1011 370 1131 411 absque
1144 380 1226 402 novo
1243 370 1394 401 mandato

341 418 524 451 literatorio.
570 420 612 450 Et
635 420 747 456 eidem,
770 430 827 460 per
849 420 1046 451 solucionem
1071 420 1190 451 factam
1207 420 1292 451 dicto
1309 430 1393 451 com-

341 472 493 509 putorum
503 469 670 500 rotulatori
680 469 715 500 in
727 469 952 502 venacionibus
965 469 1088 500 domini
1099 470 1181 510 regis
1195 473 1227 500 et
1242 470 1395 500 intratam

341 518 482 550 inlibris
506 518 674 556 dietarum,
698 518 742 559 lvj
760 518 790 551 fi,
816 519 873 549 xix
889 523 911 550 s.
936 519 968 559 xj
993 518 1031 555 d„
1047 529 1104 559 pro
1127 519 1244 560 quibus
1265 528 1395 559 respon-

342 568 437 600 debit.
483 568 526 599 Et
546 569 657 606 eidem,
688 579 744 609 per
770 568 995 600 liberacionem
1027 569 1146 600 factam
1176 568 1217 599 ad
1240 578 1396 609 expensas

342 617 498 649 domicilii
521 618 643 649 domini
665 618 747 659 regis
770 618 905 649 intratas
928 618 963 648 111
986 618 1077 649 libris
1094 618 1253 650 dietarum
1276 618 1396 658 absque

342 668 447 708 precio
465 668 614 699 vicesimo
631 668 743 709 quinto
766 668 954 699 Decembris
977 668 1062 700 infra
1078 668 1138 699 hoc
1161 671 1357 708 computum,
1375 677 1395 697 x

341 721 452 749 marte.
497 718 540 749 Et
554 718 666 755 eidem,
682 728 738 758 per
761 718 978 749 decidenciam
993 718 1159 748 firmarum
1182 721 1340 748 terrarum
1355 716 1394 748 de

341 767 542 808 Iuneryelde,
559 778 599 798 ex
629 778 665 798 eo
693 768 778 808 quod
803 767 926 799 rentale
952 767 1057 799 solum
1086 767 1228 798 continet
1253 767 1395 808 quinque

340 816 447 854 libras,
463 820 495 848 et
511 821 701 858 computans
711 828 785 848 cum
796 817 940 858 quinque
949 818 1040 848 libris
1057 817 1220 849 trisdecim
1237 817 1347 848 solidis
1363 820 1396 848 et

341 869 478 906 quatuor
502 866 639 897 denariis
657 867 716 897 hoc
740 877 832 904 anno,
857 866 914 907 xiij
939 871 962 898 ἔ.
979 867 1026 907 iiij
1054 866 1083 898 d.
1137 867 1180 897 Et
1205 866 1319 904 eidem,
1334 876 1393 907 pro

340 915 489 956 expensis
513 915 620 946 clerici
639 916 818 956 justiciarie
844 916 1030 956 recipientis
1053 915 1286 947 indictamenta
1309 915 1393 946 infra

340 965 587 998 senescallatum
618 965 658 996 de
689 965 885 1003 Stratherne‚
915 966 991 997 licet
1028 965 1221 997 senescallus
1252 965 1396 1006 ejusdem

341 1014 469 1045 nullum
492 1015 608 1046 exinde
633 1015 710 1046 fecit
736 1019 932 1056 computum,
956 1025 996 1046 ex
1022 1015 1278 1046 consideracione
1304 1015 1396 1046 audi-

341 1068 447 1095 torum
471 1064 531 1096 hoc
558 1075 642 1095 anno
666 1064 779 1101 solum,
804 1065 838 1095 ix
862 1069 884 1096 ἔ.
911 1065 942 1105 xj
961 1064 989 1097 (ἶ,
1036 1064 1079 1096 Et
1101 1064 1212 1102 eidem,
1239 1074 1296 1105 per
1311 1064 1396 1095 solu-

341 1114 465 1145 cionem
496 1114 615 1146 factam
653 1114 738 1146 dicto
772 1117 996 1154 computorum
1026 1114 1194 1145 rotulatori
1225 1114 1395 1155 recipienti

342 1174 438 1204 super
464 1167 659 1204 computum,
689 1163 755 1204 xvij
787 1163 829 1200 fi„
859 1173 916 1204 pro
948 1164 1064 1204 quibus
1095 1163 1308 1205 respondebit.
1353 1163 1397 1194 Et

341 1213 550 1254 computanti,
581 1223 638 1256 pro
669 1213 761 1244 feodo
784 1223 841 1244 suo
873 1213 911 1245 de
942 1223 1025 1244 anno
1057 1213 1243 1254 oomputi,l
1273 1217 1298 1245 ἒ.
1354 1213 1397 1244 Et

341 1264 488 1305 scriptori
503 1263 689 1300 rotulorum,
699 1273 755 1304 pro
769 1262 860 1294 feodo
876 1273 932 1294 suo
946 1263 984 1294 de
1001 1273 1084 1294 anno
1101 1263 1252 1304 computi,
1267 1262 1279 1293 1
1295 1267 1310 1294 ἓ
1354 1263 1398 1293 Et

341 1313 453 1351 eidem,
476 1316 606 1354 propter
637 1313 821 1347 vastitatem
845 1312 1011 1353 cujusdem
1041 1312 1140 1353 partis
1171 1316 1328 1344 terrarum
1358 1312 1397 1343 de

342 1363 650 1404 Drumquharagane
682 1362 721 1393 de
745 1362 859 1393 ultimo
876 1363 1013 1393 termino
1038 1366 1111 1394 ante
1135 1361 1194 1393 hoc
1210 1364 1397 1402 computum

342 1416 375 1444 et
399 1412 501 1453 primo
525 1412 663 1443 termino
695 1412 792 1452 liujus
823 1412 974 1452 computi,
1005 1415 1101 1452 prout
1128 1412 1205 1443 fides
1219 1412 1304 1442 facta
1333 1411 1398 1442 fuit>

343 1475 438 1505 super
454 1466 650 1504 computum,
667 1463 701 1495 xl
718 1468 741 1494 Ξ.
787 1463 830 1494 Et
845 1463 958 1501 eidem,
974 1474 1030 1504 pro
1041 1464 1106 1495 suis
1122 1463 1286 1494 laboribus
1303 1463 1396 1494 factis

343 1514 382 1545 de
398 1514 548 1544 mandato
572 1513 693 1544 domini
718 1512 798 1553 regis
822 1512 907 1543 ultra
930 1512 1049 1544 limites
1073 1512 1124 1545 sui
1146 1512 1250 1549 officii,
1266 1522 1306 1544 ex
1322 1522 1395 1543 con-

343 1564 537 1595 sideracione
560 1562 751 1599 auditorum,
774 1562 808 1602 iij
833 1562 867 1593 fi.
890 1562 921 1602 vj
940 1566 963 1592 s.
991 1562 1047 1602 viij
1072 1561 1100 1592 d.
1147 1562 1189 1592 Et
1212 1562 1324 1598 eidem,
1340 1572 1396 1602 per

343 1613 538 1645 solucionem
561 1612 681 1643 factam
711 1611 797 1641 dicto
824 1615 1048 1651 computorum
1079 1611 1255 1648 rotulatori,
1279 1611 1395 1642 fatenti

342 1666 507 1703 receptum
529 1672 624 1703 super
654 1664 850 1702 computum,
873 1671 917 1691 xx
940 1660 965 1691 fi
988 1661 1019 1701 xj
1045 1665 1059 1691 Ξ
1085 1661 1116 1701 vj
1134 1660 1173 1698 d„
1196 1671 1253 1701 pro
1277 1661 1394 1701 quibus

299 1748 307 1756 .
342 1712 555 1754 respondebit,
593 1711 669 1751 quia
717 1713 790 1751 post
842 1713 1036 1750 computum.
1098 1709 1231 1742 Summa
1275 1720 1394 1750 expeu-

343 1772 458 1798 sarum,
482 1758 541 1801 111]ο
564 1760 689 1791 lxxxxv
711 1759 742 1791 li.
774 1759 830 1800 viij
856 1764 878 1791 S.
910 1770 932 1792 X
963 1763 1072 1792 marte.
1125 1760 1168 1790 Et
1198 1760 1243 1790 sic
1273 1763 1395 1791 restant

342 1810 378 1852 ij⁰
408 1810 420 1841 1
449 1810 482 1841 fi.
514 1810 580 1850 xvij
620 1813 643 1841 s.
674 1809 705 1849 vj
738 1808 767 1839 d.
800 1809 843 1849 xij
876 1811 977 1839 marte
1012 1808 1025 1849 j
1065 1808 1170 1841 celdra
1208 1809 1263 1849 viij
1299 1809 1394 1840 bollis

342 1860 446 1891 brasii.
492 1860 543 1891 De
558 1859 675 1900 quibus
688 1862 765 1889 sunt
780 1857 819 1891 de
836 1858 1002 1899 arreragiis
1013 1858 1035 1889 J
1037 1858 1172 1890 ohannis
1185 1859 1224 1890 de
1240 1858 1396 1897 Moravia,

341 1910 449 1941 fratris
476 1908 701 1950 computantis,
726 1911 821 1949 prout
845 1911 935 1949 patet
960 1909 995 1940 111
1020 1912 1169 1949 computo
1197 1909 1274 1939 anni
1304 1919 1394 1940 sexa-

340 1959 454 2001 gesimi
469 1959 584 2000 quinti,
600 1958 810 1999 quadraginta
825 1961 896 1989 octo
912 1958 992 1990 libre
1009 1958 1118 1989 decem
1133 1962 1166 1989 et
1181 1961 1251 1989 octo
1273 1958 1396 1990 denarii

341 2012 374 2041 et
389 2009 539 2040 undecim
555 2012 666 2045 marte,
681 2011 719 2038 ut
734 2010 824 2048 patet
839 2007 874 2037 in
890 2007 1010 2040 eodem.

385 2108 581 2149 Computum
612 2106 791 2137 Alexandri
818 2106 1012 2147 Wardroper
1042 2106 1081 2137 de
1105 2106 1225 2148 Gonys,
1251 2106 1331 2137 mari
1362 2110 1395 2138 et

340 2157 511 2198 receptoris
518 2157 681 2187 firmarum
688 2155 902 2186 dominiorum
913 2156 951 2187 de
958 2155 1199 2193 Strathbraune,
1209 2155 1394 2194 Kinclevin‚

339 2207 514 2249 Apnadull,
560 2205 755 2247 ForthirgilL
808 2205 972 2243 Diescher,
1014 2206 1134 2247 Twyer,
1180 2206 1392 2248 Glenlyoune,
