1551 2462
0 1830 18 1940 νννή-,τ
0 1802 3 1814 -
0 1743 21 1789 ’Ιῖγὴ
0 1719 5 1732 *-

123 218 214 247 1463.
433 214 594 246 REGUM
618 214 863 247 SCOTORUM.
1106 219 1167 247 209

163 308 352 349 [Disclmrqe.
400 307 443 338 To
458 307 632 345 Trea-§uren
644 309 742 339 sslw
757 308 831 345 153„
843 308 1005 339 cc-ccozmtcd
1013 309 1076 348 for.
1126 309 1168 339 To
1182 314 1346 343 Respondebit

119 356 166 388 do.
189 357 266 388 2915
290 358 344 394 5s.,
365 359 393 387 to
416 356 447 387 be
467 357 629 387 accounted
645 357 725 397 soon]
771 357 813 387 Et
836 356 948 394 eidem,
970 367 1027 397 pro
1052 357 1167 397 viginti
1180 344 1347 396 SGaffigfffls'ffhe'

119 406 230 437 martis
245 405 373 437 intratis
388 406 423 437 in
438 406 528 437 libris
544 406 704 437 dietarum
719 406 758 437 ed
779 416 904 437 summa
926 406 1057 448 triginta
1073 406 1166 447 quin-

119 466 181 497 que
197 458 373 487 martarum
396 455 588 486 intratarum
611 466 667 496 per
690 455 828 487 eundem
851 456 970 496 absque
992 456 1105 496 precio,
1128 456 1167 487 de

119 505 236 546 quibus
252 505 436 546 quindecim
457 508 559 536 marte
582 508 673 536 erant
688 506 727 536 de
750 506 885 546 propriis
908 506 990 546 regis
1012 505 1167 542 Moravie,

118 555 195 587 licet
217 555 310 586 aliter
331 555 449 586 intrate
472 557 563 586 erant
585 555 619 585 in
636 555 757 586 eisdem
779 555 878 592 libris,
900 555 1042 596 precium
1065 558 1167 586 marte

119 605 303 646 quindecim
320 604 422 642 solidi,
437 615 480 635 xv
496 604 537 641 ti„
560 607 593 635 et
608 605 653 636 sic
673 608 797 636 restant
812 615 907 645 super
929 607 1167 645 computantem
1181 629 1246 651 Nota
1260 628 1324 657 quod
1335 634 1381 650 res-

119 654 159 686 de
181 654 291 685 martis
316 653 393 685 anni
419 654 587 694 prescripti
616 664 733 685 novem
753 657 862 685 marte.
917 654 960 684 Et
980 654 1092 691 eidem,
1111 664 1167 694 pro
1180 659 1270 681 tantix
1282 659 1366 680 marte-

119 703 294 745 agitacione
325 703 484 736 dictarum
510 706 685 734 marterum
711 703 751 734 de
781 704 928 736 Moravia
958 714 1060 744 usque
1089 704 1166 736 Stri-

120 753 243 794 velyne,
260 764 303 784 xx
320 757 343 784 ἔ.
388 753 431 783 Et
446 753 558 790 eidem,
574 763 630 793 pro
643 753 741 784 tercia
752 753 860 785 debita
876 763 989 794 sponse
1005 753 1168 794 quondam

119 802 273 833 Malcomi
289 802 490 834 Drummond
506 802 545 833 de
562 802 714 833 Stobhale
732 803 770 833 de
786 803 879 834 terris
896 803 961 834 suis
984 802 1068 833 infra
1084 803 1166 834 vice-

120 851 307 882 comitatum
319 851 358 883 de
374 851 472 882 Banff
487 861 561 882 011111
576 851 694 892 quibus
710 855 900 892 computans
916 852 1061 892 superius
1077 862 1167 883 oner-

119 901 232 932 abatur
241 901 275 932 in
291 902 440 944 computo
456 900 533 931 anni
545 900 732 941 precedents
748 904 780 932 et
795 901 919 932 nullam
942 901 1168 932 allocacionem

119 951 247 991 recepit,
262 951 306 991 vij
323 950 356 981 fi.
373 950 418 990 iiij
443 960 466 981 s.
489 960 511 981 v
527 950 555 980 d.
603 950 734 981 Summa
758 961 978 991 expensarum,
991 950 1109 992 jsslxviij
1134 951 1166 983 11.

119 999 166 1040 iiij
191 1004 214 1031 s.
237 1010 259 1030 v
283 999 311 1030 d.
367 999 409 1030 Et
433 999 478 1030 sic
499 1002 621 1030 restant
640 998 724 1040 jssxlij
752 999 784 1031 11.
808 1010 853 1030 xx
873 1000 902 1031 d.
924 1000 972 1031 οἶ).
1031 1001 1082 1032 §De
1105 1011 1168 1041 qua

121 1058 255 1086 summa,
300 1047 434 1079 allocate
477 1048 678 1088 computanti
722 1048 839 1089 scripto
879 1049 1168 1090 vicesimoseptimo

120 1097 214 1129 ,1111111
242 1107 326 1128 anno
356 1100 414 1128 eto.
445 1097 754 1138 sexagesimoquarto
799 1108 855 1138 pro
890 1098 1037 1139 expensis
1060 1098 1168 1130 David

121 1147 352 1188 Skrimgeouoe,
382 1147 584 1178 dominorum
622 1147 756 1178 Henriei
793 1147 957 1188 Kingorne
995 1151 1027 1179 et
1067 1148 1168 1179 Alex-

121 1197 213 1228 andri
246 1197 386 1238 Yhonge,
416 1196 450 1227 in
481 1196 657 1227 assedando
688 1200 788 1227 terras
817 1197 898 1238 regis
936 1197 1022 1228 ultra
1051 1208 1168 1239 aquam

120 1247 159 1278 de
175 1247 270 1288 Taya,
285 1249 379 1288 prout
394 1249 483 1287 patet
504 1246 539 1277 111
562 1245 674 1277 cedula
694 1246 842 1277 manibus
866 1257 975 1277 eorum
990 1247 1167 1288 subscripta

120 1300 247 1328 ostensa
262 1306 356 1337 super
371 1299 566 1337 computum,
577 1306 600 1326 x
615 1295 647 1326 fi.
692 1295 735 1326 Et
750 1296 862 1333 eidem,
872 1306 928 1337 per
942 1296 1166 1328 liberacionem

119 1347 238 1378 factam
254 1357 309 1387 per
325 1345 490 1377 dominum
512 1345 681 1386 Glammys
697 1355 736 1376 ex
759 1348 848 1386 parte
865 1346 1086 1386 computantis.
1096 1357 1167 1377 cus-

120 1396 188 1428 todi
213 1396 331 1437 privati
357 1395 463 1436 sigilli,
486 1395 636 1436 magistro
660 1394 780 1425 Jacobo
804 1394 982 1436 Lyndesay‚
1006 1395 1044 1426 de
1068 1396 1167 1428 firmis

119 1450 274 1478 terrarum
297 1445 336 1476 de
358 1445 456 1482 Marr,
471 1445 621 1476 videlicet
636 1444 670 1475 in
693 1455 818 1476 summa
841 1445 1055 1486 vigintitrium
1071 1446 1167 1477 librav

119 1506 200 1533 rum,
231 1505 328 1536 quam
350 1504 512 1526 summam
537 1494 686 1526 dominus
716 1494 901 1526 Alexander
926 1495 1062 1535 Napare,
1089 1498 1167 1526 tunc

119 1548 342 1586 computorum
357 1544 521 1581 rotulator,
544 1544 663 1574 fatetur
679 1554 712 1575 se
734 1544 889 1585 recepisse
905 1547 938 1575 et
959 1544 993 1575 in
1009 1545 1167 1585 computis

121 1595 187 1626 suis
203 1604 236 1625 se
252 1603 397 1625 onerasse
413 1603 487 1624 cum
503 1593 621 1630 eadem,
644 1595 739 1634 prout
753 1596 842 1634 patet
865 1603 921 1634 per
935 1593 1060 1625 literam
1077 1605 1167 1625 suam

121 1644 181 1676 sub
204 1654 261 1675 suo
284 1643 407 1684 signeto
430 1646 590 1674 ostensam
615 1653 710 1684 super
733 1647 928 1684 computum,
951 1644 1030 1685 xxiij
1054 1644 1096 1681 fi„
1112 1655 1167 1685 pro
1181 1648 1345 1677 Respondebit

120 1704 184 1735 qua
199 1693 284 1724 idem
299 1692 483 1724 Alexander
498 1692 708 1733 respondebit.
755 1693 797 1723 Et
818 1693 929 1730 eidem,
945 1703 1001 1734 pro
1017 1694 1167 1725 vastitate
1180 1678 1381 1730 tigernpareffotuia-

120 1747 276 1775 terrarum
298 1742 338 1773 de
360 1741 586 1773 Westirmecra
605 1742 785 1782 jacencium
808 1742 843 1772 111
866 1742 1058 1774 Strathdone
1084 1743 1168 1774 infra

120 1792 308 1824 comitatum
324 1791 364 1822 de
382 1791 472 1822 Marr
487 1802 560 1822 cum
580 1792 697 1832 quibus
714 1794 901 1832 computans
917 1792 1062 1832 superius
1077 1802 1167 1823 oner-

122 1845 204 1879 atur,
230 1844 326 1882 prout
349 1840 427 1872 fides
456 1841 540 1872 facta
570 1841 634 1872 fuit
657 1851 752 1881 super
775 1843 970 1881 computum,
997 1851 1017 1871 v
1044 1841 1077 1872 fi.
1125 1842 1167 1873 To
1181 1845 1227 1867 Res
1246 1845 1344 1868 ondebit

124 1891 301 1929 Treasurer,
315 1891 376 1931 2434.
421 1889 508 1927 Sum,
524 1891 608 1930 „4⁰42
653 1890 796 1928 Balanea,
811 1890 863 1922 ,ΕΙ
867 1890 909 1921 00
923 1890 966 1922 Is.
982 1888 1071 1933 SVA]
1180 1874 1342 1927 ξᾜῖῑξῖἳῖιξὴθ

167 2198 236 2223 VOL.
253 2199 308 2224 VII.
1017 2201 1036 2224 Ο
