1551 2462
102 270 191 299 1461.
411 266 573 298 REGUM
597 265 843 298 SCOTORUM.
1090 269 1148 297 105

99 360 210 392 eodem
225 359 370 392 termino.
416 360 456 391 Et
474 360 512 392 de
530 360 606 401 xxvj
624 364 646 391 ἒ.
670 359 727 399 viij
745 359 773 390 d.
796 359 834 390 de
858 358 956 389 firmis
973 358 1150 390 molendini

99 410 138 442 de
155 410 246 441 Dene
262 410 301 441 de
317 410 427 441 eodem
454 410 599 441 termino.
644 410 686 440 Et
711 409 750 440 de
776 409 853 449 xviij
882 409 913 440 fi.
942 409 976 449 iij
996 415 1019 440 ἔ.
1046 409 1092 449 iiij
1119 409 1149 440 d.

99 463 254 491 terrarum
270 459 308 490 de
324 460 505 490 Dunmuire
522 470 595 490 cum
611 462 679 490 orto
695 462 728 490 et
743 461 833 499 prato
849 458 993 499 ejusdem
1010 458 1048 489 de
1065 458 1150 489 dicto

99 509 243 546 termino,
260 513 292 540 et
315 512 442 540 tantum
464 509 560 540 solvit
586 509 619 539 in
648 508 730 539 festo
749 508 885 539 Martini
903 518 976 539 eum
993 508 1015 549 ij
1033 507 1148 539 celdris

99 569 280 591 avenarum.
325 559 367 590 Et
383 559 422 590 de
439 559 482 600 xij
500 559 532 590 li.
549 559 592 599 vij
611 563 634 590 ἒ.
648 559 659 599 j
675 558 706 600 (1.
718 562 877 589 terrarum
887 558 926 589 de
938 557 1150 588 Aldlundoris

99 619 172 639 cum
188 609 295 649 pratis,
312 609 397 645 ortis,
413 612 446 640 et
462 608 593 649 ootagiis
611 608 754 648 ejusdem
777 607 816 638 de
833 607 918 638 dicto
941 607 1095 645 termin03
1119 611 1152 638 et

99 661 225 689 tantum
242 658 338 689 solvit
363 659 397 688 in
423 658 505 689 festo
529 658 665 688 Martini
692 668 766 688 cum
794 657 806 698 j
837 656 943 689 celdra
970 657 1025 697 viij
1057 656 1151 687 bollis

100 758 242 789 termino.
287 758 330 789 Et
346 758 384 788 de
411 758 443 798 vj
471 757 503 788 fi.
528 761 684 788 terrarum
713 757 752 788 de
780 757 974 797 WVodmylne
1003 757 1042 787 de
1066 757 1151 787 dieto

99 807 242 838 termino.
287 808 330 838 Et
346 807 384 839 de
401 807 457 848 xiij
482 807 514 838 fi.
531 808 562 847 vj
589 811 611 838 Ξ.
630 807 685 847 viij
711 806 741 838 d.
757 809 912 837 terrarum
936 807 974 837 de
998 806 1151 847 Kynloch

100 867 173 887 oum
189 857 295 888 fabrili
318 860 350 888 et
373 856 556 888 molendino
580 856 723 897 ejusdem
747 856 785 887 de
809 856 894 887 dioto
918 856 1063 887 termino.
1108 856 1152 886 Et

100 906 139 937 de
165 907 208 947 vij
234 907 266 938 fi.
294 909 451 938 terrarum
476 906 515 938 de
547 906 695 946 Cullessy
727 906 766 937 de
797 906 882 936 dieto
909 906 1046 937 termino
1077 916 1152 936 cum

100 956 226 987 brasina
248 956 399 997 ejusdem,
425 959 458 987 et
481 958 609 986 tantum
635 956 733 987 solvit
757 956 889 987 infesto
916 955 1053 988 Martini
1077 966 1151 986 oum

99 1006 143 1046 xij
161 1006 254 1037 bollis
271 1016 451 1038 avenarum.
498 1006 630 1037 Summa
652 1005 761 1037 totalis
784 1006 919 1046 pecunie
943 1006 1096 1046 quarterii
1112 1006 1151 1036 de

99 1055 203 1096 Edyn,
216 1054 368 1096 j⁰lxxxxv
384 1055 417 1086 li.
434 1066 455 1086 v
471 1059 494 1087 ἓ.
511 1066 532 1086 v
549 1055 578 1086 d.

143 1105 237 1141 Item,
261 1104 346 1135 idem
375 1108 483 1136 onerat
508 1115 541 1135 se
567 1104 606 1135 de
632 1115 654 1135 v
679 1104 711 1135 ri.
740 1105 771 1145 vj
799 1109 821 1136 ἓ.
853 1105 906 1146 viij
931 1105 960 1136 d.
988 1105 1027 1136 de
1051 1105 1151 1136 firmis

100 1154 308 1195 pecuniarum
325 1154 364 1184 de
381 1154 536 1184 Balkerus
552 1154 586 1184 in
603 1155 762 1194 quarterio
779 1154 818 1185 de
834 1155 933 1196 Largo
957 1154 996 1185 de
1014 1155 1151 1186 termino

100 1203 327 1234 Penthecostes
349 1203 434 1234 infra
457 1203 516 1234 hoo
540 1206 734 1244 compotum,
757 1204 847 1244 cujus
870 1214 976 1244 grana,
1002 1203 1152 1235 videlicet

97 1252 109 1292 j
128 1252 232 1283 eeldra
249 1262 269 1282 v
285 1252 368 1283 bolle
381 1252 393 1292 j
413 1252 526 1283 ferlota
541 1252 575 1292 iij
600 1262 695 1292 pecoe
712 1252 865 1284 frumenti
878 1253 890 1292 j
909 1252 1014 1284 oeldra
1030 1264 1051 1283 x
1067 1253 1151 1284 bolle

99 1301 134 1342 iij
153 1301 263 1333 ferlote
280 1301 374 1339 ordei,
391 1301 548 1332 debentur
561 1302 594 1334 in
606 1302 743 1334 termino
756 1302 866 1333 Sancti
877 1302 1019 1334 Martini.
1058 1303 1100 1333 Et
1112 1303 1152 1333 de

100 1351 176 1392 xxvj
195 1355 218 1382 ἔ.
234 1351 289 1391 viij
316 1351 344 1382 d.
370 1351 408 1382 de
434 1351 534 1382 firmis
559 1351 736 1382 molendini
761 1352 913 1392 ejusdem,
929 1353 1021 1393 cujus
1045 1363 1151 1393 grana,

100 1454 255 1480 terrarum
279 1449 318 1480 de
341 1449 543 1484 Nethirreras
571 1450 609 1481 de
637 1450 723 1481 dicto
754 1451 892 1483 termino
924 1451 1151 1484 Penthecostes

100 1499 191 1539 cujus
207 1509 313 1539 grana,
328 1499 479 1530 videlicet
491 1499 504 1539 j
522 1499 628 1533 celdra
651 1500 697 1541 iiij
723 1499 807 1531 bolle
830 1500 917 1531 ordei
933 1500 955 1541 ij
974 1500 1077 1532 oeldre
1093 1501 1151 1542 viij

99 1548 183 1580 holle
199 1559 380 1586 avenarum,
397 1548 554 1581 debentur
564 1552 601 1579 ut
616 1560 720 1590 supra.
759 1550 802 1580 Et
814 1550 852 1581 de
864 1561 883 1580 v
895 1550 927 1582 11.
944 1554 1100 1582 terrarum
1112 1552 1151 1583 de

99 1598 132 1629 N
134 1602 271 1630 eutoune
284 1599 322 1630 de
329 1599 445 1630 Rerase
455 1599 494 1630 de
505 1599 614 1630 eodem
625 1599 771 1637 termino,
781 1600 874 1640 cujus
884 1611 991 1641 grana,
1002 1601 1152 1632 videlicet

97 1648 110 1689 j
127 1648 231 1679 celdra
247 1648 294 1689 iiij
311 1648 395 1680 bolle
412 1648 566 1681 frumenti
580 1649 592 1689 j
611 1649 717 1680 eeldra
734 1650 766 1690 xj
785 1649 870 1681 bolle
886 1650 908 1690 ij
928 1650 1038 1681 ferlote
1054 1650 1151 1687 ordei,

99 1697 256 1729 debentur
265 1701 302 1729 ut
314 1708 417 1739 supra.
452 1697 495 1730 Et
507 1698 546 1728 de
562 1698 594 1738 vj
609 1702 631 1730 Ξ.
645 1698 700 1739 viij
716 1698 745 1729 d.
759 1702 841 1730 terre
854 1699 892 1730 de
906 1699 1096 1731 Burnhouse
1112 1700 1151 1731 de

100 1747 210 1778 eodem
220 1748 365 1779 termino.
411 1747 453 1777 Et
469 1747 508 1778 de
521 1758 541 1781 x
553 1747 585 1778 fi.
604 1748 661 1788 xiij
679 1752 701 1779 ἔ,
718 1748 765 1789 iiij
783 1747 812 1780 d.
829 1751 984 1779 terrarum
1000 1749 1039 1780 de
1051 1749 1152 1790 Largo

100 1797 139 1829 de
151 1797 262 1829 eodem
274 1797 420 1834 termino,
432 1797 525 1837 cujus
537 1807 643 1838 grana,
655 1797 805 1829 videlicet
813 1799 825 1839 j
840 1798 946 1829 eeldra
958 1809 979 1828 x
991 1798 1075 1829 bolle
1085 1799 1151 1829 fru-

99 1847 200 1877 menti
212 1847 234 1888 ij
249 1846 354 1878 eeldre
364 1847 386 1887 ij
402 1846 485 1877 bolle
498 1846 584 1877 ordei
601 1857 620 1877 v
633 1846 738 1878 celdre
752 1857 933 1884 avenarum,
946 1847 1103 1878 debentur
1115 1852 1152 1879 ut

99 1906 202 1937 supra.
248 1896 290 1927 Et
307 1896 344 1927 de
360 1896 394 1936 iij
412 1896 444 1927 11.
461 1896 501 1927 (18
517 1896 616 1928 firmis
641 1896 772 1937 triginta
795 1896 932 1928 duorum
956 1897 1151 1937 cotagiorum

99 1945 242 1986 ejusdem
259 1945 298 1976 de
313 1945 398 1976 dicto
414 1945 558 1976 termino.
603 1945 645 1976 Et
660 1945 698 1976 de
715 1946 749 1979 xl
765 1950 787 1977 ἓ.
805 1946 843 1976 (18
859 1946 959 1977 firmis
975 1946 1152 1977 molendini

100 1995 138 2026 de
148 1995 248 2036 Largo
260 1995 298 2026 de
308 1994 419 2026 eodem
428 1995 574 2031 termino,
585 1995 677 2035 eujus
686 2005 792 2035 grana,
805 1995 954 2026 videlicet
963 1995 975 2035 j
988 1995 1094 2026 oeldra
1103 1996 1150 2037 iiij

100 2044 184 2076 bolle
200 2044 287 2076 ordei
303 2045 324 2085 ij
343 2044 427 2075 bolle
443 2044 561 2075 farriue
577 2044 751 2081 avenatiee,
761 2044 917 2075 debentur
928 2049 1078 2085 utsupra.
1109 2046 1152 2078 Et

100 2094 139 2125 de
155 2104 198 2124 xx
213 2098 237 2125 ἔ.
254 2094 293 2125 (18
310 2093 410 2124 firmis
437 2094 535 2124 trium
561 2093 762 2125 brasinarum
786 2093 824 2124 de
848 2094 948 2134 Largo
975 2094 1013 2124 de
1040 2094 1151 2127 eodem

100 2143 247 2174 termino.
292 2143 334 2173 Et
351 2142 389 2173 de
402 2143 479 2183 xviij
493 2142 521 2173 d.
533 2142 572 2174 de
582 2142 682 2173 firmis
693 2143 731 2175 de
744 2142 774 2173 le
788 2142 945 2183 Cragland
959 2153 1021 2183 que
1033 2142 1152 2175 dicitur

100 2191 300 2223 Baillieland.
348 2192 390 2222 Et
406 2192 445 2223 de
461 2192 492 2232 vj
510 2191 539 2223 d.
557 2191 595 2223 de
612 2202 718 2223 annuo
734 2191 861 2224 redditu
878 2195 1033 2224 terrarum
1049 2202 1150 2234 quon-
