1551 2462
369 251 385 278 2
392 251 429 279 28
672 245 837 278 ROTULI
861 243 1097 277 SCACOARH
1330 245 1420 273 1463.

365 340 451 372 infra
480 340 567 371 idem
589 342 723 381 tempus.
770 339 812 370 Et
836 339 875 370 de
899 338 954 379 xiij
978 337 1010 368 fi.
1029 337 1072 377 xij
1098 340 1121 367 ἔ.
1137 335 1169 376 vj
1195 335 1223 366 d.
1241 336 1378 376 receptis
1402 345 1420 366 a

364 390 569 422 custumariis
593 390 686 430 burgi
709 389 749 420 de
772 389 871 420 Perth
888 388 972 418 infra
995 387 1080 417 idem
1096 390 1231 426 tempus.
1249 386 1291 416 Et
1307 385 1346 416 de
1361 385 1418 425 viij

364 438 395 470 fi.
413 439 548 480 receptis
565 449 584 470 a
599 438 802 470 custumariis
828 438 867 469 de
883 436 1117 477 Inverkething
1140 436 1223 466 infra
1238 436 1324 466 idem
1339 439 1420 466 tem-

363 498 431 530 pus.
478 489 520 520 Et
543 489 581 520 de
606 488 695 528 xlviij
722 492 743 519 s.
761 488 782 529 ij
801 488 828 518 d.
846 487 982 528 receptis
1005 497 1024 517 a
1047 485 1250 517 custumariis
1274 485 1313 516 de
1337 485 1421 516 Kin-

363 548 467 579 gorne.
513 539 556 569 Et
579 538 617 569 de
634 538 680 578 iiij
698 537 729 568 fi.
747 538 792 578 iiij
812 541 833 568 s.
851 537 896 577 iiij
915 536 943 567 d.
961 536 1096 576 receptis
1120 535 1159 566 de
1182 535 1310 566 ballivis
1325 535 1419 576 burgi

363 587 403 618 de
419 588 593 628 Kingorne.
639 587 682 617 Et
706 587 745 617 de
769 597 813 617 xv
827 586 858 617 fi.
876 586 1011 626 receptis
1035 595 1053 616 a
1076 585 1203 616 ballivis
1235 585 1274 616 de
1305 585 1417 616 Inver-

363 637 498 678 kething
529 637 613 667 infra
638 636 723 667 idem
748 640 882 677 tempus.
929 636 971 666 Et
998 636 1037 666 de
1063 635 1095 675 vj
1123 635 1155 665 ri
1182 635 1238 676 xiij
1264 639 1285 666 s.
1311 635 1360 675 iiij
1386 635 1415 666 d.

361 687 497 726 receptis
514 696 532 716 a
547 685 675 717 ballivis
692 686 731 716 de
748 685 859 718 Carale
884 695 941 726 per
964 688 1092 725 tempus
1117 685 1263 725 compoti.
1309 685 1352 715 Et
1374 685 1413 716 de

361 736 418 776 viij
444 736 475 766 11
501 736 556 776 xiij
576 740 597 766 s.
615 736 661 776 iiij
686 735 715 766 d.
732 735 868 776 receptis
893 745 911 766 a
935 735 1063 766 ballivis
1091 735 1129 766 de
1157 735 1334 775 Linlithqw
1356 745 1414 776 per

361 785 447 817 idem
463 790 597 826 tempus.
645 786 777 817 Summa
800 785 897 826 hujus
922 785 1035 822 oneris,
1048 785 1084 825 jm
1101 783 1161 825 iiijc
1176 784 1234 815 lxx
1252 784 1277 814 h·
1298 785 1352 825 xvj
1379 789 1412 822 s„

361 845 435 867 cum
450 835 622 876 arreragiis.

405 885 498 922 Item,
514 885 600 915 idem
616 887 725 915 onerat
741 894 774 915 se
790 883 829 915 de
846 883 914 924 xiiij
931 883 962 914 H
977 883 1022 924 iiij
1040 884 1208 924 §.receptis
1225 894 1243 914 a
1258 883 1410 924 magistro

360 934 526 965 Willelmo
551 934 640 974 Gray
655 944 711 974 pro
735 933 830 964 certis
853 933 961 964 corriis
985 932 1124 964 venditis
1147 943 1204 973 per
1220 933 1356 964 eundem
1373 933 1412 964 de

359 984 495 1024 propriis
511 983 618 1025 regine
635 983 673 1013 de
690 983 840 1013 mandato
857 982 1069 1023 compotantis
1085 982 1169 1013 infra
1184 986 1312 1023 tempus
1328 993 1412 1014 com-

359 1034 435 1075 poti.
496 1033 539 1063 Et-
568 1033 607 1063 de
637 1032 716 1072 xviij
748 1032 779 1063 l'i‘.
812 1032 947 1072 receptis
979 1042 996 1062 a
1027 1031 1193 1063 Willelmo
1229 1032 1328 1063 Clero
1356 1042 1413 1073 pro

578 1081 718 1122 pellibus
729 1081 850 1113 lanutis
865 1081 981 1122 emptis
993 1092 1050 1122 per
1061 1081 1198 1113 eundem
1209 1082 1413 1113 Willelmum

360 1142 377 1163 a
401 1134 605 1173 compotante
628 1131 713 1161 infra
735 1134 863 1172 tempus
887 1131 1033 1172 compoti.
1079 1132 1123 1162 Et
1144 1131 1183 1163 de
1209 1132 1254 1172 vij
1280 1132 1312 1164 fi.
1339 1143 1360 1163 x
1388 1137 1411 1164 ἔ.

359 1182 494 1222 receptis
518 1192 536 1212 a
568 1180 708 1222 quodam
738 1181 845 1212 Elizeo
868 1179 1035 1222 McTagart
1064 1191 1121 1221 pro
1148 1181 1242 1212 certis
1272 1182 1411 1222 pellibus

359 1231 499 1262 venditis
525 1241 583 1272 per
608 1233 846 1271 compotantem
869 1230 973 1261 eidem
998 1230 1084 1261 infra
1109 1234 1237 1271 tempus
1264 1233 1410 1273 compoti.

307 1310 311 1314 .
357 1282 400 1312 Et
413 1282 451 1312 de
467 1281 523 1312 xix
538 1281 570 1312 fi.
587 1280 723 1321 receptis
735 1291 754 1311 a
769 1280 891 1311 Thoma
907 1280 1064 1321 Oliphant
1079 1280 1118 1311 de
1134 1281 1234 1311 firmis
1254 1285 1411 1313 terrarum

358 1331 396 1362 de
412 1331 601 1371 Dunberny.
645 1330 688 1360 Et
711 1330 750 1361 de
773 1330 911 1370 lxxxxijj
930 1329 960 1360 fi.
978 1330 1009 1370 vj
1035 1334 1057 1361 s.
1075 1330 1130 1371 viij
1156 1330 1184 1361 d.
1201 1332 1336 1372 receptis
1353 1342 1409 1373 per

357 1384 594 1421 competentem
610 1379 648 1410 de
665 1379 764 1410 firmis
788 1383 945 1410 terrarum
968 1379 1007 1410 de
1023 1379 1200 1411 Abircorne
1215 1380 1255 1411 de
1270 1382 1407 1414 termino

357 1430 583 1461 Pentechostes
600 1432 675 1459 ante
691 1428 750 1459 hoc
767 1432 957 1468 compotum.
1004 1429 1047 1460 Et
1062 1429 1101 1460 de
1124 1430 1201 1470 xxvj
1225 1430 1258 1461 11'.
1274 1432 1408 1472 receptis

356 1479 395 1510 de
418 1479 579 1510 Herbarto
602 1477 748 1508 Moravie
771 1477 810 1508 de
833 1478 933 1508 firmis
959 1481 1116 1509 terrarum
1136 1478 1175 1509 de
1191 1479 1303 1517 Pullis,
1319 1484 1351 1511 et
1367 1481 1405 1512 de

354 1529 500 1560 terminis
528 1527 754 1558 Pentechostes
785 1526 820 1557 in
850 1536 934 1557 anno
964 1527 1098 1557 Domini
1123 1531 1181 1558 etc.
1209 1530 1405 1570 sexagesimo

355 1578 494 1610 secundo
510 1581 542 1609 et
559 1577 667 1607 Sancti
683 1576 819 1606 Martini
842 1576 987 1616 proximo
1010 1576 1084 1607 inde
1101 1581 1261 1617 sequente.
1307 1579 1349 1609 Et
1365 1580 1404 1611 de

353 1639 374 1658 x
401 1628 432 1658 11
457 1638 479 1658 x
504 1631 526 1658 s.
550 1627 586 1656 in
608 1625 732 1656 duabus
759 1625 842 1666 pipis
866 1625 934 1656 vini
958 1626 1073 1666 emptis
1096 1636 1153 1666 per
1175 1626 1341 1659 dominum
1365 1629 1404 1661 de

353 1677 434 1708 Luss
451 1680 483 1708 et
498 1676 611 1707 solutis
626 1685 684 1716 per
707 1674 843 1706 eundem
861 1678 893 1705 et
904 1674 1031 1706 intratis
1054 1685 1126 1706 cum
1142 1676 1248 1717 precio
1263 1677 1298 1708 in
1313 1678 1403 1711 libris

353 1776 487 1817 eariagio
503 1778 536 1807 et
551 1775 622 1806 aliis
639 1773 786 1814 expensis
810 1774 903 1804 factis
919 1774 1002 1804 eirea
1025 1774 1147 1805 dictum
1171 1775 1282 1807 vinum
1306 1781 1337 1808 et
1353 1778 1401 1809 in-

351 1827 444 1857 tratis
461 1826 494 1856 in
509 1825 592 1855 libro
615 1824 654 1855 de
677 1823 725 1854 lez
748 1824 890 1854 uncostis
912 1823 996 1854 infra
1019 1826 1146 1864 tempus
1167 1826 1313 1866 compoti.
1360 1828 1402 1859 Et.

352 1876 390 1906 de
415 1875 494 1915 xviij
523 1874 554 1904 n.
582 1874 617 1904 ix
641 1877 663 1904 ἔ.
691 1872 827 1913 receptis
855 1872 894 1903 ab
921 1872 1026 1903 Adam
1051 1872 1188 1905 Cosoure
1211 1878 1242 1905 et
1265 1875 1401 1908 Ricardo

349 1925 454 1962 Mure,
481 1922 683 1955 custumariis
709 1921 749 1952 de
780 1921 960 1962 Striveling,
984 1921 1067 1953 infra
1097 1926 1225 1963 tempus
1252 1927 1399 1966 compoti.

349 1974 393 2005 Et
408 1974 447 2005 de
463 1973 561 2012 xxxvj
582 1976 604 2003 s.
622 1982 678 2012 per
693 1970 914 2002 vendicionem
931 1974 1067 2012 quatuor
1089 1972 1251 2004 bai-illium
1268 1973 1343 2005 birri
1359 1975 1400 2007 de

348 2023 485 2065 propriis
507 2022 615 2063 regine
638 2031 700 2061 que
722 2020 884 2051 intrantur
906 2019 940 2050 in
964 2019 1053 2051 libris
1077 2020 1241 2059 dietarum‚
1257 2027 1295 2053 ut
1309 2028 1400 2064 patet

348 2073 384 2104 in
400 2073 525 2104 eisdem.
572 2071 703 2102 Summa
719 2069 816 2110 hujus
831 2069 943 2105 oneris,
959 2068 1016 2111 ij⁰x
1032 2069 1064 2101 fi.
1082 2070 1137 2102 xix
1153 2075 1175 2102 s.
1194 2071 1248 2112 viij
1266 2071 1295 2104 d.
