1551 2462
94 264 186 293 1461.
403 259 564 292 REGUM
589 259 834 291 SCOTORUM.
1094 262 1139 291 -79

92 354 281 387 carbonibus
308 353 532 385 conservandis
547 353 581 383 in
598 352 746 384 omnibus
770 353 927 394 expensis,
943 355 979 384 ut
1003 355 1091 394 patet
1107 353 1142 384 in

93 404 205 436 cedula
230 403 466 445 particulariter
488 403 670 434 examinata
693 413 788 443 super
811 406 1003 444 compotum,
1031 404 1084 444 xvj
1117 407 1141 434 s.

92 465 115 486 x
130 454 161 487 d.
205 454 248 485 Et
259 453 371 491 eidem,
381 463 438 494 pro
450 452 651 494 reparacione
667 462 791 483 camere
802 463 840 484 ex
851 457 940 493 parte
953 453 1143 484 occidentali

94 507 205 536 vocata
219 502 250 534 le
266 502 463 534 counthouse
479 502 513 533 in
536 502 621 532 dicto
637 502 779 533 manerio
803 502 842 533 de
865 502 1038 540 Fauchmd,
1053 502 1138 533 vide-

94 553 169 585 licet
195 553 229 583 in
254 552 378 583 factura
407 551 503 582 unius
527 551 646 582 camini
672 554 703 582 et
731 552 828 583 unius
855 552 928 583 ostii
954 556 986 583 et
1012 552 1142 593 parietis

95 602 267 634 dividentis
280 602 399 632 dictam
410 611 568 632 cameram
579 601 618 632 ab
629 600 700 638 alia,
713 604 746 632 et
756 601 827 632 aliis
839 602 973 633 minutis
986 602 1144 643 expensis,

95 656 190 695 prout
204 646 294 693 patet
308 652 342 682 in
358 651 471 682 cedula
486 650 721 691 particulariter
743 651 925 682 examinata
949 661 1043 691 super
1060 661 1144 682 com-

95 706 216 744 potum,
232 701 332 742 xxxiij
350 701 399 742 §.j
416 701 445 732 d.
491 701 534 731 Et
549 700 660 738 eidem,
683 711 740 742 pro
765 701 786 741 ij
813 701 911 742 petris
935 701 1010 732 ferri
1033 711 1089 742 pro
1114 701 1144 732 le

95 752 260 792 landirnys
277 751 316 782 ad
341 760 500 782 cameram
524 750 652 781 domine
679 750 785 791 regine
810 751 844 781 in
859 751 1023 781 Faucland
1039 754 1072 781 et
1087 761 1144 791 pro

97 802 219 833 faciura
248 800 429 837 eorundem,
459 803 496 830 nt
533 803 622 840 patet
652 800 686 830 in
724 799 809 831 dicta
846 800 959 831 cedula
997 800 1145 831 similiter

97 851 287 888 examinata,
298 850 343 881 vii
352 851 390 891 js.
402 850 457 890 viij
471 849 501 882 d.
539 850 581 881 Et
594 849 707 887 eidem,
719 860 776 890 pro
789 850 1014 881 emendacione
1026 850 1144 881 camini

97 902 131 932 in
147 901 220 932 aula
235 900 274 931 de
289 899 461 937 Faucland,
477 910 534 940 pro
551 899 633 930 ferro
657 899 697 930 ad
712 899 836 930 dictum
859 900 1021 930 caminum
1037 910 1144 930 emen-

98 950 248 987 dandum,
260 958 324 980 una
340 959 411 980 cera
426 949 466 980 ad
483 949 601 980 ostium
616 949 777 990 gardrope,
789 949 908 989 pariete
924 949 963 980 de
979 949 1145 986 asseribus,

98 1003 131 1032 et
153 1010 225 1031 cera
247 999 281 1030 in
299 998 424 1030 stabulo
447 998 598 1036 inferiori,
619 998 844 1029 emendacione
866 1002 957 1039 porte
975 998 1013 1029 de
1036 999 1066 1029 le
1083 998 1147 1039 hay

99 1050 195 1091 yarde
226 1053 258 1080 et
281 1059 352 1080 cera
378 1048 530 1088 ejusdem,
561 1058 617 1089 pro
647 1047 873 1079 emendacione
903 1049 981 1079 tecti
1012 1048 1078 1079 feni
1108 1048 1147 1078 de

99 1098 273 1135 Famssand,
284 1101 317 1128 et
331 1107 387 1138 pro
404 1097 493 1128 clave
510 1098 590 1128 ostio
607 1107 720 1138 magne
736 1108 859 1129 camere
876 1098 914 1128 de
931 1098 1103 1134 Faucland,
1116 1102 1148 1128 etz

101 1149 172 1179 aliis
188 1147 322 1178 minutis
337 1147 495 1187 expensis,
511 1151 606 1187 prout
624 1151 713 1188 pateb
729 1148 763 1178 in
779 1148 864 1178 dicta
880 1148 993 1178 cedula
1008 1148 1148 1188 particu-

102 1246 220 1288 pabulo
236 1256 390 1286 equorum
406 1256 462 1277 sex
478 1246 568 1286 equis
585 1246 713 1277 domine
736 1247 843 1287 regine
859 1257 877 1277 a
893 1247 1043 1278 vicesimo
1067 1246 1150 1277 Maii

103 1306 204 1337 usque
216 1295 388 1336 septimum
401 1295 422 1326 J
424 1295 502 1332 unii,
515 1295 630 1335 xxxiiij
645 1299 667 1326 s.
706 1296 749 1326 Et
764 1295 876 1333 eidem,
892 1306 948 1336 pro
960 1296 1151 1337 purgacione

103 1349 136 1376 et
149 1355 231 1376 nova
243 1347 403 1376 structura
418 1344 553 1375 duorum
565 1354 720 1375 novorum
732 1349 916 1386 stagnorum
928 1346 1064 1377 inferius
1077 1346 1110 1376 in
1121 1345 1151 1376 le

104 1395 168 1436 hay
183 1394 290 1436 yarde,
305 1395 384 1425 xxix
408 1397 430 1425 s.
448 1394 491 1435 vij
509 1394 537 1425 d.
583 1395 626 1424 Et
642 1394 756 1430 eidem,
772 1395 806 1425 in
822 1395 852 1425 le
869 1395 1062 1426 drinksilver
1078 1395 1152 1426 dato

104 1444 224 1476 latimis
261 1443 296 1474 in
331 1443 463 1484 collegio
492 1444 633 1484 episcopi
660 1444 886 1476 Sanctiandree
917 1449 1059 1486 tempore
1090 1456 1153 1486 quo

105 1493 233 1526 domina
242 1494 350 1535 regina
359 1493 474 1524 ultimo
487 1497 554 1524 erat
565 1493 693 1530 ibidem,
706 1494 828 1525 scilicet
844 1494 878 1525 in
896 1495 1154 1537 Quadragesima‚

105 1555 150 1575 xx
175 1548 198 1576 s.
252 1544 295 1575 Et,
316 1543 442 1575 domine
466 1543 573 1584 regine
597 1547 674 1574 tunc
704 1544 855 1584 temporis
886 1545 926 1576 ad
957 1545 1154 1576 offerendum

95 1593 248 1635 ‘reliquiis
266 1593 490 1625 Sanctiandree
515 1593 550 1624 in
575 1593 708 1624 ecclesia
735 1594 919 1632 cathedrali,
935 1606 955 1626 x
972 1599 996 1627 s.
1040 1596 1083 1627 Et
1098 1606 1155 1636 pro

107 1644 203 1675 naulo
233 1644 414 1685 tegulorum
444 1643 603 1674 dictorum
633 1643 759 1675 skaillie
791 1644 895 1675 soluto
926 1645 1033 1676 nautis
1063 1646 1155 1676 navis

108 1693 228 1725 domini
244 1693 384 1734 episcopi
396 1692 632 1730 Sanctiandree,
642 1693 687 1733 iiij
701 1692 733 1724 Π.
745 1693 816 1733 xiiij
833 1697 856 1725 Ξ.
868 1694 898 1733 vj
911 1693 939 1724 d.
978 1688 1155 1726 Residuum

108 1753 182 1774 vero
195 1742 272 1774 dicti
287 1742 385 1780 nauli,
401 1742 552 1773 videlicet
575 1742 684 1773 decem
703 1746 736 1773 et
752 1752 867 1773 novem
883 1742 980 1774 libras
997 1744 1049 1774 vel
1065 1744 1156 1781 circa,

109 1792 205 1824 solvit
220 1792 404 1833 Margareta
419 1802 536 1833 sponsa
552 1793 772 1832 computantis.
811 1793 854 1823 Et
873 1793 984 1830 eidem,
1000 1804 1056 1834 per
1072 1794 1156 1825 solu-

109 1842 230 1874 cionem
250 1842 370 1873 factam
393 1841 521 1872 domino
546 1841 689 1873 Henrico
716 1842 755 1873 de
780 1842 946 1883 Kingorne
971 1854 1027 1884 per
1051 1854 1157 1884 recep-

110 1892 232 1923 cionem
248 1891 370 1922 domini
386 1891 516 1922 Roberti
532 1891 571 1922 de
586 1891 750 1922 Wardlaw
761 1892 802 1923 ad
823 1903 978 1933 expensas
1003 1893 1158 1924 domicilii

110 1941 261 1982 ejusdem,
289 1941 374 1972 dicto
406 1941 534 1972 domino
560 1941 700 1972 Henrico
728 1941 850 1973 fatente
876 1945 1039 1982 receptum
1064 1953 1159 1983 super

110 1994 302 2032 compotum,
318 1991 361 2031 vij
380 1990 412 2023 fi.
428 2001 472 2021 xx
487 1990 516 2021 d.
555 1991 598 2021 Et
609 1990 721 2028 eidem,
735 2001 792 2031 per
801 1991 1024 2022 liberacionem
1040 1992 1157 2023 factam

109 2040 236 2072 domine
252 2041 358 2082 regine
375 2040 407 2071 in
424 2040 530 2071 Peblis
547 2040 587 2071 ad
610 2040 805 2071 offerendum
823 2041 938 2072 Sancte
955 2041 1058 2079 Cruci,
1075 2052 1117 2072 xx
1135 2046 1158 2073 s.

111 2090 153 2121 Et
172 2090 365 2131 pauperibus
381 2089 500 2120 ibidem
516 2089 555 2120 de
571 2089 722 2120 mandato
738 2089 865 2120 domine
882 2091 996 2131 regine,
1012 2101 1033 2121 x
1049 2095 1073 2122 s.
1118 2091 1161 2122 Et·

111 2149 168 2180 pro
182 2139 278 2171 naulo
294 2139 421 2170 domine
437 2139 544 2180 regine
569 2149 678 2170 versus
700 2139 976 2179 Westirkingorne
992 2140 1161 2171 undecimo

112 2188 202 2226 Maii,
217 2189 256 2220 de
281 2188 431 2220 mandabo
458 2188 610 2229 ejusdem,
636 2199 680 2220 xv
706 2192 728 2220 ἓ.
774 2189 817 2220 Et
842 2189 969 2221 domine
997 2190 1104 2232 regine
1121 2190 1162 2222 ad

1172 1975 1336 2005 Respondebit

1172 2005 1310 2034 Kyngorne.
