1551 2462
77 195 167 224 1468.
386 189 546 222 REGUM
570 170 816 221 SCOTORUM.
1053 189 1111 218 571

0 320 2 323 ,
71 284 183 317 celdris
207 284 238 324 vj
263 283 355 314 bollis
378 283 412 323 iij
430 282 552 314 ferlotis
568 282 589 322 ij
614 281 717 322 peceis
733 281 889 312 frumenti
913 290 968 321 per
990 279 1112 319 integra

35 342 167 376 “grana
192 333 343 364 frumenti
369 333 477 373 croppi
504 332 581 363 anni
607 331 764 372 presentis
791 330 940 370 computi.
988 329 1118 359 Summa

28 412 31 414 .
72 384 166 425 hujus
181 383 283 414 oneriS
305 386 401 425 patet.
448 383 580 413 Summa
602 380 711 412 totalis
734 380 889 411 frumenti
912 389 986 410 cum
1002 388 1118 409 arrera-

7 456 10 460 ,
28 439 40 472 g
70 433 138 475 giis,
153 432 241 472 xxxij
258 432 361 463 celdre
377 432 412 472 iij
430 431 544 462 ferlote
559 431 581 470 11
599 440 701 471 pecce.

32 479 34 483 ’
113 482 260 522 Expense
282 481 432 521 ejusdem.
479 480 520 510 In
542 479 663 520 primis,
686 478 820 509 allocate
844 476 1043 517 eomputanti
1063 485 1120 516 per

72 530 292 562 liberacionem
315 530 432 560 factam
455 528 594 559 Patricio
617 527 735 568 Purdy,
758 527 878 568 pistori,
902 526 942 557 ad
965 535 1120 566 expensas

25 575 35 594 ³
72 579 222 612 domicilii
237 579 317 620 regis
334 581 366 609 et
381 578 516 608 intratas
539 577 574 608 in
589 577 680 608 libris
703 576 861 607 dietarum
885 585 903 606 a
918 575 1021 616 primo
1037 574 1058 605 J
1062 574 1121 604 ulii

71 628 225 661 inclusive
240 627 316 658 anni
331 630 388 658 etc.
405 626 595 667 sexagesimi
615 625 739 666 septimi
759 635 859 665 usque
875 625 909 655 in
933 624 1120 655 vicesimum

72 678 163 710 Junii
178 677 253 709 anni
268 681 325 708 etc.
342 676 530 717 sexagesimi
547 675 651 707 octavi
674 675 774 706 eciam
797 675 963 711 inclusive,
979 677 1016 704 ut
1031 677 1120 714 patet

18 722 47 772 ,ζ’
71 728 107 759 111
121 727 212 759 dictis
232 727 321 758 libris
342 725 577 767 particulariter
600 725 790 756 examinatis
814 734 909 764 super
925 726 1120 764 computum,

8 789 40 805 ⁴
72 777 148 809 xxix
164 776 267 808 celdre
283 786 305 806 x
320 775 403 807 holle
416 776 437 816 ij
455 775 576 806 ferlote.
621 775 664 805 Et
680 774 791 810 eidem,
808 783 864 814 pro
880 773 910 803 le
928 772 1012 803 inlae
1028 782 1120 813 gran-

28 820 40 858 ”.’
71 826 129 857 arii
152 826 191 857 de
217 824 381 856 Faucland
408 824 447 855 de
474 834 558 854 anno
585 823 736 864 computi,
764 822 819 862 viij
849 821 940 852 bolle.
987 821 1119 852 Summa

13 897 41 914 ,.-
71 875 166 917 hujus
181 884 326 916 expense,
342 884 409 904 xxx
426 873 530 905 celdre
546 873 566 914 ij
580 873 664 904 holle
679 873 702 913 11
717 872 838 903 ferlote.
883 871 925 902 Et
938 871 984 902 sio
999 873 1120 902 restant

19 935 34 955 ·.
75 925 82 965 j
98 924 202 956 celdra.
217 924 285 979 xiiij
303 923 387 954 bolle
400 923 412 963 j
431 923 545 954 ferlota
561 923 582 963 11
600 932 702 963 pecee

6 1028 42 1084 ιζ
31 1031 82 1068 ,1
97 1035 191 1067 pecca
214 1025 310 1056 brasii
334 1035 390 1066 per
416 1024 574 1065 arreragia
599 1023 708 1054 ultimi
734 1023 877 1063 computi
893 1022 951 1059 sui,
968 1025 1004 1053 ut
1030 1025 1121 1062 patet

57 1078 105 1109 in
119 1077 198 1119 pede
214 1077 365 1118 ejusdem.
411 1076 543 1107 Summa
555 1079 652 1117 patet.
699 1075 792 1111 Item,
804 1074 890 1105 idem
902 1076 1012 1105 onerat
1028 1083 1061 1104 se
1073 1073 1118 1113 lxj

10 1122 14 1127 ’
72 1126 184 1158 eeldn‘s
200 1127 231 1167 xj
249 1126 342 1157 bollis
358 1125 455 1157 brasii
470 1135 546 1156 cum
561 1125 660 1156 tercia
675 1127 765 1165 parte
793 1123 900 1155 ferloti
917 1133 974 1164 per
998 1123 1121 1163 integra

5 1158 49 1201 ἵ
71 1186 168 1218 grana
179 1176 273 1208 brasii
284 1175 362 1206 dieti
374 1175 554 1206 comitatus.
593 1174 725 1205 Summa
737 1174 841 1204 oneris
852 1176 950 1214 patet.
989 1173 1122 1203 Summa

72 1225 177 1257 totalis
188 1224 285 1261 hrasii
296 1234 369 1255 oum
381 1223 554 1265 arreragiis,
564 1223 701 1263 lxxxviij
714 1222 817 1254 eeldre
830 1232 873 1253 xv
886 1221 969 1253 holle
979 1222 991 1262 1
1005 1221 1118 1252 ferlota

71 1274 85 1316 j
101 1280 197 1316 pecca
211 1284 285 1305 cum
297 1273 396 1304 tercia
410 1276 500 1314 parte
512 1272 627 1304 ferloti.

119 1324 166 1355 De
181 1323 306 1364 quibus,
319 1322 454 1354 alloeate
469 1324 675 1363 computante
690 1331 747 1362 per
761 1320 985 1351 liberaeionem
1002 1320 1120 1351 factam

73 1373 293 1410 brasiatoribus
323 1372 445 1404 domini
468 1372 551 1413 regis
574 1382 592 1403 a
615 1374 730 1412 quarto
754 1371 776 1402 J
780 1370 837 1401 11111
861 1370 1019 1401 inclusive
1045 1370 1121 1401 anni

74 1425 130 1455 etc.
152 1422 339 1464 sexagesimi
362 1422 492 1462 septimi
507 1432 608 1462 usque
631 1421 665 1452 in
689 1421 840 1462 quintum
864 1420 885 1451 J
888 1420 948 1450 ulii
970 1420 1047 1450 anni
1063 1423 1120 1451 etc.

75 1471 258 1513 sexagesimi
273 1471 378 1503 octavi
393 1471 492 1502 eciam
509 1470 675 1507 inclusive,
691 1470 846 1500 intratam
861 1469 895 1500 in
912 1469 1001 1500 libris
1017 1469 1118 1500 dieta-

74 1529 144 1553 rum
158 1521 197 1552 ad
213 1531 366 1562 expensas
382 1520 536 1552 domicilii
553 1520 676 1551 domini
691 1520 782 1561 regis,
794 1523 832 1550 ut
847 1521 937 1560 patet
952 1519 986 1549 in
1002 1519 1122 1550 eisdem

74 1570 162 1602 libris
176 1570 413 1612 particulariter
428 1569 619 1601 examinatis
635 1579 730 1610 super
745 1571 940 1609 computum,
952 1568 999 1609 1111
1017 1568 1122 1599 celdre

15 1613 86 1666 ‘J'fj
101 1619 185 1651 bolla
199 1620 220 1661 ij
238 1619 350 1651 ferlote
367 1619 472 1651 brasii.
519 1619 650 1650 Summa
665 1619 762 1659 hujus
779 1628 917 1659 expense
937 1621 1035 1658 patet.
1080 1617 1123 1648 Et

75 1668 120 1701 sic
133 1672 252 1701 restant
267 1679 356 1700 xxxv
371 1669 476 1700 celdre
493 1669 524 1709 xj
542 1668 626 1699 bolle
642 1668 677 1708 iij
695 1667 808 1699 ferlote
821 1668 834 1708 j
851 1677 955 1708 pecca.

118 1718 209 1756 Item,
223 1718 308 1750 idem
324 1721 435 1749 onerat
450 1728 484 1749 se
499 1717 538 1749 de
564 1717 609 1758 xlj
627 1717 741 1748 eeldris
767 1717 799 1756 xj
816 1716 911 1747 bollis
939 1716 973 1756 iij
998 1715 1121 1746 ferlotis
1136 1719 1255 1750 Avene,

76 1776 244 1799 avenarum
260 1772 292 1800 et
306 1768 345 1799 de
361 1768 382 1808 ij
400 1767 495 1799 bollis
519 1767 637 1798 farrine
659 1765 831 1797 avenatiee.
878 1765 1011 1796 Summa
1026 1764 1122 1805 hujus

27 1816 55 1851 ζ’
76 1816 177 1849 oneris
191 1820 287 1858 patet.

22 1863 32 1907 J
41 1862 57 1894 ἰ’
118 1866 167 1899 De
189 1867 313 1908 quibus,
329 1866 463 1898 allocate
486 1864 686 1906 computanti
712 1874 766 1902 pro
789 1863 854 1894 suis
878 1863 1122 1904 superexpensis

75 1914 164 1947 factis
179 1916 213 1947 111
228 1916 341 1947 ultimo
365 1919 515 1956 computo
531 1925 597 1951 suo,
614 1918 650 1944 ut
673 1917 762 1954 patet
785 1913 818 1943 in
835 1913 915 1953 pede
931 1913 1082 1953 ejusdem,
1098 1913 1119 1953 ij

23 1970 46 2004 ,ἵ
75 1964 177 1997 oeldre
197 1965 232 1996 ix
254 1965 337 1997 bolle
366 1965 400 2006 iij
427 1964 540 1996 ferlote
560 1965 572 2005 1
597 1973 700 2004 pecca.
747 1963 789 1993 Et
811 1972 867 2002 per
896 1961 1121 1992 liberaeionem

76 2013 193 2046 factam
222 2014 327 2047 Alano
365 2015 513 2046 avenario
550 2013 591 2044 ad
629 2012 786 2053 pabulum
810 2021 963 2052 equorum
1000 2011 1122 2041 domini

26 2063 41 2065 ”
76 2063 155 2104 regis
166 2066 198 2095 et
213 2064 411 2101 servitorum,
423 2064 575 2094 intratam
591 2063 625 2093 iu
640 2062 731 2092 libris
744 2061 865 2092 domini
881 2060 972 2101 regis,
985 2071 1003 2091 a
1019 2060 1121 2101 primo

20 2110 37 2137 ’ἶ
71 2111 220 2144 Octobris
250 2113 405 2154 presentis
436 2113 512 2144 anni
546 2122 648 2153 usque
679 2111 713 2142 in
754 2110 942 2142 vicesimum
980 2110 1121 2151 primum

23 1607 30 1614 κ
23 1552 37 1586 ,e
5 1399 49 1539 ἐμῆ-,ω
11 1148 46 1391 ωειλ»
