1551 2462
135 244 225 275 1468.
443 242 603 274 REGUM
627 242 872 274 SCOOEORUM.
1115 245 1154 273 54
1161 244 1176 272 7

131 335 321 376 cipiantibus
344 336 512 367 annuatim
535 335 614 366 duas
639 335 760 366 celdras
785 334 938 366 frumenti
961 334 999 365 de
1027 333 1176 374 thanagio

130 385 282 422 Moravie,
297 385 428 426 dempta
442 385 539 416 tercia
563 385 689 416 domine
712 385 864 426 ejusdem,
879 384 918 415 de
935 394 1018 415 anno
1034 383 1177 424 computi

130 437 163 465 et
185 434 244 465 sub
266 434 406 475 periculo
434 434 657 474 computantis,
677 434 689 474 j
715 433 820 464 celdra
844 444 864 464 v
887 433 971 464 bolle
991 433 1003 473 j
1029 432 1142 463 ferlota
1161 432 1174 472 j

127 493 224 524 pecca
245 484 406 515 frumenti.
451 484 493 514 Et
523 484 635 521 eidem,
658 493 714 524 per
744 483 965 514 vendicionem
991 482 1174 523 quindecim

127 533 304 564 celdrarum
328 534 437 564 decem
460 533 617 564 bollarum
640 533 776 564 duarum
807 533 993 564 ferlotarum
1023 536 1055 563 et
1078 532 1176 563 trium

128 592 294 623 peccarum
305 583 457 614 frumenti
467 583 505 614 de
517 583 679 624 arreragiis
692 583 907 624 computantis
920 593 976 624 per
988 582 1176 624 magistrum

129 632 235 663 David
247 632 379 669 Guthre,
389 636 467 663 tunc
478 636 698 673 computorum
708 632 924 670 rotulatorem,
935 635 966 663 et
976 642 1049 663 cum
1060 632 1176 673 quibus

127 682 269 722 pecuniis
286 685 473 723 computans
490 683 635 723 superius
651 686 808 719 oneratur,
825 693 868 713 xv
883 682 988 713 celdre
1011 693 1032 712 x
1054 682 1137 713 bolle
1153 682 1175 722 ij
1191 678 1354 730 Respotndebit

128 731 237 763 ferlote
264 732 298 773 iij
326 742 420 772 pecce
447 732 608 763 frumenti.
662 733 704 763 Et
735 733 846 769 eidem,
873 742 930 773 per
952 732 1177 763 liberacionem
1191 715 1306 768 gla'iffiiffs
1317 737 1391 760 Vans.

126 781 243 812 factam
258 781 344 812 dicto
360 782 510 822 magistro
534 782 671 813 Patricio
694 782 784 813 Vaus
807 782 847 813 ad
870 784 1010 813 castrum
1026 781 1064 812 de
1080 782 1177 813 Tern-

127 840 198 871 way
213 841 252 862 ex
268 841 363 862 causa
379 831 525 872 superius
541 834 732 872 expressata,
748 834 784 862 ut
799 834 889 872 patet
904 832 938 861 in
949 831 1061 862 cedula
1077 841 1143 868 sua,
1154 831 1176 871 ij

125 879 228 911 celdre
243 891 264 910 x
281 880 372 911 bolle.
419 881 462 911 Et
477 891 533 921 per
555 881 779 912 liberaoionem
797 881 915 912 factam
941 880 1026 911 dicto
1050 880 1179 911 domino

125 929 252 967 Dernle,
269 941 308 961 ex
325 941 420 962 causa
436 931 618 971 prescripta,
635 931 691 972 viij
709 930 792 961 boile
809 929 970 961 frumenti.
1009 930 1051 960 Et
1067 929 1179 967 eidem,

124 979 163 1011 de
179 980 277 1011 firmis
292 984 449 1011 terrarum
462 981 500 1012 de
514 981 753 1018 OucMeralves,
766 991 828 1021 que
843 980 1010 1011 consuevit
1026 980 1100 1011 dare
1117 980 1179 1011 nisi

123 1033 188 1061 tres
217 1030 339 1061 celdras
377 1030 540 1068 frumenti,
571 1030 647 1062 licet
683 1030 805 1061 rentale
841 1030 1003 1061 contineat
1034 1033 1179 1070 quatuor,

123 1083 251 1121 propter
272 1080 413 1121 inopiam
437 1080 621 1111 tenencium
638 1081 676 1111 de
696 1091 779 1111 anno
803 1080 946 1121 computi
962 1082 994 1110 et
1010 1090 1092 1110 auno
1109 1090 1178 1121 pre-

123 1129 254 1161 cedente
268 1129 328 1161 hoc
344 1133 539 1171 computum,
552 1130 573 1171 ij
592 1130 695 1161 celdre
708 1130 870 1161 frumentii
917 1130 1049 1161 Summa
1061 1140 1178 1170 expen-

123 1188 236 1215 sarum,
261 1179 328 1220 xxij
357 1179 460 1211 celdre
487 1180 509 1220 ij
533 1179 623 1211 bolle.
669 1180 711 1210 Et
736 1180 781 1211 sic
808 1182 930 1211 restant
957 1190 978 1210 x
1001 1179 1105 1210 celdre
1122 1179 1177 1219 viij

123 1227 205 1259 bolle
222 1228 243 1268 ij
261 1228 373 1260 ferlote
389 1229 422 1269 iij
440 1239 541 1269 pecce.

165 1277 312 1318 Expense
330 1277 417 1309 ordei
434 1281 466 1309 et
482 1278 601 1309 farrine
624 1279 796 1310 avenatice.
844 1279 884 1309 In
907 1278 1027 1319 primis,
1044 1277 1178 1309 allocate

125 1328 323 1367 computanti
343 1337 399 1368 per
414 1328 635 1359 vendicionem
659 1338 774 1359 novem
791 1328 969 1359 celdrarum
986 1328 1095 1359 decem
1111 1327 1178 1358 bol-

122 1375 225 1407 larum
241 1376 263 1417 ij
281 1377 469 1408 ferlotarum
493 1388 566 1409 cum
582 1379 679 1409 tercia
702 1382 791 1419 parte
815 1378 928 1409 ferlote
944 1378 1031 1409 ordei
1043 1378 1055 1418 j
1074 1377 1178 1408 celdre

123 1424 230 1456 decem
257 1426 417 1457 bollarum
441 1427 463 1468 ij
494 1427 680 1458 ferlotarum
713 1438 786 1458 cum
816 1428 913 1458 tercia
945 1430 1034 1468 parte
1064 1427 1177 1458 ferlote

122 1475 238 1506 farriae
254 1476 425 1507 avenatice
441 1477 653 1514 venditarum7
664 1477 748 1508 dicto
761 1477 961 1518 computanti
974 1477 1176 1508 venditarum

123 1534 178 1565 per
193 1525 315 1557 dictum
337 1527 524 1567 magistrum
543 1527 657 1563 David,
670 1527 703 1557 in
720 1527 848 1567 plenam
865 1527 1060 1558 solucionem
1076 1527 1175 1558 dicto-

122 1584 191 1605 rum
208 1575 407 1612 victualium,
424 1576 456 1617 xj
475 1576 578 1607 celdre
594 1587 615 1606 v
631 1576 714 1607 bolle
729 1577 740 1616 j
759 1576 872 1608 ferlota
890 1577 911 1617 ij
930 1587 1024 1617 pccce
1040 1576 1126 1607 ordei
1143 1579 1176 1606 et

126 1623 242 1656 farrine
259 1626 431 1656 avenatice.
477 1626 519 1656 Et
532 1626 644 1663 eidem,
653 1636 710 1667 per
721 1626 945 1657 liberacionem
959 1626 1076 1657 factam
1089 1625 1174 1656 dicto

123 1674 273 1715 magistro
290 1675 434 1706 Patricio
451 1675 548 1712 Vaus,
562 1676 574 1716 j
592 1675 697 1707 celdra
713 1675 816 1706 brasii.
862 1675 905 1706 Et
920 1675 1005 1706 dicto
1022 1675 1173 1716 magistro

122 1722 267 1761 Patricio,
291 1724 330 1765 iij
357 1724 441 1755 bolle
465 1725 589 1755 farrine.
636 1725 677 1755 Et
701 1725 785 1755 dicto
809 1725 937 1755 domino
960 1725 1090 1761 Dernle,
1115 1724 1170 1764 viij

121 1772 203 1805 bolle
227 1774 330 1805 brasii.
375 1774 418 1805 Et
441 1774 553 1811 eidem,
576 1785 632 1814 pro
656 1774 780 1805 factura
803 1777 873 1805 octo
889 1774 1066 1805 celdrarum
1084 1774 1172 1805 ordei

119 1821 154 1853 in
180 1823 291 1860 brasio,
319 1834 357 1854 ex
383 1824 638 1855 consideracione
663 1824 844 1854 auditorum
868 1824 908 1854 ad
933 1834 1062 1864 presens
1089 1823 1170 1854 dun-

119 1875 216 1910 taxat,
232 1873 287 1914 viij
305 1873 388 1904 bolle
404 1874 498 1905 ordei.
546 1874 677 1904 Summa
692 1883 912 1913 expensarum,
925 1873 980 1913 xiij
993 1873 1095 1903 celdre
1111 1873 1168 1913 viij

119 1920 201 1953 bolle
213 1922 225 1963 j
244 1922 357 1953 ferlota
372 1923 394 1964 ij
412 1933 513 1963 peace.
560 1923 601 1953 Et
617 1923 661 1953 sic
679 1925 799 1953 restant
815 1932 834 1952 v
851 1922 954 1953 celdre
971 1923 1014 1963 xij
1033 1922 1116 1953 boile
1132 1922 1166 1963 iij

119 1969 229 2002 ferlote
245 1971 349 2003 brasii.
396 1973 509 2003 Avene
525 1975 647 2003 restant
662 1972 696 2002 in
712 1975 786 2002 toto.

163 2020 253 2052 Idem
269 2023 379 2052 onerat
394 2032 427 2052 se
445 2021 478 2052 in
490 2022 610 2062 primis,
623 2021 661 2053 de
675 2021 730 2062 xiij
742 2021 854 2052 martis
866 2025 898 2052 et
911 2021 966 2062 xiij
980 2022 1165 2053 mutonibus
1180 2021 1293 2054 Marte.

119 2077 174 2109 per
189 2071 345 2111 arreragia
360 2071 468 2102 ultimi
484 2070 627 2111 computi
643 2070 701 2107 sui,
718 2074 754 2101 ut
770 2073 858 2111 patet
873 2071 907 2101 in
923 2071 1002 2111 pede
1015 2072 1164 2112 ejusdem.

117 2117 247 2150 Summa
261 2123 358 2160 patet.

165 2167 257 2206 Item,
283 2169 367 2200 idem
398 2173 508 2201 onerat
538 2179 571 2201 se
597 2170 636 2201 de
667 2169 698 2208 vj
727 2169 899 2210 rynmartis
930 2170 961 2209 vj
992 2175 1166 2212 rynmuton
