1551 2462
122 240 213 271 1463.
431 215 593 271 REGUM
617 238 862 271 SCOTORUM.
1107 241 1164 269 161

469 685 642 717 ccxxm
661 685 845 727 [conv]

201 797 415 830 OOMPUTA
437 798 687 830 FIRMARUM
709 798 892 830 DOMINE
914 797 1091 829 REGINE.

599 909 691 941 1463.

165 1014 365 1046 Scaccarium
395 1014 594 1046 serenissime
624 1014 812 1056 principisse
843 1017 875 1046 et
905 1014 1032 1046 domine
1062 1018 1170 1047 nostre

121 1064 248 1096 domine
272 1063 376 1095 Marie
400 1064 509 1105 regine
534 1064 650 1101 Scocie,
674 1067 802 1095 tentum
820 1064 906 1105 apud
924 1064 1114 1106 Edinburgh
1137 1067 1170 1096 et

121 1113 307 1145 inchoatum
322 1113 473 1144 vicesimo
489 1113 626 1153 septimo
642 1113 693 1144 die
708 1113 828 1144 mensis
844 1114 866 1145 J
868 1114 924 1144 ulii
937 1124 1020 1145 anno
1035 1114 1167 1146 Domini

120 1162 290 1193 millesimo
307 1162 619 1203 quadringentesimo
635 1163 831 1203 sexagesimo
847 1163 952 1194 tercio.

164 1274 357 1314 Compotum
372 1271 514 1313 magistri
530 1272 660 1303 Andree
679 1272 779 1313 Lyell,
796 1274 960 1305 camerarii
976 1274 1015 1305 de
1030 1274 1121 1306 Marr
1136 1277 1168 1306 et
1181 1276 1270 1307 Marr
1286 1279 1318 1307 et

121 1322 289 1359 Garviach,
307 1322 515 1362 [Edinburqh‚
530 1322 602 1352 said
616 1322 695 1360 date,
699 1322 790 1362 from
805 1323 826 1354 9
841 1322 967 1363 Auyust
982 1324 1091 1365 1462]
1181 1319 1350 1352 Garviaeh.

163 1373 206 1404 In
235 1372 355 1413 primis,
386 1374 572 1412 compotans
602 1375 713 1402 onerat
739 1382 772 1403 se
796 1372 835 1403 (16
863 1371 923 1413 jcxj
955 1373 986 1403 fi.
1015 1373 1037 1414 ij
1063 1378 1085 1405 s.
1112 1384 1169 1415 per

119 1422 258 1462 integras
283 1421 389 1451 firmas
416 1420 546 1451 baronie
571 1420 610 1451 de
637 1420 788 1452 Strathde
816 1421 987 1453 comitatus
1011 1422 1051 1453 de
1076 1422 1169 1454 Mari·

120 1471 160 1503 de
182 1471 305 1502 duobus
332 1470 478 1501 terminis
502 1469 598 1510 hujus
625 1470 774 1512 compoti.
821 1470 914 1502 Idem
939 1475 1050 1502 onerat
1073 1481 1106 1503 se
1129 1472 1168 1503 de

117 1519 235 1562 j⁰lxviij
266 1520 298 1551 fi.
324 1519 370 1560 iiij
396 1523 419 1551 s.
445 1519 502 1560 viij
534 1519 562 1550 d.
589 1529 646 1560 per
670 1519 813 1560 integras
834 1519 940 1551 firmas
968 1520 1102 1553 dominii
1129 1522 1168 1553 de

121 1569 338 1602 Strathdonne
360 1569 447 1600 infra
469 1568 592 1600 dictum
613 1569 804 1600 comitatum
830 1569 870 1601 de
892 1569 987 1601 dictis
1013 1571 1167 1603 terminis.

0 1615 13 1663 Ξ
119 1620 162 1651 Et
188 1619 227 1650 de
253 1619 366 1659 lxxxxj
394 1618 420 1649 11
454 1618 510 1649 xix
537 1622 560 1649 s.
588 1628 646 1659 per
671 1619 811 1660 integras
838 1619 946 1651 firmas
970 1620 1105 1652 dominii
1129 1621 1169 1653 (16

0 1668 10 1707 ἱ
119 1669 251 1701 Cromar
266 1669 345 1700 dicti
360 1668 531 1699 comitatus
548 1667 586 1699 de
610 1667 704 1699 dictis
727 1669 881 1699 terminis.
924 1669 1056 1701 Summa
1071 1669 1168 1711 hujus

0 1711 15 1752 [³3
63 1720 69 1725 ”
121 1719 225 1751 oneris
240 1718 349 1750 totalis
365 1718 536 1750 comitatus
551 1718 591 1749 de
607 1718 689 1755 Mar,
705 1716 820 1759 iij⁰lxxj
838 1717 869 1749 fi.
886 1729 908 1750 v
923 1722 946 1751 ἔ.
962 1719 1019 1760 viij
1036 1719 1064 1751 d.

0 1766 14 1811 'f
164 1771 257 1808 Item,
279 1770 364 1801 idem
388 1773 499 1801 onerat
519 1779 553 1801 se
575 1769 615 1801 de
638 1779 706 1800 xxx
728 1769 760 1800 Π.
785 1769 825 1801 (16
839 1770 939 1801 firmis
955 1774 1113 1803 terrarum
1128 1771 1168 1804 de

0 1818 17 1846 ‘l'
120 1819 347 1852 Dornoschelis
362 1820 396 1850 in
412 1820 566 1851 comitatu
582 1819 621 1850 de
645 1818 804 1850 Garviaoh
828 1819 868 1850 de
883 1819 1007 1851 duobus
1022 1821 1168 1853 terminis

0 1845 34 1907 Ξ)
120 1869 217 1911 hujus
233 1869 379 1911 compoti.
424 1869 468 1900 Et
490 1868 529 1900 de
544 1869 590 1909 iiij
612 1868 644 1899 fi.
668 1867 845 1900 molendini
860 1868 1004 1910 ejusdem
1019 1869 1059 1901 de
1073 1870 1169 1902 dictis

0 1944 18 1975 2¹
120 1919 273 1951 terminis.
318 1918 362 1950 Et
385 1917 425 1949 de
448 1917 494 1958 liij
521 1922 543 1949 Ξ.
568 1917 614 1958 iiij
639 1917 668 1948 d.
686 1918 725 1949 de
742 1918 842 1949 firmis
866 1918 905 1949 de
929 1918 1062 1950 Harlaw
1083 1919 1169 1952 infra

0 1971 15 1989 *¹
121 1968 244 2000 dictum
264 1967 451 1999 comitatum
467 1967 506 1999 de
529 1967 624 1999 dictis
647 1968 800 1999 terminis.
846 1968 888 1998 Et
910 1968 950 1999 de
972 1968 1004 2009 vj
1021 1968 1052 1999 112
1070 1969 1126 2009 xiij
1143 1973 1167 2001 ἓ.

121 2018 167 2059 iiij
184 2018 213 2049 (Ἰ.
237 2017 276 2049 (16
292 2017 392 2048 firmis
415 2017 454 2048 de
476 2016 619 2048 Warthil
635 2016 674 2048 de
691 2017 785 2049 dictis
802 2018 958 2048 comitatu
970 2021 1002 2048 et
1014 2019 1166 2052 terminis.

121 2067 164 2098 Et
184 2067 223 2098 de
239 2077 261 2097 x
282 2067 314 2097 11.
338 2067 378 2098 de
400 2067 500 2098 firmis
524 2066 563 2098 (16
586 2066 789 2098 Rothmurial
812 2067 851 2098 de
872 2066 992 2098 eisdem
1013 2068 1166 2100 terminis.

121 2117 165 2148 Et
181 2116 221 2147 de
239 2117 273 2147 ix
296 2115 329 2147 fi.
353 2116 375 2157 ij
401 2120 424 2148 ἔ.
449 2116 489 2148 (16
513 2116 612 2147 firmis
631 2116 670 2148 de
689 2116 822 2148 Ardune
847 2119 879 2147 et
902 2116 1168 2150 Buchanestoune

122 2176 196 2199 cum
211 2166 395 2199 molendino
418 2166 457 2199 de
479 2167 575 2199 dictis
599 2167 727 2199 duobus
750 2166 904 2198 terminis.
951 2167 994 2198 Et
1013 2167 1053 2199 de
1069 2168 1113 2209 xij
1131 2168 1162 2199 11.

163 2223 304 2248 VOL.VI1.
1019 2224 1038 2247 ι,

0 2431 33 2462 ³¹¹5.
0 2394 30 2426 ,μὴν
0 2306 34 2387 (ιη,
0 2035 36 2297 κςῃνι-ιξηετᾎταᾼ
0 1985 27 2026 51„
